3316 5482
280 352 374 403 emo.
392 351 476 403 sor.
495 350 612 400 roms.
632 370 678 382 -
694 350 848 401 arroso.
867 351 914 401 ao
931 350 1011 401 coo.
1030 349 1106 403 sesa.
1237 337 1307 403 325

61 523 146 592 jussit
157 523 269 577 beatum
290 519 452 574 iioscellum
473 518 524 573 sibi
543 522 607 572 ante
619 518 739 572 tribunal
754 519 862 573 adduci.
877 521 999 586 cumque
1016 524 1100 574 staret
1115 521 1212 575 heatus
1224 521 1302 576 Flos-

66 621 155 677 reilus
166 624 231 674 ante
243 619 421 686 praetectum,
435 617 503 672 dixit
520 630 630 684 praeses
648 617 820 671 astantibus:
835 618 904 672 Non
915 617 1073 673 credatis*
1085 620 1166 687 qnod
1181 620 1224 674 ad
1234 621 1301 674 oin·
1345 628 1456 682 wora,

66 722 189 777 dietam
208 722 347 774 uestram
367 717 444 773 laec
461 717 581 772 uenerit
596 717 723 784 pluuia.
741 717 871 784 Tempus
891 720 937 771 est
953 731 1089 787 namque
1106 720 1186 787 quod
1203 720 1302 787 eaiqit
1340 693 1461 748 “editis-

61 821 239 892 pluviam
261 822 340 874 luna
361 819 475 887 quippe
494 819 606 872 octava
626 817 747 872 decim
769 817 954 872 immensam
972 817 1028 873 dat
1042 819 1200 886 pluriam.
1214 821 1305 876 lictor

28 925 49 978 5
65 922 218 977 riosceuus
229 921 297 974 dixit
310 936 317 973 ι
329 920 390 988 Bao
410 930 556 987 coenosae
579 919 677 971 Deum
688 929 791 971 meum
803 917 837 970 in
850 916 991 972 omnibus
1010 918 1196 989 adjutorem,
1208 932 1308 989 neque

66 1021 185 1090 dubito,
197 1020 252 1076 sed
268 1019 490 1075 incunctanter
501 1017 575 1086 scio,
583 1019 717 1085 propter
727 1016 790 1071 mei
800 1029 929 1071 eausam
941 1016 1043 1086 fuisse
1055 1017 1137 1073 hanc
1143 1020 1302 1086 pluuium.

103 1123 154 1175 14.
167 1123 297 1175 Bremens
310 1118 392 1188 igitur
402 1117 533 1172 dentibus
550 1118 602 1171 hoc
619 1116 713 1170 audito
732 1129 852 1183 praeses,
862 1116 945 1182 jussit
960 1117 1051 1171 clavos
1073 1116 1103 1171 in
1117 1119 1214 1185 palmis
1231 1120 1303 1174 beati
1372 1187 1373 1190 Ἴ

66 1221 198 1277 Bloseeiii
216 1218 313 1289 contigi
331 1224 413 1286 atque
426 1219 454 1271 in
474 1219 568 1286 lingua
586 1218 656 1284 cjus,
669 1218 765 1271 dicens
778 1238 784 1267 z
798 1218 844 1271 Ne
860 1217 997 1284 amplius
1011 1219 1115 1286 possit
1130 1220 1303 1275 adversus·
1320 1221 1486 1276 'adversum

64 1333 126 1376 nos
137 1323 167 1374 et
180 1320 383 1388 imperatores
400 1319 522 1372 nostros
542 1318 635 1385 loqui.
654 1316 805 1370 Floseelius
823 1321 916 1370 autem
934 1321 1044 1371 sanctus
1062 1317 1150 1370 dixit:
1171 1319 1301 1373 Benedi·
1370 1292 1396 1357 ’ν
1409 1292 1435 1343 5·

10 1424 50 1478 iti
66 1423 137 1478 etus
149 1422 229 1476 Deus
241 1433 335 1487 meus,
349 1419 404 1487 qui
421 1420 549 1473 corortat
556 1419 709 1484 paruulos
727 1429 807 1472 suos.
821 1418 898 1470 'lune
915 1422 1026 1472 vocatos
1038 1418 1178 1472 maleficus
1190 1419 1303 1474 confixit

66 1521 99 1575 in
114 1519 211 1588 pahnis
223 1525 251 1574 ct
263 1520 292 1572 io
307 1519 401 1587 lingua
413 1519 484 1572 beati
498 1517 624 1571 Floseelii
636 1517 728 1571 clavos
745 1521 821 1569 extra
833 1515 977 1571 civitatem.
991 1520 1067 1571 luno
1083 1517 1169 1572 victor
1187 1519 1304 1573 Floscei-

65 1619 114 1674 lus
126 1619 245 1673 maxime
256 1621 311 1672 ileo
328 1618 427 1687 gratias
442 1631 523 1687 agere
541 1617 639 1684 coepit,
652 1617 748 1671 dicens
761 1631 768 1670 :
782 1617 942 1685 Bepletum
958 1618 1004 1670 est
1017 1617 1134 1686 glaudio
1151 1631 1184 1671 os
1201 1631 1303 1673 meum

66 1720 99 1774 et
112 1717 222 1786 linqua
234 1729 303 1771 mea
314 1716 517 1771 eanttatione.
531 1716 645 1769 iiictavit
656 1719 748 1769 autem
761 1716 887 1783 scriptori
898 1716 996 1770 beatus
1014 1716 1162 1770 rioscellus
1179 1717 1229 1771 hos
1248 1731 1304 1772 ser·

66 1830 176 1880 mones,
190 1830 259 1885 quos
271 1817 389 1883 scriptor
400 1817 429 1868 in
441 1820 516 1870 carta
528 1816 562 1869 de
580 1816 713 1883 sanguine
731 1817 790 1882 ejus
809 1815 926 1882 scripsit,
937 1820 964 1869 et
980 1815 1124 1883 alloquens
1136 1829 1167 1870 ac
1181 1816 1304 1872 hilariter

10 1918 47 1974 iii
64 1917 228 1972 confortans
240 1917 474 1981 circumastantes,
486 1915 594 1968 dicebat
607 1931 613 1967 :
627 1914 718 1968 Beati
729 1915 844 1968 mundo
855 1914 956 1980 corde,
971 1914 1119 1982 quoniam
1128 1915 1191 1983 t'psi
1207 1917 1303 1970 mum

63 2015 226 2071 videbunt.
239 2015 330 2069 Beati
341 2015 509 2070 caritatem
522 2012 666 2067 tabentes
681 2026 744 2066 non
756 2014 873 2082 fictam.
887 2013 979 2067 Beati
989 2013 1216 2083 misericordes,
1230 2028 1302 2084 quo-

63 2116 158 2171 niam
170 2114 233 2184 ipsi
243 2113 495 2169 misericordiam
506 2114 740 2180 consequentur.
752 2112 844 2166 Beati
854 2112 911 2180 qui
921 2112 1226 2169 abrenuntiaverunt
1237 2127 1302 2169 sae·

63 2216 149 2282 cula,
158 2215 234 2282 qum
242 2215 426 2281 centuplum
435 2213 589 2280 munient
601 2212 635 2264 in
644 2224 737 2279 rayno
747 2212 811 2265 Dei.
822 2212 914 2267 Beati
924 2212 980 2280 qui
990 2213 1179 2281 confitemur
1191 2216 1298 2283 Deum

65 2314 146 2384 quia
157 2316 188 2368 et
207 2314 309 2368 Filius
330 2312 527 2381 confitebitur
547 2324 598 2366 eos
609 2324 716 2367 coram
727 2311 825 2365 Patre
843 2325 901 2365 suo
913 2312 947 2364 in
966 2324 1061 2378 regma
1073 2326 1139 2367 sua.
1154 2314 1220 2367 cum
1233 2314 1300 2367 haec

10 2418 48 2473 lt)
64 2414 167 2469 beatus
180 2413 330 2467 Floscciius
343 2411 510 2479 decantaret,
524 2411 680 2464 nuntiatum
693 2414 734 2464 est
744 2409 897 2464 valeriano.
909 2410 958 2474 Qui
969 2416 1066 2465 vocato
1078 2411 1112 2465 ad
1126 2425 1154 2465 se
1167 2411 1301 2478 malefico,

65 2513 140 2567 dixit
161 2528 169 2565 t
191 2511 355 2566 Puniendo
377 2523 426 2565 me
445 2509 600 2578 amrium
616 2521 691 2563 nam
706 2521 770 2563 non
787 2508 860 2563 bane
882 2510 1024 2577 linquam
1042 2510 1213 2565 seductoris
1233 2523 1301 2566 eon-

65 2612 183 2683 floeisti,
204 2611 281 2680 quia
297 2624 418 2678 semper
429 2610 585 2678 populum
604 2609 751 2663 seducens
772 2609 955 2676 alloquitur.
978 2609 1026 2662 cui
1048 2608 1189 2663 ntaleflcus
1204 2612 1302 2678 jurans

65 2712 142 2766 dixit
155 2729 162 2764 :
175 2712 238 2765 Per
255 2711 400 2764 uirtutem
413 2710 549 2776 aramum,
563 2708 654 2763 erede
670 2707 758 2775 milti,
772 2708 920 2775 quoniam
927 2709 1005 2774 plus
1023 2721 1116 2776 quam
1130 2709 1303 2764 solebamus

65 2811 148 2867 alin
160 2810 346 2866 christianis
365 2811 471 2864 clauos
488 2809 523 2861 in
546 2807 673 2876 linqua·
684 2807 752 2873 mus
772 2808 878 2876 instari.
892 2809 1002 2861 Verum
1009 2821 1104 2876 pasco
1121 2812 1157 2862 ut
1169 2810 1300 2877 aliquod
1389 2824 1426 2879 gu

10 2917 49 2971 ις
66 2909 152 2965 miii
166 2923 264 2978 pecus
284 2909 478 2976 adducatur,
501 2910 655 2975 quatenus
678 2907 742 2974 ipsi
765 2907 872 2961 taliter
897 2908 998 2962 clavis
1020 2908 1175 2975 impositis
1197 2909 1303 2963 ridere
1387 2917 1395 2944 ²

68 3012 181 3066 valeas
202 3013 232 3064 si
253 3010 356 3063 vicere
365 3009 491 3076 poterit.
506 3010 536 3061 Bt
558 3008 688 3061 continuo
702 3013 795 3061 taurus
816 3007 950 3061 adductus
970 3021 1033 3061 cum
1054 3007 1177 3062 ooniitus
1194 3009 1302 3077 suisset,

69 3116 197 3166 manuus
210 3111 239 3163 in
252 3115 353 3164 terram
364 3108 473 3163 cecidit.

110 3211 161 3264 15.
174 3213 290 3277 Accepto
303 3221 366 3262 vero
387 3209 585 3275 experimento,
599 3206 753 3262 maleficum
772 3222 886 3274 praeses
906 3208 1019 3275 dimisit,
1033 3213 1060 3262 et
1079 3211 1118 3262 ait
1131 3226 1137 3263 :
1150 3211 1304 3265 intromit-

70 3309 280 3363 taturaanos
298 3309 467 3363 Floscellus
485 3321 525 3362 eoo
543 3307 651 3376 officio.
665 3309 730 3361 dum
750 3321 814 3376 ergo
831 3309 951 3361 venisset
968 3313 995 3361 et
1012 3313 1096 3362 staret
1112 3314 1176 3363 ante
1188 3310 1305 3363 valeria·

10 3413 46 3466 iil
66 3422 147 3473 num,
159 3407 228 3461 dixit
239 3408 274 3461 ad
286 3421 350 3461 eum
364 3408 520 3461 valerianus
536 3429 542 3458 ι
563 3408 716 3475 usquequo
730 3409 892 3462 tormentis
905 3407 1044 3476 afficiam
1056 3410 1092 3477 te,
1107 3422 1124 3463 o
1137 3409 1304 3465 Floscellet

69 3506 179 3563 Adhuc
191 3509 220 3561 te
237 3507 345 3562 hortor
363 3511 399 3561 ut
416 3507 530 3561 audias
544 3520 601 3573 me,
614 3510 643 3560 et
654 3507 732 3561 dabo
745 3507 801 3560 tibi
817 3508 981 3561 consilium
989 3521 1049 3575 per
1061 3510 1141 3576 quod
1147 3510 1250 3577 possis
1262 3511 1305 3564 ad

70 3609 197 3663 ueniam
210 3608 323 3675 uenire,
337 3608 457 3662 seilicet
477 3610 513 3661 ut
524 3607 666 3661 immoles
683 3607 755 3660 aiis.
771 3608 805 3660 Si
821 3620 892 3676 ereo
909 3621 958 3661 me
973 3621 1038 3662 non
1055 3610 1208 3679 audieris,
1221 3611 1304 3665 scias

72 3711 103 3762 te
120 3707 319 3776 arauiorilus
337 3705 499 3761 tormentis
516 3719 582 3759 esse
602 3705 811 3772 afficiendum.
834 3707 923 3759 victor
945 3707 1094 3761 Bioscellus
1118 3709 1156 3761 ait
1176 3724 1183 3761 :
1205 3710 1306 3765 Miror

72 3809 249 3876 quarelam
261 3807 405 3859 seuereet
422 3803 593 3859 crudeliter
604 3804 714 3858 duras.
727 3805 790 3858 Per
809 3804 916 3858 omnia
927 3804 1018 3873 siano
1040 3805 1219 3874 quaefacta
1230 3812 1305 3863 sunt

16 3912 55 3963 iii
72 3906 226 3973 uictnscs,
239 3908 269 3958 et
281 3903 384 3958 adim
404 3917 467 3958 non
487 3904 646 3957 mutaris?
661 3903 773 3957 oredo·
785 3905 834 3957 vel
852 3917 937 3958 nunc
958 3904 992 3956 in
1012 3904 1118 3959 Jesum
1133 3906 1300 3977 Christum,
1315 3923 1423 3977 «οηᾱρ
1436 3924 1462 3988 2,
1474 3923 1500 3976 3,

72 4006 223 4075 quianon
243 4004 377 4058 insanio.
392 4004 462 4058 Non
484 4004 568 4056 enim
588 4003 805 4071 derelinquere
819 4005 913 4057 ileum
932 4019 1033 4059 meum
1048 4008 1167 4074 potero,
1180 4009 1237 4075 qui
1255 4021 1305 4063 me

74 4104 218 4160 liberabit
235 4117 256 4157 α
275 4103 435 4158 tormentis
456 4103 531 4170 tuis,
544 4114 642 4170 neque
660 4103 825 4157 immolabo
838 4104 1011 4159 damnantis
1022 4122 1031 4172 ;
1043 4107 1097 4160 sect
1118 4106 1305 4161 invocouni·

69 4205 211 4274 aenitum
223 4204 327 4273 filium
340 4203 397 4256 Dei
413 4202 615 4270 crucifixum,
630 4203 780 4269 quoniam
791 4203 858 4270 ipse
874 4203 955 4257 milti
976 4205 1117 4272 linquam
1135 4219 1236 4260 meam
1258 4222 1303 4262 re·

71 4305 186 4373 stituit,
201 4316 281 4371 quae
298 4303 360 4356 tuis
369 4301 537 4371 perforata
548 4302 687 4356 stimulis
698 4315 761 4357 non
769 4303 874 4370 potuit
886 4303 1100 4359 obmutescere.
1114 4306 1158 4359 tit
1169 4319 1280 4372 praeses
1295 4325 1301 4361 :

18 4410 55 4462 to
71 4402 272 4460 Detestabilis
287 4415 370 4471 puer
388 4414 429 4468 es,
443 4401 516 4468 quio
531 4414 552 4455 a
570 4401 713 4469 malefico
733 4406 935 4469 compunctus
961 4404 1101 4470 aratiam
1120 4404 1176 4458 tibi
1185 4407 1194 4427 ·
1207 4419 1227 4459 a
1243 4408 1303 4463 Deo
1350 4419 1418 4473 wei
1430 4420 1456 4470 e,

73 4510 125 4560 tao
133 4503 325 4573 praestitam
337 4502 427 4556 dicis.
438 4503 528 4556 Nunc
540 4502 604 4557 scio
616 4502 692 4569 quia
705 4504 788 4555 Deus
799 4504 874 4555 tirus
887 4516 999 4571 manus
1008 4507 1061 4571 est,
1073 4504 1127 4571 qui
1137 4505 1236 4558 aliam
1248 4506 1305 4559 lin·

69 4618 169 4675 auam
180 4603 267 4658 dedii
288 4601 353 4655 tibi.
365 4601 438 4655 lam
459 4613 530 4656 vero
550 4601 626 4655 scito
647 4601 795 4668 quoniam
806 4603 956 4668 araviora
969 4602 1024 4656 noi
1031 4602 1235 4670 parabuntur
1248 4607 1306 4659 tor·
