3316 5482
208 101 253 166 90
547 117 672 170 cerco.
691 118 793 169 sonu.
811 120 987 172 usercae.
1005 121 1086 172 aar.

208 306 273 348 non
283 295 449 363 reliquerit
461 296 567 350 omnio
580 310 660 364 quoe
665 297 816 366 possidet,
829 310 892 352 non
903 300 1006 366 potest
1018 311 1105 353 nwus
1124 310 1190 352 ease
1206 299 1397 368 disciputus,
1410 300 1449 354 et

208 392 262 446 alio
277 393 337 446 loeo
351 409 358 445 ε
372 393 467 449 Nemo
472 394 627 463 propheto
638 399 780 464 receptos
791 399 837 450 est
845 397 915 451 sine
923 395 1112 452 honorenisi
1119 397 1155 450 in
1161 397 1277 466 patria
1287 412 1359 468 suo,
1370 400 1446 455 haee

207 495 235 544 et
245 496 336 544 cetera
349 492 537 559 huiuscemodi
549 495 648 548 similia
658 495 756 549 heatus
776 495 903 549 sacerdos
915 497 1086 561 observabat,
1100 503 1126 550 et
1147 502 1246 550 cuncta
1267 511 1340 565 quae
1351 498 1439 565 possi·

208 589 291 644 debat
302 591 473 658 relinquens.
492 594 674 660 supradictam
686 596 783 648 urbem
804 601 832 648 et
844 596 1012 649 territorium
1032 602 1175 663 expetens,
1188 602 1216 650 et
1233 597 1363 663 primitus
1375 610 1439 652 cum

208 689 365 743 beatissimo
385 691 444 745 viro
461 697 571 746 sanctae
591 693 716 763 religioni
737 694 829 750 dedito
851 694 965 762 Leporio
986 695 1063 748 urbis
1089 695 1306 762 liaurigenensis
1323 696 1359 762 (l)
1381 697 1439 764 epi·
1475 728 1479 739 ·

209 800 292 855 scopo
302 789 348 854 (i),
358 791 436 856 eujus
448 797 573 845 sanetum
585 806 684 860 corpus
696 794 725 846 in
737 794 796 860 ipsa
808 794 873 847 sede
885 793 1047 847 collocatum
1060 807 1122 847 esse
1133 793 1273 848 eredimus
1284 799 1313 848 et
1323 808 1441 849 venera·

208 890 362 967 manlium
382 895 453 944 esset
473 892 501 944 in
522 893 586 945 villa
606 906 665 959 sua,
678 906 750 960 quae
770 894 905 947 ltiliciano
926 898 1038 947 vocatur
1055 895 1099 960 (3),
1120 893 1297 948 beatissimus
1318 895 1391 962 Aper
1404 894 1439 950 ad

209 987 297 1053 ipsum
311 988 433 1058 veniens,
444 995 472 1044 et
481 997 603 1045 mutuam
613 993 778 1047 locutionem
792 995 864 1046 inter
873 1007 903 1046 se
913 993 1055 1059 hahentes,
1065 993 1143 1060 petiit
1153 1001 1185 1046 ut
1191 992 1226 1047 de
1237 1006 1288 1047 suo
1298 994 1440 1048 territorio

209 1098 272 1138 eum
284 1087 392 1155 ditaret,
405 1090 452 1143 ulii
464 1091 590 1144 cellulam
607 1092 659 1145 sini
672 1098 844 1146 construeret
855 1098 883 1147 et
895 1093 1097 1160 receptaculum
1111 1094 1120 1113 ·
1132 1106 1282 1160 pauperum
1296 1093 1336 1147 ini
1351 1092 1438 1147 deret.

209 1188 293 1249 Quem
306 1188 401 1241 beatus
413 1190 454 1243 vir
470 1198 580 1245 sanetus
602 1192 734 1259 Leporius
746 1193 862 1246 audiens
876 1193 1036 1259 petitionem
1047 1194 1107 1260 ejus
1119 1193 1244 1260 implevit
1254 1197 1282 1247 et
1293 1196 1442 1248 testamen·

209 1288 267 1336 tum
280 1287 489 1354 conscriptionis
502 1290 526 1342 ei
540 1290 613 1356 tecit,
627 1296 654 1343 et
666 1290 768 1344 ibidem
782 1291 925 1344 ecclesiam
937 1291 966 1343 in
986 1292 1090 1344 honore
1102 1291 1187 1344 sancti
1202 1290 1306 1343 nazarii
1319 1296 1348 1344 et
1358 1292 1440 1345 sociis

211 1382 268 1435 suis
281 1384 407 1451 primitus
425 1388 569 1443 dedicavit.
582 1390 635 1443 Sed
653 1403 715 1443 cum
729 1389 872 1444 finitimam
892 1390 1051 1458 religionem
1068 1390 1127 1456 ejus
1139 1388 1343 1457 cognovissent,
1362 1391 1439 1443 multi

210 1480 382 1539 declinantes
392 1487 428 1540 ad
439 1490 498 1556 ejus
510 1489 638 1543 cellulam
657 1490 691 1543 de
704 1491 787 1544 rebus
800 1491 917 1557 propriis
929 1490 1094 1543 ditaverunt.
1109 1489 1213 1543 cotidie
1224 1490 1254 1543 in
1267 1491 1440 1545 orationihus

212 1587 239 1634 et
251 1583 350 1652 vigiliis
363 1599 458 1640 servus
471 1590 516 1641 liei
529 1588 697 1657 deserviens,
711 1603 844 1657 pauperes
856 1596 884 1644 et
896 1589 1055 1658 peregrinos
1068 1603 1130 1643 cum
1142 1601 1241 1657 magna
1253 1589 1359 1644 laetitia
1370 1590 1440 1644 reci·

212 1679 293 1747 piens
306 1689 332 1736 et
344 1698 376 1738 ex
388 1687 444 1739 suis
456 1688 595 1742 alimoniis
608 1703 678 1757 quae
691 1690 808 1743 habebat
825 1690 955 1756 pascebat
972 1694 999 1742 et
1017 1688 1198 1756 ministrabat,
1211 1688 1352 1756 pedesque
1368 1688 1440 1743 lava·
1474 1708 1479 1717 ·

211 1780 258 1833 bat
269 1782 297 1835 in
311 1785 369 1851 ojus
382 1799 474 1841 amore
486 1789 533 1856 qui
545 1788 615 1842 dixit
627 1804 634 1842 :
648 1790 680 1844 Si
691 1802 744 1857 epo
755 1789 899 1844 dominus
916 1792 946 1842 et
957 1789 1107 1855 maptcter
1121 1788 1186 1841 lovi
1200 1788 1309 1856 pedes,
1322 1792 1441 1856 guento

212 1883 312 1949 inopia
324 1899 377 1940 ooo
387 1887 502 1941 debetis
516 1889 599 1942 alter
620 1890 755 1943 alteriue
774 1889 993 1957 lavarepedes,
1005 1892 1033 1941 et
1045 1889 1103 1954 ipse
1125 1886 1192 1939 dixit
1209 1886 1244 1940 ad
1265 1890 1377 1943 Petrum
1390 1903 1398 1941 :
1410 1886 1442 1943 ei

211 1997 274 2038 non
287 1987 391 2042 lavero
404 1991 441 2049 te.
451 2002 514 2043 non
526 1988 649 2044 hebebis
664 1993 791 2058 partem
805 2002 935 2044 meeum.
944 1989 1018 2056 ldeo,
1029 1989 1207 2053 dilectissimi,
1218 1989 1266 2055 qui
1285 1987 1319 2042 ad
1342 1989 1440 2042 testum

212 2088 344 2154 praeclari
357 2091 407 2142 viri
420 2092 580 2157 convenitis,
594 2093 698 2145 intenta
712 2097 803 2145 mente
821 2092 923 2158 audite,
937 2095 964 2144 et
973 2093 1048 2158 juxta
1060 2091 1133 2144 vires
1149 2094 1254 2143 vestras
1274 2091 1442 2157 pauperinus

212 2191 238 2238 et
250 2190 401 2257 peregrinis
413 2192 496 2257 pedes
514 2191 600 2244 lavate
611 2195 638 2244 et
650 2204 684 2244 ex
705 2196 795 2245 vestra
808 2194 965 2256 paupertate
986 2189 1112 2243 victualia
1125 2189 1294 2256 ministrate;
1308 2194 1336 2242 et
1353 2189 1376 2242 si
1390 2190 1440 2243 noc
1455 2186 1479 2243 Ξ

213 2286 340 2354 feceritis,
361 2301 423 2341 eum
453 2289 504 2342 isto
528 2297 622 2343 saneto
643 2291 712 2355 viro,
734 2291 813 2357 cujus
841 2295 965 2343 sanctum
987 2302 1088 2357 eorpus
1111 2290 1139 2341 in
1162 2288 1301 2356 praesenti
1324 2287 1441 2342 ecclesia

211 2387 368 2454 requiescit,
380 2394 482 2454 partem
493 2389 629 2442 habebitis
639 2391 667 2443 in
677 2390 755 2443 beata
767 2391 831 2443 vita.
843 2392 875 2443 lit
886 2404 948 2444 cum
958 2391 1009 2445 ista
1017 2398 1044 2446 et
1054 2397 1143 2445 cetera
1152 2400 1223 2455 quae
1233 2387 1318 2441 cultui
1326 2386 1439 2443 divino·

212 2487 348 2553 pertinent
356 2502 451 2544 servus
462 2492 507 2544 uei
517 2491 617 2545 cotidie
625 2492 801 2561 adimplebat,
808 2491 990 2546 nihilominus
999 2492 1098 2545 caritas
1107 2492 1136 2543 in
1146 2504 1208 2544 eum
1219 2490 1294 2559 larga
1302 2491 1440 2545 manebat.

245 2587 276 2638 2.
296 2591 371 2642 Tunc
384 2589 531 2643 insidiante
541 2592 653 2657 antiquo
667 2593 754 2654 hoste,
764 2593 811 2660 qui
824 2592 949 2658 primitus
959 2594 1099 2658 parentem
1113 2594 1238 2643 nostrum
1247 2588 1334 2642 Adam
1346 2592 1374 2642 et
1382 2589 1444 2655 ejus

213 2688 313 2740 sociam
326 2690 407 2743 livam
420 2690 562 2744 suadendo
583 2691 618 2744 de
638 2690 758 2757 paradisi
778 2692 914 2758 felicitate,
928 2692 956 2743 in
977 2702 1031 2757 qua
1050 2690 1199 2742 manebant
1217 2689 1277 2741 sine
1298 2687 1396 2743 dolore
1415 2690 1479 2744 ct!

213 2800 347 2853 maerore,
360 2790 516 2856 substravit,
530 2791 568 2843 sic
587 2791 615 2842 in
636 2804 699 2843 eom
711 2791 874 2843 concitavit·
887 2789 970 2843 eorda
981 2789 1123 2842 hominum
1145 2788 1308 2854 infelicium,
1321 2788 1441 2843 dicendo

213 2886 287 2951 quod
300 2888 357 2952 ipse
378 2901 473 2941 servus
495 2889 542 2941 liei
559 2890 631 2955 Aper
651 2901 707 2940 non
728 2889 862 2941 veraciter
879 2887 1051 2941 ministrabat
1070 2887 1118 2940 sed
1131 2886 1202 2956 [per]
1224 2889 1400 2954 hypocrisim,
1417 2892 1443 2941 et

214 2986 271 3051 ipsa
284 2986 355 3039 rama
367 2986 402 3040 ad
415 2988 523 3040 isicium
533 2988 692 3053 episcopum
703 2987 916 3052 Gratianopolim
925 2989 1059 3054 pervenit,
1074 2986 1191 3039 dicendo
1204 2985 1279 3054 quod
1292 2991 1442 3040 nocturnas

213 3096 296 3136 cenas
309 3098 323 3137 a
336 3086 451 3151 prandio
473 3086 657 3151 anticipasset,
675 3085 756 3138 horas
777 3087 923 3139 canonicas
937 3084 1098 3153 effregisset.
1117 3087 1174 3149 Qua
1193 3097 1277 3137 causa
1297 3085 1443 3151 episcopus

213 3182 338 3249 audiens,
352 3185 425 3237 misit
445 3186 546 3252 legatos
558 3198 592 3238 ex
614 3184 729 3239 adverso
741 3191 772 3238 ut
792 3185 826 3238 ad
839 3185 964 3238 cellulam
983 3187 1034 3238 viri
1046 3187 1093 3238 liei
1111 3186 1238 3239 venirent
1255 3189 1283 3237 et
1295 3184 1443 3252 nospitium
1458 3187 1479 3239 et

213 3289 308 3337 mutuo
322 3284 491 3351 postularent
503 3290 530 3338 et
542 3286 623 3337 vitam
635 3284 783 3338 sacerdotis
795 3287 841 3339 liei
854 3285 1054 3352 praeviderent.
1068 3284 1121 3337 sed
1134 3298 1196 3337 curn
1214 3286 1251 3336 ita
1263 3283 1344 3352 legati
1363 3284 1442 3338 iecis-

212 3390 282 3448 sent,
296 3384 462 3437 invenerunt
481 3385 571 3437 virum
591 3385 638 3437 liei
659 3386 788 3451 operibus
806 3386 906 3438 sanctis
918 3384 1077 3452 pollentem.
1091 3384 1121 3436 ln
1141 3384 1261 3436 crastino
1281 3385 1444 3438 enim'iter

212 3494 308 3548 capere
321 3484 472 3551 cupientes,
487 3484 571 3551 rogati
583 3488 647 3536 sunt
659 3496 675 3536 a
686 3496 765 3538 servo
778 3485 824 3538 liei
845 3482 1108 3538 utbenedictionem
1120 3484 1277 3550 acciperent
1288 3496 1352 3537 cum
1371 3482 1443 3549 ipso.

214 3585 267 3650 ipsi
280 3592 370 3638 autem
392 3592 540 3639 renuentes
550 3592 717 3639 vocaverunt
736 3600 800 3639 curn
813 3590 821 3607 ¹
834 3593 865 3640 ut
882 3585 916 3639 ad
937 3587 1088 3653 praefatum
1106 3586 1263 3653 episcopum
1284 3590 1442 3653 pergerent,

213 3683 287 3751 quod
308 3683 333 3737 ci
356 3698 412 3739 non
433 3686 542 3739 latebat.
565 3686 617 3739 Sed
637 3685 703 3738 dum
723 3687 896 3752 pervenirent
914 3686 948 3739 ad
967 3686 1057 3739 locum
1070 3685 1118 3753 qui
1139 3685 1238 3738 dicitur
1251 3684 1363 3737 Alanter
1383 3685 1479 3740 sive&

246 3952 281 4017 (l)
292 3954 398 4004 Rursus
414 3953 458 4005 hic
467 3953 544 4019 prius
555 3952 696 4020 legebatur
713 3951 941 4019 (congenerans,
951 3952 1068 4005 litteram
1080 3963 1111 4003 m
1123 3950 1283 4016 praeposuit
1302 3955 1446 4006 corrector

213 4034 313 4088 saeculi
328 4037 379 4088 xv.
393 4063 424 4074 —
437 4037 472 4101 (2)
484 4039 550 4089 cum
572 4037 702 4104 leporius
722 4036 828 4089 dicatur
848 4035 1067 4088 liaurianensem
1089 4032 1183 4086 sedem
1205 4032 1324 4085 tenuisse
1343 4032 1445 4088 eodem

213 4125 336 4184 tempore
347 4132 402 4186 quo
414 4120 508 4172 isicius
520 4133 568 4173 seu
582 4121 729 4186 Hesychius
740 4119 1019 4184 Gratianopolitanam
1030 4118 1090 4182 (eir.
1103 4117 1183 4184 inira,
1197 4129 1274 4168 num.
1292 4117 1309 4167 5
1321 4119 1405 4181 extr.)
1416 4122 1446 4170 et

214 4202 362 4268 llesvelcius
374 4210 447 4255 certe
457 4203 558 4256 sederit
569 4211 690 4257 extremo
703 4202 812 4256 saeculo
822 4204 851 4254 Vl
862 4201 958 4264 (Gall.
973 4200 1095 4266 Christ,
1106 4204 1172 4253 tom.
1185 4201 1249 4263 xvi,
1260 4213 1286 4265 p.
1297 4200 1367 4266 iil),
1378 4201 1446 4254 hine

212 4283 390 4337 confirmatur
402 4286 494 4351 opinio
504 4298 598 4338 eorum
608 4287 655 4352 qui
665 4292 692 4338 et
701 4286 808 4350 Leporii
819 4286 1004 4351 praesulatum
1014 4285 1077 4338 huic
1087 4284 1167 4336 aetati
1177 4281 1282 4350 illigant
1290 4283 1350 4347 (cir.
1360 4282 1444 4347 inid..

213 4380 240 4430 p.
252 4350 320 4430 olo).
334 4395 366 4404 -
377 4367 414 4432 (ὅ)
431 4370 508 4420 Nunc
520 4367 759 4421 Mantineillen?
1284 4356 1289 4365 ’
