3316 5482
213 319 280 386 314
553 333 678 386 ouras.
698 335 800 386 enon.
819 335 994 388 meroen.
1013 338 1094 389 nur.

214 511 361 566 Dominum
375 512 515 580 deprecati
528 512 634 566 suutut
646 514 745 568 iterum
768 514 990 569 manifestaretur
1010 515 1097 569 virtus
1119 519 1147 569 et
1167 516 1293 582 potentia
1315 530 1379 572 sua.
1397 517 1452 572 iliis

214 613 367 679 orantibus,
381 617 444 680 post
455 613 598 679 paululum
611 626 735 682 regressa
755 620 795 667 est
815 615 942 668 columba
963 615 1023 682 ipsa
1045 606 1101 682 per'
1115 616 1266 671 fenestram
1278 617 1362 673 unde
1377 619 1452 685 prius

215 725 322 782 egressa
334 712 433 777 iuerat,
446 717 473 765 et
493 713 591 766 iterum
614 727 663 781 per
677 718 761 767 totam
785 714 929 768 ecclesiam
954 713 1100 780 pervolare
1119 716 1226 782 coepit;
1254 722 1282 771 et
1303 730 1372 771 cum
1391 730 1450 772 erm

215 813 332 879 populns
343 824 405 864 cum
415 813 511 880 grandi
524 817 598 867 metu
611 819 638 865 et
649 813 770 880 profusis
782 813 904 867 lacrimis
915 813 1053 867 uolantem
1066 818 1094 868 et
1113 816 1311 882 respicientem
1325 830 1411 885 super
1420 829 1451 871 re

215 912 395 979 conspiceret,
408 924 472 965 ecce
485 911 575 965 subito
585 912 668 966 celeri
692 926 775 966 cursu
799 913 884 966 veloci
897 913 990 966 volatu
1002 927 1085 980 super
1109 920 1192 981 caput
1203 915 1255 969 riri
1274 916 1323 970 ltei
1348 916 1479 971 Eruriiit

215 1024 244 1066 se
256 1011 358 1078 injecit.
372 1011 421 1064 ille
434 1015 525 1064 tamen
538 1017 659 1065 tremens
671 1016 697 1066 et
710 1018 836 1066 metuens
848 1017 954 1067 tantum
968 1014 1140 1081 miraculum,
1154 1016 1244 1083 eoepit
1253 1028 1328 1083 eam,
1342 1017 1451 1071 sicutet

215 1111 301 1178 prius,
315 1125 330 1164 a
342 1124 373 1164 se
384 1110 529 1178 repellere.
540 1113 570 1164 lit
582 1124 645 1165 cum
657 1125 718 1166 eam
731 1125 746 1166 a
759 1126 788 1165 se
809 1113 954 1180 repulisset
974 1120 1001 1166 et
1018 1126 1110 1168 coram
1131 1115 1207 1168 omni
1227 1115 1334 1183 populo
1347 1115 1449 1171 itinere

215 1221 270 1278 quo
282 1215 395 1263 venerat
406 1222 530 1278 regressa
542 1210 647 1275 luisset,
659 1212 747 1278 major
758 1225 884 1265 murmur
895 1212 985 1279 eoepit
997 1224 1059 1266 esse
1073 1214 1103 1266 in
1117 1213 1230 1282 populo,
1242 1214 1307 1282 quis
1318 1196 1397 1269 esset
1405 1215 1450 1270 ille

215 1322 298 1377 super
308 1310 387 1376 cnjus
398 1316 481 1376 caput
491 1309 545 1362 tale
557 1310 664 1376 signum
685 1311 886 1365 ostenderetur.
909 1314 1111 1378 rraeeepemnt
1131 1313 1213 1381 igitur
1232 1314 1449 1369 reverentissimi

200 1466 203 1471 ,
215 1409 347 1476 episcopi,
356 1413 387 1463 ut
398 1421 514 1477 persona
526 1409 574 1462 illa
586 1423 668 1476 super
680 1411 758 1477 cujus
770 1414 851 1477 eaput
860 1410 988 1465 columba
1000 1411 1142 1466 resederat
1150 1412 1184 1466 ad
1195 1412 1326 1468 altarium
1339 1426 1448 1482 promo
1463 1414 1490 1469 tt

214 1515 334 1576 veretur,
347 1514 377 1563 ut
389 1509 547 1577 diligentius
559 1509 732 1576 inquirerent
743 1511 805 1577 quis
817 1515 889 1564 esset
899 1513 947 1564 ant
958 1511 1033 1564 unde
1047 1511 1151 1566 ibidem
1160 1511 1328 1567 advenisset
1339 1515 1375 1567 itt
1385 1527 1448 1569 enm

213 1611 401 1676 praesentatus
413 1607 519 1674 ruisset,
533 1607 601 1675 ipsis
614 1607 725 1661 tandem
743 1607 954 1662 discutientibus
975 1611 1101 1676 exposuit
1121 1610 1175 1663 illis
1195 1623 1310 1665 omnem
1328 1624 1445 1679 genera·

212 1711 317 1763 tionem
329 1721 407 1762 suam
419 1715 446 1762 et
457 1707 558 1774 locum,
571 1713 599 1761 et
617 1721 666 1775 pro
679 1722 733 1775 qua
754 1709 918 1762 necessitate
943 1710 971 1763 in
995 1714 1087 1776 partes
1110 1711 1212 1766 Galliae
1235 1712 1404 1780 aduenisset,
1421 1716 1448 1766 et

213 1810 288 1879 quod
301 1811 484 1865 subdiaconus
495 1814 568 1863 esset
579 1812 720 1864 Romanae
732 1810 864 1864 ecclesiae
878 1823 934 1863 non
947 1811 1065 1878 negavit.

246 1913 277 1965 6.
292 1909 344 1964 Sed
357 1924 419 1964 cum
433 1910 471 1962 illi
485 1915 512 1963 et
523 1909 612 1963 omnis
625 1910 743 1981 populus
756 1909 900 1962 manifeste
912 1911 1106 1978 cognovissent
1118 1924 1180 1965 eum
1198 1916 1268 1966 nutu
1287 1912 1336 1967 Dei
1347 1917 1377 1967 et
1387 1926 1443 1968 ora·
1460 1912 1488 1966 lt

212 2011 288 2064 tione
301 2013 455 2064 sanctorum
469 2010 539 2062 Petri
552 2012 580 2061 et
593 2008 669 2062 Pauli
691 2009 878 2076 apostolorum
899 2021 914 2061 a
936 2011 1020 2062 iloma
1032 2009 1118 2064 iuisse
1138 2009 1287 2078 directum,
1300 2024 1446 2079 praesepe

212 2115 277 2163 runt
288 2114 318 2163 ut
330 2114 411 2176 caput
422 2109 473 2162 sub
485 2109 581 2162 altario
602 2106 720 2162 mitteret
740 2113 768 2161 et
788 2108 923 2174 particeps
943 2108 1023 2162 tieret
1041 2110 1174 2164 orationis
1192 2122 1301 2164 eorum.
1320 2112 1363 2165 illi
1380 2123 1445 2166 vero

211 2210 310 2263 iterum
321 2209 447 2277 prostrati
460 2210 488 2260 in
501 2213 612 2274 terram,
633 2207 818 2261 adoraverunt
837 2209 923 2260 ileum
943 2207 1023 2275 caeli,
1042 2209 1187 2263 dieentes:
1209 2210 1342 2265 Domine
1362 2210 1445 2265 Dem

169 2306 172 2313 “
211 2309 412 2376 omnipotens,
426 2308 482 2376 qui
491 2320 554 2363 non
566 2307 682 2361 dereris
694 2310 857 2376 sperantes
868 2308 902 2361 in
915 2310 952 2377 te,
966 2309 995 2362 si
1004 2311 1079 2365 tuae
1090 2310 1265 2365 voluntates
1275 2312 1325 2365 ert
1335 2312 1372 2365 ret
1387 2311 1446 2366 iste

207 2406 416 2462 mwdwconue
429 2407 500 2461 nuic
511 2406 659 2461 ecclesiae
665 2408 898 2475 praeponatur,
912 2407 1003 2462 tertio
1016 2408 1136 2477 insigni
1144 2409 1294 2476 mysterio
1306 2408 1364 2465 boc
1370 2409 1440 2477 pir·
1455 2411 1485 2465 so

210 2511 260 2562 tes
272 2510 330 2562 tua
342 2507 502 2561 ostendere
513 2507 672 2574 dignetur.
695 2506 794 2559 orabat
816 2506 844 2558 in
870 2504 929 2573 ipsa
952 2508 1068 2562 eeclesia
1088 2522 1120 2563 eo
1142 2512 1266 2576 tempore
1283 2509 1444 2579 severinus,

209 2606 497 2673 episcopuseeclesiae
518 2605 680 2671 senonicae,
702 2618 765 2658 cum
786 2618 841 2672 quo
863 2606 1099 2660 reverentissimus
1120 2607 1272 2675 Pronieius,
1295 2607 1445 2675 episcopus

209 2705 354 2760 lieldensis
366 2705 508 2772 ecclesiae,
522 2709 580 2759 erat
591 2706 764 2772 conjunctus.
782 2704 939 2758 Advenerat
953 2719 1016 2759 eum
1037 2707 1103 2773 ipsis
1121 2707 1277 2773 sollemnis,
1296 2709 1446 2775 episeopus

207 2806 341 2860 ecclesiae
353 2806 526 2859 carnotinae.
545 2804 686 2856 Acivitate
709 2803 875 2857 Parisiorum
896 2805 1039 2859 Marcellus
1060 2807 1203 2873 episeopus
1224 2810 1351 2860 uenerat.
1371 2807 1446 2861 inter

209 2918 278 2972 quos
290 2906 412 2958 valerius
424 2905 568 2970 episcopus
581 2903 714 2957 ecclesiae
726 2903 852 2956 autricae
864 2910 891 2956 et
913 2905 1085 2958 Camellanus
1103 2906 1247 2972 episcopus
1263 2907 1446 2960 trecassinae
1462 2906 1493 2960 it

210 3006 339 3060 civitatis.
353 3005 498 3058 Orantibus
508 3003 572 3069 illis,
585 3017 648 3056 ecce
659 3004 748 3058 subito
756 3003 883 3056 columba
893 3004 950 3070 illa,
961 3005 1061 3071 septies
1070 3005 1170 3059 clarior
1181 3019 1265 3072 quam
1273 3005 1352 3071 prins
1362 3018 1445 3072 appa-

209 3111 311 3173 ruerat,
318 3107 397 3158 tertio
405 3106 432 3157 in
441 3104 660 3169 eeclesia,rolatu
667 3103 819 3157 diutissime
827 3108 910 3156 totam
920 3104 1061 3157 ecclesiam
1072 3118 1229 3172 peragrans,
1236 3105 1350 3158 beatum
1357 3108 1445 3159 licur-

210 3205 278 3258 tium
298 3204 344 3257 ubi
355 3210 426 3256 esset
440 3204 606 3270 requirebat.
619 3203 693 3255 Licet
706 3203 835 3269 Spiritum
848 3209 973 3256 sanctum
986 3203 1071 3256 latere
1084 3217 1140 3255 non
1153 3207 1257 3269 poterat
1268 3202 1316 3255 ubi
1331 3208 1446 3257 sanetus

210 3304 336 3357 iivurtius
348 3309 429 3369 esset,
447 3309 550 3367 tamen,
563 3302 628 3368 quia
640 3302 692 3354 sub
704 3302 800 3356 altario
813 3303 972 3367 accubabat,
993 3302 1097 3355 tamdiu
1118 3301 1246 3355 columba
1264 3302 1322 3367 ipsa
1341 3315 1440 3368 pervo-

210 3403 274 3456 lavit
287 3401 466 3470 quoadusque
479 3408 590 3455 sanctus
603 3402 729 3454 Erurtius
752 3409 927 3469 exsurgeret;
953 3403 1000 3454 sed
1013 3400 1085 3455 istud
1103 3401 1132 3453 in
1152 3401 1282 3467 mysterio
1297 3402 1445 3468 agebatur.
1463 3404 1496 3456 td

210 3505 242 3556 iit
253 3515 315 3555 curn
328 3501 454 3555 riderent
466 3514 525 3553 eam
539 3500 691 3553 diutissime
705 3501 732 3552 in
745 3514 807 3554 aera
821 3502 958 3554 volantem
980 3506 1062 3568 atque
1084 3500 1237 3555 radiantem
1258 3501 1295 3554 ita
1309 3509 1340 3554 ut
1359 3502 1445 3555 eliam

210 3615 274 3669 prae
287 3606 361 3653 tanto
375 3599 520 3666 splendore
532 3600 576 3653 vix
589 3613 649 3652 eam
663 3600 798 3665 inspicere
810 3605 931 3666 possent,
945 3601 1074 3654 dixerunt
1087 3600 1260 3654 venerabiles
1282 3600 1445 3655 sacerdotes

209 3699 243 3754 ad
257 3699 374 3754 invicem
389 3715 395 3750 :
411 3698 649 3752 introducemus
661 3698 826 3753 intestinos
840 3713 915 3765 quor
922 3700 1062 3766 populus
1074 3697 1195 3752 diuisus
1201 3699 1361 3766 episcopos
1367 3713 1444 3767 por-

210 3798 353 3873 tendebat,-
374 3798 621 3851 intrornittamns
642 3797 737 3850 etiam
766 3799 795 3850 et
818 3798 914 3851 intrem
937 3797 1128 3852 benedictum
1151 3796 1384 3865 subdiaconem,
1413 3802 1445 3853 rt

209 3895 372 3949 videamur
384 3906 472 3961 quem
483 3905 524 3945 ecc
537 3892 729 3960 r'psirjubeot
742 3893 891 3947 Dominus
903 3893 1058 3946 ordinari.
1460 3898 1495 3950 ab

242 3996 274 4048 7.
289 3997 320 4047 nt
331 4007 393 4047 cum
407 4005 453 4045 eos
467 3993 538 4045 inter
550 4006 579 4045 se
593 3992 747 4058 posuissent
759 3997 784 4044 et
797 3992 834 4043 illi
848 3997 951 4045 starent
965 3995 993 4045 in
1006 3993 1132 4058 circuitu,
1147 3995 1229 4059 atque
1251 3991 1343 4044 omnis
1355 4005 1444 4060 popu·

210 4096 253 4148 lus
265 4106 368 4162 pronus
381 4094 410 4144 in
423 4096 494 4144 terra
508 4097 665 4158 precaretur
677 4097 707 4143 ut
718 4089 896 4158 perficeretur
908 4105 977 4158 opus
990 4093 1047 4159 itei,
1060 4105 1125 4146 ecee
1137 4091 1228 4145 subito
1243 4091 1374 4145 columba
1396 4092 1444 4147 illa

208 4193 290 4249 celeri
302 4205 385 4246 cursu
397 4203 489 4244 coram
502 4191 576 4242 omni
589 4191 800 4257 congregatione
814 4191 1023 4259 circumvolans
1046 4192 1133 4258 capita
1153 4204 1249 4245 eorum
1263 4204 1312 4258 per
1324 4203 1398 4259 qnos
1416 4198 1446 4247 et

209 4307 258 4361 pro
271 4293 372 4360 quibus
385 4291 453 4343 iacta
467 4291 555 4343 iuerat
578 4289 713 4342 dissensio
735 4289 763 4342 in
786 4291 886 4356 populo
908 4291 1137 4358 praetermittens,
1159 4305 1242 4358 super
1263 4298 1346 4357 caput
1366 4293 1444 4347 beati

208 4394 307 4447 Evurtii
321 4392 379 4445 vice
392 4390 634 4454 tertiadescendit,
654 4395 680 4442 ei
703 4391 781 4456 quasi
802 4404 857 4444 nna
879 4393 945 4445 bora
966 4405 1049 4459 super
1070 4406 1132 4445 eum
1157 4391 1299 4445 sedentem
1322 4400 1443 4448 cunctus
1461 4396 1493 4449 lt)

209 4494 326 4562 populus
338 4493 496 4545 mirabatur.
510 4494 586 4543 lunc
598 4503 694 4544 omnes
707 4491 873 4543 unanimiter
885 4503 940 4543 uno
954 4490 1047 4557 corde,
1070 4503 1126 4544 uno
1146 4503 1204 4557 ore,
1226 4502 1281 4542 una
1299 4504 1367 4545 uoce
1387 4498 1446 4546 tarn

210 4594 421 4660 populusquam
435 4590 564 4645 nobilitas
583 4591 721 4656 universa,
743 4591 862 4642 clamare
885 4593 1036 4656 coeperunt
1057 4589 1131 4656 quod
1154 4595 1267 4642 sanetus
1280 4590 1446 4645 lirurliusa
