3316 5482
122 362 126 367 ·
202 331 270 398 582
544 351 670 407 ouran.
690 355 791 408 oeno.
808 352 984 406 usercen.
1003 351 1087 404 nar.
1120 359 1126 370 ·

203 518 259 584 dio,
272 519 320 572 sed
332 518 441 574 divinae
453 521 564 575 ultionis
577 536 609 577 eo
627 528 703 578 actus
715 523 853 591 incendio,
866 523 986 591 prodidit
1004 523 1053 577 ubi
1066 521 1229 576 reconditus
1242 527 1317 576 esset
1334 523 1429 576 themu·

204 632 250 673 rus
263 632 313 672 suo
325 619 431 672 ablatus
443 622 602 690 sacrilegio;
617 624 711 690 sicque
723 624 879 691 exspiravit,
894 623 1017 692 lugubre,
1031 621 1194 676 detestabile
1215 627 1245 676 et
1256 621 1429 676 abominabit

205 719 361 784 exemplum
374 721 449 773 omni
464 720 553 774 ordini
568 723 728 777 monastico.

237 821 270 872 4.
284 821 339 872 lloc
351 833 461 887 quoque
482 834 537 875 nou
558 823 718 877 aestimetur
738 823 918 890 incongruum
940 820 983 873 bic
996 821 1119 872 inserere
1145 817 1221 885 quod
1246 821 1345 874 beatus
1356 820 1430 873 vdlli·

205 916 322 971 brordus
333 923 454 971 sanctam
468 920 668 989 amalbergam,
681 924 770 975 adbuc
782 921 885 990 degens
897 922 925 972 in
938 933 1031 984 carne,
1045 918 1195 986 praemissa
1207 919 1261 972 bac
1273 918 1430 972 benedictio·
1442 918 1456 969 i

29 1022 117 1080 'cod
131 1034 186 1075 non
208 1015 251 1067 nis
271 1014 417 1068 dulcedine
438 1037 444 1066 ι
466 1018 595 1072 Floreat
615 1032 687 1073 cum
712 1019 832 1088 Thecla,
851 1020 980 1073 velem*
998 1031 1069 1072 cum
1089 1018 1176 1084 Agite
1196 1020 1226 1072 et
1248 1030 1322 1072 cum
1339 1017 1435 1071 Marto

54 1088 163 1144 V³¹0³⁸²
208 1113 326 1179 optimc
338 1113 380 1167 stt
386 1126 467 1182 pars
479 1117 545 1181 tuo,
559 1129 636 1170 sacro
649 1118 795 1172 chrismate
805 1118 993 1183 consecravit;
1007 1121 1067 1182 post
1079 1116 1186 1169 obitum
1197 1128 1263 1170 vero
1277 1129 1368 1179 suum,
1378 1127 1434 1169 cum

208 1213 411 1280 consanguinea
423 1227 471 1267 sua
483 1215 602 1281 gloriosa
613 1217 717 1283 virgine
730 1217 864 1271 Gertrudc
877 1229 1012 1284 apparens
1024 1216 1049 1267 ei
1062 1215 1091 1266 in
1108 1215 1214 1268 visione
1226 1221 1256 1267 et
1269 1214 1305 1268 de
1317 1213 1437 1268 triennali

210 1313 388 1379 spatiositate
410 1316 561 1380 praesentis
582 1316 710 1383 edocens,
724 1331 802 1371 sacro
822 1331 882 1370 eam
904 1316 1039 1370 velamine
1060 1314 1202 1368 velavit.0
1224 1315 1436 1380 paranimphum

210 1425 291 1467 verae
303 1413 423 1466 caritatis
442 1415 507 1468 dote
528 1416 691 1483 praeditum,
705 1419 751 1484 qui
773 1429 903 1484 sponsam
925 1416 971 1469 bei
985 1413 1167 1481 praeelectam
1186 1412 1272 1466 etiam
1285 1417 1349 1480 post
1364 1425 1437 1466 suum
1452 1413 1476 1464 lt

212 1526 268 1567 non
281 1513 401 1567 deseruit
412 1515 568 1582 transitum,
579 1517 667 1571 donec
687 1518 875 1570 introduceret
892 1529 952 1569 eam
970 1515 998 1566 in
1018 1512 1269 1567 desiderantissimi
1292 1513 1388 1581 sponsi
1404 1511 1440 1565 sui

212 1612 353 1680 amplexus
365 1618 392 1666 et
404 1615 562 1669 thalamum.

247 1712 279 1764 5.
293 1714 371 1765 Anno
383 1726 446 1766 vero
459 1715 592 1781 progeniti
605 1716 685 1769 verbi
696 1724 819 1782 sturmo,
838 1729 853 1768 a
867 1715 983 1769 transitu
997 1713 1122 1782 ejusdem
1134 1712 1219 1779 patris
1231 1721 1371 1779 ocensem,
1384 1711 1443 1766 reci·

214 1812 269 1866 divi
291 1819 415 1878 reparata
437 1816 549 1868 oratorii
563 1816 675 1880 fabrica,
688 1817 779 1869 abbati
792 1816 943 1869 liumberto
964 1815 1068 1881 totique
1080 1812 1288 1880 congregationi
1309 1825 1365 1866 una
1381 1810 1444 1864 sedit

214 1911 359 1973 sententia,
372 1905 527 1966 ut'invituto
540 1913 641 1966 domno
655 1916 783 1980 l‘oppone
795 1914 973 1966 Treviromm
985 1910 1192 1977 archiepisc-opo
1204 1914 1233 1963 et
1243 1912 1365 1964 ilenrico
1377 1910 1440 1962 duce
1455 1906 1480 1959 ll

216 2009 337 2076 boariae,
350 2014 443 2063 nostro
456 2016 547 2064 autem
559 2012 714 2077 defensore,
731 2023 802 2066 x1u10
814 2012 944 2066 kalendas
962 2011 1119 2065 novembris
1136 2011 1210 2062 inter
1227 2011 1377 2064 missarum
1396 2008 1443 2062 sol·

215 2109 316 2163 lemnia
328 2110 388 2175 eJ‘us
400 2122 461 2162 ossa
474 2111 686 2165 transferrentur
698 2114 726 2166 in
744 2113 804 2166 loco
816 2115 863 2166 ubi
877 2112 958 2165 modo
976 2109 1116 2164 recondita
1128 2122 1191 2162 cum
1203 2108 1299 2163 debita
1313 2110 1444 2164 bonorad-

216 2215 262 2262 tur
273 2210 437 2262 reverentia.
450 2209 505 2263 Sed
524 2224 597 2264 unus
618 2225 651 2265 er
671 2213 831 2278 coenobitis,
844 2213 1008 2275 Tbitmarus,
1022 2211 1094 2263 inter
1112 2222 1161 2264 eos
1180 2210 1229 2276 qui
1248 2209 1351 2263 delecti
1374 2212 1445 2262 eraut

218 2307 402 2374 pavimentum
414 2308 572 2376 infringere,
590 2310 719 2377 ignorans
739 2311 782 2364 vel
796 2307 896 2364 oblitus
917 2313 1051 2364 nocturno
1062 2322 1092 2363 se
1109 2309 1238 2362 delusum
1250 2308 1445 2375 phantasmate,

218 2406 284 2460 dum
305 2408 455 2475 bipennem
477 2408 587 2462 reducta
606 2409 708 2463 arduus
728 2410 841 2463 dextera
864 2411 976 2463 libraret
995 2411 1024 2462 in
1043 2422 1116 2475 aere,
1130 2413 1226 2462 exerta
1249 2408 1364 2462 brachia
1376 2402 1481 2459 nulioit

218 2506 300 2559 modo
313 2507 400 2573 potuit
412 2507 562 2573 deponere.
573 2511 649 2562 Tunc
661 2523 676 2563 a
689 2510 843 2576 praeposito
855 2513 975 2575 liuperto
989 2514 1030 2562 est
1041 2507 1227 2562 commonitus
1239 2512 1269 2560 ut
1279 2505 1447 2561 consessione

219 2611 357 2674 purgaret,
370 2606 393 2658 si
406 2606 483 2672 cuius
496 2607 619 2660 criminis
628 2612 699 2660 esset
711 2608 848 2661 conscius.
862 2608 1013 2660 discutiens
1028 2608 1120 2673 itaque
1134 2619 1174 2674 se,
1187 2605 1256 2658 nibil
1270 2605 1300 2657 iu
1313 2603 1447 2658 conscien-

220 2704 257 2756 tia
269 2718 318 2758 sua
330 2706 392 2759 novi
406 2706 515 2758 admissi
529 2706 652 2772 invenit;
665 2711 784 2759 attamen
798 2707 895 2759 abiens
915 2713 942 2759 et
954 2707 1082 2759 sarabara
1105 2717 1154 2758 sua
1166 2703 1323 2771 inspiciens
1344 2703 1449 2768 levite

222 2806 331 2860 rediens
347 2820 424 2860 sacro
444 2807 531 2861 labori
552 2808 694 2861 sollicitius
715 2808 822 2860 institit.
835 2810 931 2874 Egesta
952 2813 1041 2860 autem
1063 2806 1145 2858 bumo
1163 2809 1191 2858 et
1207 2802 1448 2858 effractisduabus

221 2907 330 2974 cryptis,
344 2908 372 2959 in
385 2908 464 2960 tertia
486 2921 592 2960 sacrum
615 2909 780 2961 invenerunt
797 2908 993 2974 sarcophagum
1011 2913 1039 2959 et
1057 2906 1175 2959 sericum
1187 2903 1312 2971 desuper
1324 2900 1484 2971 pallium&

222 3006 306 3072 quod,
328 3007 428 3059 mirum
449 3006 533 3073 dictu,
548 3007 737 3073 incorruptum
757 3013 784 3060 et
804 3007 893 3059 adbuc
909 3007 1055 3073 integrum,
1069 3004 1103 3057 ad
1125 3004 1257 3057 ecclesiae
1277 3001 1450 3070 suspenditur

223 3111 359 3158 ornatum.
381 3107 470 3159 Abbas
489 3119 554 3159 vero
576 3107 749 3173 llumbertus,
769 3112 798 3159 ut
821 3119 871 3172 pro
893 3106 1016 3171 reliquiis
1036 3101 1232 3156 distribuendis
1253 3102 1449 3169 aliquantulum

224 3205 385 3258 reconderet
396 3205 431 3258 de
443 3207 564 3271 corporis
582 3207 640 3272 ejus
658 3207 796 3272 thesauro,
810 3206 915 3258 elevato
934 3205 1072 3270 paulisper
1089 3202 1230 3268 operculo,
1243 3202 1340 3255 videre
1359 3199 1449 3254 memit

224 3305 427 3356 dilectissimum
440 3304 583 3358 dominum
595 3320 674 3358 suum
688 3305 780 3358 illaesa
793 3304 898 3357 cuculla
912 3310 939 3357 et
959 3302 1048 3357 cilicio
1068 3307 1094 3355 et
1107 3314 1195 3368 paene
1208 3306 1267 3354 toto
1280 3313 1399 3367 corpore
1415 3300 1449 3350 io·

224 3407 309 3470 tegre.
323 3405 354 3454 Et
366 3401 451 3456 effuso
471 3404 560 3456 statim
581 3405 657 3470 quasi
681 3417 712 3455 cx
733 3417 827 3455 acerra
849 3409 1001 3456 aromatum
1023 3404 1107 3464 sumo,
1121 3402 1219 3453 obtusa
1239 3401 1317 3454 visus
1331 3401 1373 3452 sui
1387 3399 1448 3461 acie,
1463 3394 1484 3444 si

226 3502 404 3554 nibilvirium
421 3503 449 3554 in
471 3504 529 3569 ejus
549 3503 681 3570 exsangui
702 3504 834 3556 remansit
854 3515 976 3568 corpore.
990 3505 1114 3554 Attamen
1134 3502 1261 3553 inserens
1282 3512 1398 3552 manum
1416 3497 1451 3548 vir

226 3603 290 3656 iidei
304 3616 359 3656 non
372 3604 505 3669 modicae,
519 3605 552 3657 de
566 3605 646 3657 costis
664 3605 722 3670 ejus
740 3617 824 3656 unam
838 3604 954 3656 extruxit
968 3616 1029 3655 cum
1051 3614 1155 3654 summa
1169 3600 1329 3653 formidine.
1345 3597 1451 3664 Quidam

226 3718 290 3758 vcro
303 3719 335 3758 ex
347 3705 509 3770 coenobitis
523 3703 631 3758 l'ridelo
644 3705 765 3768 nomine,
779 3705 824 3770 qui
844 3705 965 3771 deposito
983 3703 1092 3770 cingulo
1111 3700 1220 3752 militari
1239 3706 1269 3752 et
1282 3700 1384 3752 oblatis
1395 3701 1452 3750 auo

227 3819 257 3858 se
268 3805 376 3858 duobus
388 3805 450 3857 liliis
460 3807 525 3871 jugo
537 3818 566 3858 se
579 3804 737 3858 subdiderat
747 3805 884 3856 servitutis
895 3803 1058 3866 dominicae,
1068 3801 1205 3853 intestinis
1215 3800 1273 3852 suis
1284 3797 1420 3866 prolapsis
1430 3800 1453 3847 ot

227 3904 456 3970 dependentibus,
470 3909 524 3956 tota
535 3903 691 3956 debilitatus
703 3910 762 3955 erat
777 3904 962 3956 membrorum
975 3901 1142 3968 compagine.
1158 3899 1206 3951 llic
1224 3899 1339 3966 impegit
1351 3895 1451 3951 nescius
1464 3886 1484 3938 i:

229 4007 256 4057 in
269 4005 435 4057 salutiferam
448 4004 494 4057 llei
507 4005 557 4056 viri
570 4004 702 4068 tumbam,
716 4008 742 4055 et
761 4001 863 4067 absque
876 4013 953 4052 mora
966 4001 1111 4052 sanitatem
1124 3996 1241 4063 adeptus
1260 4003 1303 4049 est
1316 3997 1451 4064 integram.

229 4107 321 4170 ltaque
334 4117 389 4156 non
406 4112 460 4156 tam
473 4117 506 4156 ex
523 4103 622 4155 vicinia
634 4116 716 4168 quam
728 4101 763 4154 dc
777 4106 831 4153 tota
850 4099 994 4165 provincia
1016 4098 1179 4163 populorum
1192 4102 1387 4148 convenerunt
1398 4105 1453 4146 exa·

230 4205 304 4256 mina
317 4211 344 4257 et
355 4204 431 4270 quasi
444 4208 612 4268 praesentem
626 4204 817 4266 viventemque
829 4201 857 4251 in
870 4212 952 4251 carne
965 4209 1138 4251 communem
1152 4202 1301 4261 patronum
1314 4208 1394 4248 suum
1405 4205 1453 4245 cer·

230 4310 329 4357 nerent
340 4318 371 4356 ac
384 4306 562 4368 susciperent,
576 4302 671 4354 laudes
683 4303 884 4366 concreparunt
893 4311 958 4351 voce
971 4297 1096 4358 altisona,
1111 4303 1137 4347 ct
1151 4296 1262 4360 urystica
1276 4307 1341 4348 arca
1356 4291 1453 4347 bornioi

229 4405 358 4456 translata
371 4408 397 4455 et
415 4401 530 4455 deducta
542 4402 571 4452 in
589 4401 687 4466 jubilo,
705 4401 732 4450 in
745 4397 902 4450 individuae
919 4395 1079 4461 [Trinitatis]
1100 4395 1194 4446 altaris
1216 4394 1405 4460 propitiatorio
1416 4389 1484 4443 estll

229 4505 327 4571 posita,
340 4504 387 4556 ubi
404 4502 510 4555 numeri
531 4499 746 4554 aestimationem
765 4496 922 4550 excedentia
944 4496 1110 4547 innovantur
1130 4494 1208 4560 signa
1230 4504 1259 4546 et
1282 4495 1453 4547 immutantur

230 4600 374 4654 mirabilia.
