3316 5482
206 354 272 420 406
548 369 672 422 cerm.
691 370 794 422 cono.
814 371 987 424 axomes.
1007 342 1087 426 ner.

206 546 313 608 pareret
323 541 416 609 lingua
429 541 528 596 idoneo
540 543 692 610 famulatui,
706 556 831 599 curarem
844 545 1022 612 quantitatem
1040 545 1136 600 talenti
1157 546 1225 600 mihi
1237 544 1334 600 crediti
1350 544 1423 614 prole

207 641 295 694 rendo
307 642 463 707 expendere
476 643 504 694 in
518 642 625 695 laudem
639 648 665 697 et
677 643 791 711 gloriam
809 645 959 698 beatissimi
972 651 1000 698 ot
1023 645 1116 699 eximii
1134 645 1227 700 dilecti
1240 647 1340 700 christi
1360 658 1424 713 prae
1504 668 1508 673 ·
1534 626 1535 631 ἵ

208 739 275 793 sulis
286 739 417 807 liicholai‚
431 746 512 806 prout
533 741 699 807 possibilitas
719 744 915 810 suppeditaret.
929 744 1029 798 sedon
1047 745 1115 799 duas
1134 759 1231 799 causas
1247 746 1276 798 in
1288 746 1338 799 tali
1355 756 1425 812 opere

207 841 285 895 valde
298 847 415 907 coartor,
440 842 504 895 hino
515 855 559 894 me
572 843 729 897 retrahente
750 845 895 913 exiguitate
913 858 1011 898 sensus
1027 857 1058 898 ac
1076 846 1178 899 vilitate
1196 846 1335 899 sermonis
1351 856 1427 912 perso-

208 953 325 1007 naeque,
340 940 404 993 hinc
423 940 521 996 devote
542 955 635 996 amore
655 944 741 996 sancti
763 957 806 996 mc
819 943 984 1010 impellente.
999 947 1032 997 lit
1044 958 1209 1012 quamquam
1223 946 1316 998 omnis
1328 942 1452 998 matedall

208 1037 373 1104 dictaminis,
386 1038 450 1093 licet
470 1040 504 1093 sit
524 1041 631 1108 exigua,
653 1046 761 1108 expetat
782 1043 970 1096 auctoritatem
992 1048 1170 1111 etexpertam
1191 1044 1347 1108 scientiam,
1368 1039 1430 1110 quod

208 1144 356 1206 utrumque
370 1138 473 1193 deesta
490 1153 534 1193 me
553 1145 580 1193 et
599 1154 683 1208 opere
703 1146 730 1195 et
742 1144 842 1210 specie,
859 1144 984 1209 quamvis
1005 1144 1042 1196 ita
1063 1143 1106 1210 sit,
1119 1149 1214 1198 tamen
1232 1143 1319 1197 stultus
1343 1140 1433 1198 auxilio

208 1237 404 1305 omnipotentis
417 1238 474 1304 liei,
488 1237 698 1307 suffragantibus
711 1243 815 1295 meritis
827 1251 854 1297 et
866 1244 1036 1298 orationibus
1049 1244 1134 1311 ipsius
1146 1242 1310 1311 beatissimi,
1331 1253 1434 1297 narrare

210 1338 301 1403 aliqua
321 1336 459 1402 incipiam.
474 1337 619 1404 indignum
635 1343 675 1391 est
697 1341 771 1392 enim
784 1348 814 1394 ut
834 1342 869 1394 do
882 1349 936 1394 tam
958 1342 1175 1408 praeclarissimo
1188 1343 1234 1396 liei
1254 1343 1345 1396 amico
1363 1342 1436 1395 silere

210 1436 272 1504 quis
284 1435 384 1489 audeat
392 1436 465 1503 quod
478 1436 539 1503 scit,
553 1437 615 1490 licet
629 1439 730 1493 rustico
742 1452 773 1491 ac
786 1440 892 1506 plebeio
905 1453 1052 1505 sermone;
1067 1441 1134 1508 quin
1150 1442 1234 1494 immo
1252 1441 1369 1509 dignum
1386 1442 1434 1503 est,
1451 1437 1474 1490 tt

209 1540 240 1588 ut
252 1541 354 1588 remota
366 1534 530 1588 verecundia
551 1536 696 1589 tradantur
715 1537 854 1591 schedulis
875 1539 975 1606 aliqua,
989 1544 1019 1590 ut
1032 1540 1137 1592 homini
1160 1541 1247 1593 nostri
1264 1542 1330 1593 iesu
1342 1536 1438 1593 Christi

212 1639 346 1692 immensa
363 1640 490 1705 majestas
507 1639 648 1704 potissime
672 1652 688 1691 a
708 1638 836 1693 ildelibus
852 1642 999 1693 veneretur
1019 1639 1148 1707 interris,
1162 1652 1233 1706 quae
1246 1640 1395 1709 gloriosius
1410 1640 1441 1694 ab

211 1739 315 1807 angelis
327 1744 354 1791 ot
366 1739 467 1791 sanctis
478 1737 608 1791 adoratur
626 1738 654 1789 in
667 1738 759 1791 caelis.
773 1738 890 1791 Aliunde
908 1743 1000 1791 autem
1021 1740 1133 1793 materia
1155 1740 1324 1794 assumenda
1345 1744 1398 1805 est,
1415 1744 1445 1793 nt

210 1838 245 1893 ad
258 1840 443 1893 narrationem
456 1838 676 1906 compendiosius
689 1845 716 1893 et
727 1840 939 1893 convenientius
952 1840 1139 1906 perveniatur.

246 1940 277 1993 2.
298 1943 327 1993 ln
340 1938 435 1994 Galliis
447 1946 489 1993 est
507 1939 641 2006 quaedam
663 1941 811 2006 provincia,
825 1940 890 1994 olim
902 1946 996 1995 vocata
1013 1942 1147 2008 heustria,
1161 1947 1222 2008 post
1240 1943 1447 2011 aliormannis,
1463 1944 1489 1996 lb

211 2039 258 2108 qui
271 2052 286 2092 a
297 2041 377 2092 Norst
389 2040 499 2107 regione
519 2044 665 2105 venerunt,
679 2039 870 2106 cognominata
891 2040 1066 2107 liormannia,
1084 2041 1112 2093 in
1125 2053 1179 2108 qua
1191 2045 1232 2094 est
1244 2040 1358 2108 quidam
1372 2041 1449 2096 locus

212 2142 350 2204 liecous,a
370 2137 457 2191 rivulo
480 2138 516 2191 ibi
536 2138 701 2191 decurrente
724 2138 760 2191 ita
772 2145 892 2193 vocatus.
909 2139 965 2202 Quo
986 2139 1014 2192 in
1030 2140 1090 2193 loco
1114 2138 1227 2207 quidam
1239 2141 1281 2193 vir
1293 2141 1399 2195 nobilis
1414 2139 1449 2194 de

212 2253 313 2309 genere
334 2242 480 2303 ltanorum,
503 2239 615 2291 nomine
634 2237 790 2304 llerluinus,
813 2238 964 2291 construxit
984 2239 1096 2306 elegans
1116 2239 1293 2306 coenobium,
1316 2251 1376 2294 non
1393 2244 1450 2294 tam

213 2339 368 2392 divitiarum
382 2339 502 2405 potentia
520 2351 601 2405 quam
622 2351 670 2404 spe
682 2343 709 2391 et
729 2337 864 2403 adjutorio
887 2339 932 2391 ltei
954 2344 980 2390 et
1000 2351 1049 2391 sua
1069 2338 1244 2405 perspicabili
1257 2337 1408 2408 industria,
1422 2341 1450 2393 in

214 2450 269 2506 quo
281 2437 392 2491 adunati
405 2443 469 2491 sunt
481 2437 558 2490 multi
572 2436 666 2503 optimi
679 2436 770 2489 cleriei
784 2440 810 2489 et
823 2436 930 2490 nobiles
943 2437 1003 2489 laici
1015 2455 1022 2504 ;
1036 2437 1106 2490 etad
1121 2451 1236 2503 parvum
1250 2442 1370 2505 tempus,
1395 2440 1451 2493 lieo
1467 2440 1497 2492 tt

215 2538 376 2605 opitulante,
401 2537 438 2589 ita
459 2536 588 2603 excrevit,
609 2541 639 2589 ut
660 2549 724 2589 vere
744 2535 778 2588 de
799 2549 832 2589 eo
854 2537 890 2588 sit
904 2536 1044 2604 impletum
1063 2536 1130 2590 illud
1152 2538 1246 2590 Annae
1264 2538 1452 2594 vaticinium:

215 2638 350 2693 Stcsct'tot
367 2639 405 2690 de
419 2637 553 2705 pulvere
573 2649 703 2703 opertum
720 2638 750 2689 et
767 2637 805 2689 dc
819 2639 955 2690 stcrcore
972 2637 1073 2690 etevat
1088 2649 1272 2705 pauperem,
1286 2639 1325 2690 ut
1343 2639 1455 2693 sedeat

214 2751 286 2793 cum
292 2734 501 2806 principibus.
515 2735 641 2799 Quamvis
655 2735 729 2787 enim
742 2733 883 2787 modernis
895 2735 1062 2800 temporibus
1074 2736 1110 2788 sit
1122 2736 1270 2802 inceptum,
1281 2749 1347 2789 nam
1361 2739 1454 2793 mille·

215 2840 284 2892 simo
298 2838 434 2891 tricesimo
447 2841 544 2903 quarto
556 2848 630 2888 anno
651 2835 685 2887 ab
704 2835 894 2888 incarnatione
913 2836 1019 2887 bomini
1038 2836 1155 2902 primum
1174 2837 1264 2903 eoepit
1281 2837 1386 2892 habere
1399 2840 1453 2893 ini·

214 2939 292 3003 tium,
305 2943 396 2990 tamen
409 2950 492 3002 supcr
505 2936 604 2989 multas
616 2940 645 2988 et
656 2935 724 2987 alias
736 2934 858 2987 abbatias
871 2935 954 2987 crevit
966 2935 1101 3002 antiquas,
1112 2948 1168 2988 non
1180 2936 1269 2990 solum
1278 2936 1383 2992 divitiis
1399 2939 1451 2993 sed
1470 2943 1501 2994 25

213 3044 240 3091 et
252 3036 395 3104 religione.
409 3036 481 3098 Quae
503 3035 623 3087 creditur
644 3038 671 3087 et
688 3033 819 3087 asseritur
840 3034 927 3088 tribus
947 3035 1036 3088 causis
1054 3037 1090 3088 ita
1108 3037 1246 3091 crevisse:
1260 3037 1337 3091 intus
1355 3040 1452 3095 studio

214 3137 305 3204 operis
318 3135 365 3188 ltei
381 3140 408 3188 et
420 3135 527 3188 fervore
540 3133 688 3201 religionis,
704 3135 769 3187 loris
782 3134 873 3187 studio
885 3135 1013 3186 caritatis.
1029 3137 1060 3187 ln
1070 3149 1132 3202 qua,
1148 3136 1234 3203 gratia
1246 3137 1303 3203 bei,
1317 3138 1354 3190 ab
1371 3139 1452 3193 initio

213 3250 302 3303 usque
319 3250 393 3289 nunc
410 3215 502 3301 plures
514 3237 627 3287 virtutes
640 3240 704 3287 sunt
724 3235 810 3287 iactae
823 3240 849 3287 et
861 3240 996 3296 ostensae,
1015 3233 1049 3287 de
1067 3235 1167 3300 quibus
1185 3248 1269 3287 unam
1288 3248 1304 3288 c
1322 3237 1454 3302 pluribus

213 3348 313 3402 operae
325 3334 443 3401 pretium
456 3333 583 3387 duximus
594 3333 655 3387 stilo
668 3333 709 3386 vel
722 3334 826 3386 calamo
844 3333 1004 3399 exprimere.

248 3435 280 3488 3.
294 3438 365 3487 llaec
379 3434 493 3487 ecclesia
506 3435 594 3500 primo
616 3432 728 3485 tundata
741 3439 781 3485 est
801 3438 829 3486 et
841 3437 997 3486 constructa
1010 3432 1037 3484 in
1054 3433 1126 3499 villa,
1140 3446 1210 3499 quae
1224 3433 1324 3487 dicitur
1339 3437 1453 3490 liurnen
1472 3440 1506 3491 bb

216 3533 289 3587 villa.
303 3532 354 3585 Sed
368 3533 497 3600 quoniam
511 3533 582 3585 idem
605 3532 681 3584 locus
701 3535 758 3584 erat
781 3532 928 3598 inaquosus
950 3536 977 3583 ct
989 3531 1080 3584 minus
1097 3536 1177 3597 aptus
1193 3533 1255 3584 usui
1277 3534 1454 3600 monachico,

216 3635 289 3687 idern
302 3633 464 3686 venerahilis
476 3634 516 3686 vir
530 3633 641 3686 mumvit
653 3646 713 3685 earn
727 3638 795 3684 nutu
808 3633 854 3684 bei
868 3633 895 3684 ln
908 3632 1092 3697 supradictum
1113 3632 1212 3699 locum,
1226 3639 1254 3685 ct
1270 3636 1381 3688 monitu
1394 3636 1457 3690 bea·

216 3738 259 3786 tae
271 3733 379 3798 itariae,
394 3732 453 3798 piae
467 3733 560 3785 matris
574 3732 689 3794 bomini,
703 3746 753 3798 per
764 3732 907 3784 visionem.
920 3733 949 3784 ln
961 3745 1016 3798 quo
1028 3730 1175 3785 aedificans
1188 3733 1332 3785 ecclesiam
1351 3740 1381 3787 et
1393 3735 1454 3788 oill-

217 3833 293 3886 cinas
307 3831 610 3884 monachisserundunr
634 3832 792 3898 pauperiem
805 3844 881 3884 suam
904 3835 930 3885 et
951 3830 1103 3884 seeundum
1125 3831 1289 3898 positionem
1302 3833 1353 3886 loci
1374 3835 1456 3889 valde

217 3931 422 3997 convenientes,
437 3930 499 3982 lecit
512 3930 597 3995 ipsam
610 3929 752 3983 ecclesiam
767 3930 887 3983 dedicari
901 3931 928 3982 in
943 3932 1075 3983 honorem
1088 3932 1183 3984 beatae
1196 3935 1224 3985 et
1236 3938 1390 4000 perpetuae
1400 3936 1457 3988 t'ir·
1474 3939 1508 3990 stt

217 4031 288 4099 ginis
308 4030 405 4082 itariae
428 4043 443 4082 a
465 4031 654 4098 Rotomagcnsi
676 4030 879 4096 archipraesule
907 4029 1033 4098 llalgorie
1054 4031 1168 4096 septimo
1197 4031 1329 4085 kalendas
1349 4036 1453 4088 martii.

218 4129 359 4197 Siquidem
371 4129 486 4196 primam
499 4129 653 4189 eeclesiam,
667 4143 749 4196 quam
771 4135 959 4183 construxerat
972 4131 999 4182 ln
1020 4133 1128 4183 burnan
1141 4131 1204 4183 villa
1218 4131 1361 4185 dedicarat
1374 4148 1456 4190 vene

217 4229 311 4282 rabilis
325 4228 471 4281 lietbertus
490 4228 668 4280 luxoviensis
689 4228 872 4294 episcopus‚a
897 4241 951 4295 quo
972 4229 1031 4294 ipse
1054 4228 1222 4282 honorabilis
1235 4235 1312 4295 pater
1329 4234 1455 4298 primum

217 4335 359 4395 acceperat
371 4327 493 4380 habitum
507 4327 707 4392 rrronachieum,
721 4340 783 4380 cum
796 4333 867 4380 esset
885 4340 1019 4379 annorum
1032 4329 1211 4395 septuaginta,
1225 4328 1273 4395 qui
1286 4334 1353 4383 tunc
1365 4333 1458 4387 extitit

218 4426 379 4478 millesimus
393 4425 546 4477 tricesimus
564 4432 677 4490 quartus
697 4425 730 4477 ab
752 4426 940 4479 incarnatione
952 4426 1058 4478 Domini
1080 4440 1180 4492 annus,
1193 4433 1224 4479 ut
1245 4440 1329 4493 supra
1347 4429 1456 4485 dietum
1474 4437 1507 4487 ld

217 4531 267 4578 est.
281 4525 330 4589 Qui
344 4531 435 4591 postea
448 4523 482 4576 ab
495 4522 592 4576 eodem
613 4523 732 4577 antistite
745 4526 828 4577 sacris
847 4525 990 4578 ordinibus
1009 4525 1181 4592 sublimatus,
1192 4526 1278 4579 abbas
1295 4534 1341 4581 est
1353 4534 1458 4585 consti·

217 4628 301 4676 tutus.
