3278 5482
201 120 269 186 212
541 130 665 181 caran.
686 129 788 179 cono.
807 129 981 180 naamon.
1000 127 1081 178 aar.

345 309 384 380 et
401 299 535 378 matris
567 320 702 376 earum
730 296 912 397 Sophiae,
935 319 1035 398 quae
1060 295 1282 374 celebratur
1298 295 1430 374 kalen·

345 426 415 504 das
433 423 585 526 augusti
604 423 683 519 [iol.
706 423 923 518 ilbi-illi).

226 561 279 616 ild.
292 558 435 628 Legenda
452 558 557 612 Aurea
569 556 675 621 (colon.
690 557 773 621 1483),
788 555 835 608 iol.
849 557 950 608 itast.

296 659 360 738 640
389 657 472 735 Vita
503 655 624 734 sancii
659 654 837 732 Germani
881 652 1212 733 autisiodorensis
1256 644 1436 756 episcopi

346 779 424 877 (fol.
448 778 693 879 llll-idoli*

232 916 311 968 Deest
331 912 497 982 epitaphium
521 913 549 964 in
570 911 635 964 tine.
649 910 770 964 Libellus
790 910 824 963 de
842 909 1023 962 conversione
1041 911 1068 961 S.
1082 907 1245 976 Mamertini,
1258 909 1306 976 qui
1326 910 1354 962 iu
1370 910 1443 962 Vita

199 1012 272 1067 edita
284 1012 382 1081 legitur
394 1024 471 1063 num.
486 1013 570 1076 18-57,
585 1011 614 1061 in
626 1010 687 1064 cod.
701 1014 762 1076 post
773 1010 860 1061 Vitam
871 1008 1026 1075 descriptus
1037 1012 1079 1060 est
1090 1007 1147 1072 (iol.
1162 1009 1317 1073 iliis-lbos).

298 1108 552 1210 delegendae
568 1109 606 1186 in
622 1106 1059 1186 iestosanctilohannis
1076 1105 1245 1206 apostoli
1260 1116 1299 1186 et
1316 1130 1453 1187 evan-

345 1231 504 1337 gelistae
522 1244 611 1313 ante
628 1241 784 1335 portam
801 1232 976 1311 Latinam
997 1232 1076 1325 (fol.
1100 1230 1325 1328 leot-ltin.

234 1369 343 1422 initium
365 1382 396 1422 ac
415 1367 478 1421 inis
496 1368 635 1421 Passionis
654 1354 752 1420 editae
764 1365 836 1432 apud
857 1367 1042 1420 llombritium
1054 1383 1061 1432 ;
1075 1366 1179 1420 scilicet
1196 1367 1298 1434 passio,
1311 1366 1434 1420 exiliuru
1453 1392 1467 1421 Ἰ

200 1453 340 1506 certamen
352 1465 414 1507 cum
427 1450 610 1515 Aristodemo,
624 1463 698 1503 mors
711 1456 739 1502 et
750 1449 903 1516 sepultura.

534 1881 744 1995 Appendix
778 1881 828 1970 ad
849 1881 928 1970 cod.
955 1879 1082 1968 5322.

326 2093 329 2099 ’
385 2099 506 2165 Passio
531 2096 565 2165 S.
586 2098 741 2164 Baunruu
765 2095 846 2184 (Cir.
867 2117 977 2183 supra,
998 2118 1030 2183 p.
1049 2054 1130 2176 208,
1149 2094 1235 2184 24⁰).

491 2288 618 2350 Passio
640 2288 757 2350 sancti
778 2287 933 2350 Bcudilll
954 2286 1145 2360 martvris.

241 2491 269 2542 1.
282 2492 444 2545 sanctorum
461 2494 611 2557 martymm
623 2491 741 2558 gloriosa
753 2490 912 2553 certamina,
926 2489 1064 2543 vivacibus
1081 2489 1275 2543 commendata
1291 2490 1436 2544 documen·
1464 2499 1485 2515 ⁴

203 2590 248 2659 tis,
261 2590 403 2660 religiosae
419 2591 573 2645 devotionis
589 2591 757 2645 sollemnitas
775 2590 861 2645 avidis
878 2590 999 2643 fidelium
1012 2590 1139 2643 sensibus
1156 2590 1240 2644 debet
1259 2594 1436 2659 astruerent

203 2702 320 2757 quorum
333 2687 458 2757 suffragia
474 2690 654 2756 postulamus,
668 2703 763 2742 eorum
780 2690 876 2741 merita
889 2690 945 2742 suis
963 2690 1093 2741 virtutum
1112 2689 1241 2742 laudibus
1259 2690 1435 2746 extollamus.

203 2790 293 2843 saneti
304 2789 396 2856 itaque
406 2789 531 2855 baudilii,
543 2790 734 2842 nemausensis
742 2789 818 2842 urbis
831 2789 932 2854 proprii
944 2789 1069 2854 martyris
1081 2789 1330 2855 intercessorisque
1341 2790 1436 2857 nostri,

203 2887 248 2941 cui
265 2887 398 2941 hodierno
419 2886 464 2939 die
485 2901 534 2954 pro
557 2889 603 2939 liei
625 2888 723 2940 timore
745 2887 926 2940 celebrandae
948 2887 1140 2941 sollemnitatis
1160 2892 1222 2941 vota
1243 2889 1437 2958 persolvimus,

203 2985 334 3052 potuisset
350 2999 365 3038 a
379 2991 502 3051 tempore
515 2986 652 3051 passionis
669 2999 736 3039 suae
753 2999 840 3052 usque
859 2985 893 3038 ad
912 2991 1032 3038 nostram
1051 2985 1237 3051 posteritatem
1258 2987 1438 3055 antiquorum

201 3065 345 3139 instructio
365 3084 538 3139 documentis
559 3085 731 3139 evidentibus
752 3085 905 3138 litterarum
926 3086 1056 3138 mandare
1076 3086 1200 3149 virtutes,
1214 3085 1277 3152 nisi,
1291 3091 1323 3139 ut
1344 3087 1438 3156 religio

203 3186 347 3239 manifesta
367 3185 500 3253 designat,
515 3191 637 3252 tempore
657 3199 712 3252 quo
733 3199 863 3239 coronam
885 3187 1006 3252 martyrii
1022 3186 1136 3239 Domino
1155 3186 1294 3239 tribuente
1315 3188 1437 3255 suscepit

203 3283 294 3338 adbuc
313 3285 431 3337 maxima
451 3296 515 3351 pars
536 3286 679 3337 bominum
697 3285 791 3352 gentili
820 3285 1013 3350 superstitione
1037 3284 1189 3352 langueret,
1209 3284 1304 3338 deerat
1328 3299 1438 3354 quoquc

202 3383 400 3437 venerabilium
414 3381 585 3435 sacerdotum
598 3381 723 3436 doctrina
736 3383 872 3435 caelestis.
886 3382 938 3434 Sed
957 3396 1028 3449 quae
1046 3381 1181 3449 usquead
1200 3389 1325 3436 nostram
1338 3397 1437 3439 meme

203 3481 273 3536 riam
284 3481 318 3534 de
330 3481 388 3546 ejus
401 3483 528 3548 martyrio
551 3494 599 3547 per
619 3493 712 3533 servos
733 3482 779 3533 bei
800 3487 827 3534 et
847 3482 1019 3534 venerabiles
1031 3479 1187 3535 sacerdotes
1205 3481 1274 3535 tides
1291 3484 1437 3537 manifesta

203 3580 335 3645 declarat,
348 3592 399 3633 nos
411 3579 444 3632 ad
457 3585 581 3646 posteros
594 3585 702 3632 nostros
717 3594 808 3633 rerum
821 3588 959 3648 gestarum
974 3579 1054 3633 intem
1069 3580 1183 3646 probata
1195 3581 1310 3635 veritate
1323 3583 1434 3637 manda·

204 3693 275 3744 mus,
288 3685 318 3731 ut
330 3679 398 3732 tanti
412 3680 535 3746 martyris
547 3679 664 3746 gloriosa
676 3681 812 3734 consessio
824 3682 853 3734 in
867 3686 989 3747 tempora
1002 3686 1128 3733 secutura
1140 3680 1281 3734 clarescat.
1449 3682 1485 3727 e

238 3778 269 3831 2.
283 3780 307 3831 ls
320 3779 377 3845 ipse
390 3784 500 3830 sanctus
514 3778 651 3831 Baudilius
665 3784 766 3845 martyr
784 3795 846 3833 cum
857 3781 949 3849 jugale
966 3793 1014 3833 sua
1036 3779 1070 3832 ad
1083 3779 1279 3834 habitationem
1291 3780 1370 3835 urbis
1386 3783 1434 3835 Ne·

205 3879 390 3932 mausensium
411 3891 444 3930 ea
456 3878 516 3930 aliis
528 3879 685 3945 regionibus
702 3879 867 3934 adventavit.
881 3884 947 3934 Cum
968 3882 1049 3948 igitur
1062 3881 1091 3933 in
1109 3881 1182 3934 bunc
1195 3880 1296 3946 locum,
1309 3882 1359 3935 ubi
1378 3894 1435 3934 cor·

205 3992 256 4047 pus
273 3991 352 4030 suum
375 3977 538 4029 christianae
553 3978 653 4045 jugalis
671 3981 908 4034 commendatione
929 3982 1013 4034 vivaci
1035 3984 1214 4033 monumento
1232 3955 1366 4047 servatur,
1380 3982 1432 4033 beo

205 4082 345 4132 annuente
366 4081 544 4143 percepturus
565 4078 677 4145 gloriam
691 4079 854 4148 advenisset,
868 4086 949 4146 atque
963 4079 1065 4132 ibidem
1088 4080 1159 4130 iuter
1178 4078 1319 4146 vulgarem
1339 4079 1430 4133 silvam

204 4158 347 4247 gentilium
360 4177 467 4244 agmina
479 4177 674 4232 sacrificiorum
688 4194 800 4233 suorum
815 4181 883 4232 ritus
896 4185 924 4231 et
942 4178 1011 4231 idola
1030 4178 1176 4231 adorantes
1189 4179 1348 4245 invenisset,
1360 4190 1427 4231 unus
1453 4171 1485 4221 Ἐ

205 4284 287 4345 atque
305 4276 374 4330 alins
392 4276 453 4342 quis
475 4282 547 4330 esset
564 4279 740 4332 erediderunt
758 4278 963 4346 inquirendum.
977 4281 1053 4330 Tune
1070 4277 1209 4331 baudilius
1228 4285 1349 4342 sanctus,
1361 4278 1428 4332 velut

206 4378 326 4431 monitus
338 4378 367 4429 in
387 4377 520 4442 praelium
533 4378 684 4445 intrepidus
704 4381 783 4432 miles
800 4381 964 4445 imperatore
985 4385 1139 4444 praesente,
1153 4385 1292 4433 auctorem
1311 4379 1425 4434 suomet
