3316 5482
212 329 279 394 478
551 345 679 396 cnunc.
697 344 800 395 cono.
819 343 995 395 naamon.
1015 342 1096 394 aar.

310 512 350 592 3⁰
376 512 587 607 [Hincmari
620 512 785 614 epistola
802 511 854 590 ad
885 511 1066 590 Carolum
1085 507 1248 589 Calvum
1274 507 1372 611 imp.
1394 507 1431 586 de

359 638 436 717 vita
455 637 494 717 S.
511 638 701 741 Dionysii]
718 638 798 739 (fol.
820 637 983 732 ibt-itit).

244 770 294 824 uu.
308 772 336 824 a.
350 773 746 839 u.‚t0m.cxxv1,p.rsa-ur.

386 1183 625 1274 GDGLXXV.
649 1184 776 1273 (lodex
796 1183 989 1295 signabis
1015 1208 1128 1273 num.
1155 1183 1281 1273 5570.

243 1382 313 1450 oiim
326 1398 500 1452 colbertinus
511 1400 587 1465 saut,
600 1397 701 1453 cernue
714 1398 811 1467 uenus
823 1399 851 1450 c.
866 1399 941 1450 ιιιι.
954 1399 978 1449 a.
993 1400 1018 1450 a.

240 1498 379 1551 Foliorum
393 1500 434 1562 74,
448 1511 481 1551 ex
495 1497 610 1551 diversis
619 1498 754 1552 codicillis
763 1502 932 1565 compactus,
945 1508 1062 1563 quorum
1072 1495 1178 1563 primus
1188 1501 1214 1550 et
1223 1494 1366 1548 maximus
1377 1499 1445 1562 pato

208 1596 265 1650 iere
280 1598 502 1664 0m‚235><0,l55,
516 1598 596 1650 lineis
609 1596 709 1665 plenis,
723 1600 851 1652 exaratus
863 1596 973 1650 sacculo
986 1597 1040 1649 llll.

241 1697 330 1749 linum
342 1696 371 1748 in
385 1710 418 1750 co
431 1697 524 1750 codice
534 1698 691 1751 continetur
702 1697 898 1750 documentum
912 1694 1161 1763 hagiograpbicum
1175 1706 1276 1761 nempe

306 1794 439 1873 Passio
456 1795 692 1875 sanctissimi
710 1793 933 1897 Dionysii...
953 1792 1031 1893 (fol.
1054 1787 1220 1893 diditi*

240 1927 358 1980 Auctore
372 1927 509 1982 llilduino.

679 2097 966 2115 ——

674 2119 973 2144 —

383 2334 642 2426 ccccxxvi.
665 2336 790 2425 codex
811 2338 1000 2448 signatus
1030 2361 1142 2427 uum.
1167 2335 1290 2425 5571.

241 2547 310 2599 Olim
322 2548 479 2615 Tbuaneus,
493 2550 594 2605 deinde
607 2551 780 2606 colbertinus
792 2553 870 2617 5595,
885 2555 979 2618 postea
992 2551 1092 2618 Regius
1105 2553 1133 2602 c.
1147 2550 1224 2602 titt.
1237 2550 1263 2602 o.
1276 2562 1306 2602 u.

242 2645 380 2700 Foliorum
392 2650 435 2715 85,
449 2650 516 2702 min.
529 2651 765 2717 (immixtam),
779 2651 860 2704 lineis
873 2650 974 2716 plenis,
989 2655 1115 2703 exaratus
1128 2662 1200 2702 saec.
1215 2651 1246 2702 ll.

309 2751 348 2825 1⁰
374 2747 520 2843 [Passio
538 2751 661 2828 sancti
680 2750 802 2851 Xysti]
820 2749 898 2846 (fol.
921 2750 1002 2841 w

241 2873 376 2939 Acenbala
386 2873 441 2926 inc.
452 2874 634 2940 supplicare
642 2877 672 2927 et
683 2874 879 2942 sacrificare,
891 2874 926 2926 tn
938 2861 1045 2927 eodem
1054 2874 1117 2928 loco
1126 2872 1231 2940 capite
1245 2874 1441 2927 truncentur.

305 2970 345 3046 2⁰
371 2971 501 3048 Passio
520 2971 737 3049 beatissimi
756 2972 950 3050 Laurentii
980 2972 1162 3073 martyris
1182 2980 1221 3047 et.
1246 2970 1443 3047 archidia-

354 3095 457 3193 coni,
479 3095 588 3196 quod
609 3104 667 3173 est
681 3121 739 3172 ιιιι
759 3096 848 3176 idus
867 3095 1019 3197 augusti
1038 3095 1115 3195 (iol.
1135 3093 1279 3193 ll-bllf

239 3221 330 3274 liutila
342 3219 370 3272 in
384 3220 439 3274 fine
450 3221 551 3273 desinit
564 3222 676 3287 rapuit
688 3234 801 3288 cornus
815 3222 881 3287 ejus
901 3220 1070 3288 Yppolttua.

303 3317 343 3394 3⁰
371 3318 515 3414 [Passio
534 3318 657 3395 sancti
679 3317 910 3410 Sebastiam]
928 3320 1005 3419 [fol.
1028 3320 1195 3419 'll-idi*

222 3450 371 3524 *Accubala
384 3451 438 3504 inc.
452 3452 505 3518 qui
516 3451 636 3518 flaccum
648 3463 792 3518 messum
805 3452 941 3521 improbo
953 3452 1028 3506 nisu
1039 3450 1191 3504 distendit
1201 3451 1290 3516 (num.
1306 3454 1435 3515 ittarta).

304 3553 344 3628 4⁰
369 3552 500 3630 Passio
515 3551 638 3630 sancti
655 3551 866 3650 Theodori,
884 3548 993 3654 quod
1006 3557 1064 3627 est
1079 3574 1099 3625 v
1113 3547 1203 3626 idus
1219 3547 1435 3627 decembris

367 3676 385 3751 f
426 3737 433 3752 1
505 3676 559 3750 [1
590 3678 650 3752 ‘.*

306 3799 345 3874 5⁰
356 3676 503 3878 (brissiis)
520 3675 742 3880 sagiorum
762 3801 963 3904 chrysanti
979 3806 1017 3878 at
1035 3798 1185 3895 Daciae,
1206 3822 1310 3901 quae
1328 3807 1384 3877 est
1398 3818 1433 3873 ιιι

357 3923 542 4001 kalendas
561 3924 783 4004 decembris
800 3926 877 4024 lfol.
902 3922 1089 4023 loeson*

306 4048 345 4124 6⁰
374 4046 505 4126 Passio
516 4058 740 4127 sanctorum
755 4050 917 4128 Cosmae
933 4057 971 4126 ot
984 4046 1160 4123 Damiani
1176 4047 1426 4137 medicorum,

343 4169 453 4270 quod
470 4179 528 4250 est
545 4197 568 4251 v
586 4171 771 4250 kalendas
789 4170 963 4251 octobris
980 4170 1021 4271 (l)
1038 4170 1115 4269 (fol.
1138 4170 1311 4272 dol-Sir).

238 4303 286 4355 Ed.
301 4302 365 4356 Act.
379 4305 436 4370 SS.,
450 4305 484 4357 ad
496 4304 523 4357 d.
537 4306 569 4357 27
581 4307 667 4371 sant,
681 4309 746 4358 tom.
762 4305 819 4368 Vll,
834 4320 860 4372 n.
874 4305 970 4358 lbi-'ld
980 4304 1083 4368 (Passio
1097 4305 1212 4369 quarta).

237 4499 271 4564 (l)
289 4499 357 4552 ldd.
372 4500 401 4552 in
413 4500 591 4567 inscriptione
613 4517 619 4552 ε
643 4502 833 4569 oaicmnque
844 4505 946 4556 autem
959 4504 1176 4571 commoverit,
1198 4508 1229 4559 et
1242 4505 1319 4561 baec
1331 4501 1425 4574 porcio

207 4581 286 4635 tecta
299 4580 398 4649 fuerit
408 4594 503 4648 super
514 4596 593 4651 curn,
606 4583 755 4637 Dominus
767 4586 916 4639 misertus
927 4586 990 4640 erit
1001 4587 1040 4641 ei.
