3316 5482
280 129 374 181 etan.
393 130 477 182 ner.
496 129 614 183 rents.
633 152 679 164 -
694 129 848 181 menno.
867 131 915 182 uo
932 131 1009 183 con.
1029 127 1104 180 5321.
1252 115 1320 182 203

34 286 40 319 ³
95 288 312 367 1lieusossuum,
326 297 415 352 dixit:
432 299 516 360 Quod
530 298 682 368 promisit
694 301 774 354 Dens
785 312 856 354 cum
869 299 1053 367 juramento
1070 297 1215 354 Abrahae
1227 300 1321 367 patri

93 401 199 455 nostro
213 402 242 455 et
252 400 335 469 qnod
355 400 391 454 in
401 401 520 455 semine
530 401 598 468 teins
615 400 871 456 hereditarentnr
887 414 992 456 omnes
1008 403 1122 470 pentes,
1133 400 1172 455 in
1191 402 1320 457 Domino

59 482 62 489 '
90 502 197 554 nostro
207 501 279 555 iesu
294 498 415 555 Christo
426 502 598 570 compleuit,
608 502 664 569 qai
673 504 720 555 est
731 514 824 556 verns
835 501 891 568 Dei
902 501 1001 570 filins,
1015 501 1054 555 de
1064 513 1123 569 pao
1135 513 1241 556 annes
1244 512 1320 569 pro·

81 591 199 657 ehem
207 598 359 653 amoram
370 598 453 666 qaod
464 599 591 653 veniens
603 600 756 653 mandam
770 598 917 653 liberaret
929 597 968 652 ab
980 598 1136 653 idolorum
1147 598 1318 666 etrorthns,

55 688 73 741 d
85 694 122 744 et
130 697 248 765 ohaam
256 697 324 764 mas
333 696 390 752 hoc
399 699 486 767 esset,
499 699 532 750 nt
540 709 647 753 caecos
656 699 868 767 illuminaret,
878 698 1015 765 leprosos
1024 697 1319 767 mandaret,sardis

80 796 229 851 auditum
237 797 384 852 redderet
392 797 594 866 omnibusque
602 798 852 867 aepritadtnious
861 799 956 868 finem
963 798 1142 867 imponeret,
1152 799 1318 854 daemones

78 900 133 944 αι·
151 894 272 950 obsessis
291 895 473 964 capotius
492 898 672 966 expelleret,
693 900 723 951 et
740 897 824 965 ipsos
841 909 960 966 quoqne
978 899 1118 952 mortuos
1137 897 1315 952 sascttoret.

72 986 171 1049 Haec
180 997 283 1050 antem
295 996 335 1049 cie
345 995 413 1064 ipso
425 996 511 1051 dicta
523 999 553 1050 et
564 996 603 1050 ah
615 997 683 1064 ipso
694 998 847 1064 completa
858 998 1024 1051 sant.l1aec
1035 1001 1063 1050 et
1075 997 1118 1050 his
1129 996 1229 1050 similia
1237 1010 1318 1064 prae·

69 1084 194 1149 dimna
213 1096 365 1163 Timotheo,
383 1096 534 1151 ohsistehat
550 1097 679 1150 thiathar
695 1098 934 1166 archisynagogus,
952 1096 1073 1152 dicens:
1098 1097 1205 1151 iesum
1225 1109 1316 1165 quem

13 1180 48 1233 ¹⁰
64 1185 190 1247 dicitis
200 1194 306 1263 tilium
322 1195 386 1264 Det,
400 1196 464 1250 ista
475 1195 582 1250 omnia
593 1196 685 1265 sipha
695 1195 807 1265 fecisse
819 1198 848 1251 et
868 1195 951 1251 hanc
964 1196 1031 1250 snas
1049 1195 1215 1264 discipulis
1229 1198 1314 1264 pote·

67 1289 197 1347 “atem
216 1293 348 1360 dedisse,
360 1307 429 1351 ecce
442 1296 477 1349 tn
494 1295 671 1364 discipalns
688 1296 755 1362 aas
767 1309 810 1350 es.
824 1295 928 1350 Filias
947 1294 1064 1364 fratria
1075 1294 1138 1348 mei
1156 1297 1231 1349 sant
1251 1296 1314 1351 auo

65 1395 203 1445 menses
218 1391 321 1460 pund]
340 1391 488 1461 hydropis
501 1393 641 1448 morbum
653 1394 802 1449 incurrit.
811 1394 939 1450 Veniens
951 1394 995 1448 ad
1005 1393 1132 1450 domam
1143 1393 1220 1463 eins,
1233 1406 1313 1449 cama

66 1483 188 1560 illum,
200 1492 397 1548 etoredimns
416 1505 492 1548 vero
512 1507 579 1548 esse
598 1507 679 1563 qnae
699 1495 844 1563 locareris.
859 1495 908 1548 cui
928 1495 1087 1549 Timotheus
1109 1494 1163 1548 ait:
1177 1493 1248 1549 Non
1267 1496 1313 1548 est

56 1583 201 1649 meum
212 1595 248 1647 at
257 1606 312 1660 epo
324 1594 367 1648 ud
378 1595 503 1649 domum
515 1595 584 1662 eim
594 1595 711 1649 radam
720 1610 730 1654 ‚·
740 1595 796 1650 scd
815 1595 882 1663 ipse
897 1593 958 1649 hac
975 1594 1149 1665 deseratur,
1161 1595 1191 1648 et
1207 1593 1309 1648 omnis

10 1677 48 1731 ¹5
60 1691 218 1756 popalus
233 1691 339 1746 videat
352 1693 583 1761 moritattnnn
600 1694 667 1760 eins
688 1693 721 1748 in
742 1693 868 1748 nomine
886 1693 1011 1749 Domini
1030 1693 1092 1748 mei
1107 1693 1181 1748 Iesu
1195 1691 1312 1748 Christi

64 1787 212 1843 salvari.
226 1792 293 1845 cum
315 1792 383 1846 haec
400 1792 559 1847 Timotheus
578 1792 701 1858 dixisset,
720 1792 793 1847 dicto
813 1794 894 1848 citius
915 1794 955 1847 sic
975 1793 1004 1846 in
1024 1792 1125 1848 lectulo
1146 1792 1310 1860 hydropicus

63 1877 189 1943 iuvem
208 1890 351 1944 exhihetur
368 1895 396 1944 et
416 1892 445 1944 in
466 1891 557 1945 media
578 1905 713 1961 synagoga
733 1893 855 1959 ponitur.
876 1896 952 1947 Tunc
970 1893 1138 1959 Timotheus,
1151 1891 1310 1958 expandens

68 1990 258 2043 manassias
278 1989 313 2043 ad
333 1990 487 2058 Dominum,
500 1990 569 2044 dixit
590 2005 597 2042 ε
619 1992 700 2045 Deus
717 1989 869 2060 Abrahae,
882 1992 964 2045 Deua
984 1991 1087 2061 Isaac,
1103 1992 1183 2046 Deos
1203 1989 1305 2058 Jacob,

68 2086 204 2143 ostende
213 2102 289 2144 aaa
300 2102 366 2144 esse
376 2103 456 2158 onae
466 2090 539 2144 dim
549 2091 583 2145 in
595 2091 724 2146 Domino
736 2093 841 2146 nostro
853 2092 927 2146 Jesn
948 2090 1066 2146 Christo
1078 2091 1147 2160 pilio
1159 2093 1211 2144 tao
1225 2103 1306 2145 com·

19 2167 58 2226 Ἃ
66 2179 175 2255 oleta,
187 2191 216 2242 et
226 2188 302 2257 quia
313 2190 380 2257 ipse
390 2192 436 2244 est
447 2203 540 2244 vemas
551 2191 641 2258 filins
654 2193 744 2256 tuns,·
757 2191 811 2259 qai
823 2191 857 2245 in
869 2194 958 2245 atero
969 2190 1124 2260 cirpinaii
1133 2204 1174 2245 ea
1183 2189 1305 2258 Spiritu

72 2285 187 2342 ⁸artato
202 2290 366 2356 conceptus
382 2293 411 2344 et
429 2293 536 2358 natas,
548 2290 722 2360 crucifixas
742 2293 771 2345 et
783 2293 926 2346 mortuus
944 2293 973 2346 et
983 2290 1129 2359 sepultas,
1143 2290 1237 2345 tertia
1255 2289 1306 2344 die

73 2385 244 2454 muroena
263 2389 500 2457 apparuitplns
520 2402 614 2457 qaam
630 2390 808 2459 qutnpentis
827 2390 984 2460 fratrihas
1004 2392 1034 2444 et
1050 2388 1177 2444 testibus
1196 2389 1302 2456 simut,

10 2542 12 2563 ἰ
74 2482 221 2542 “nanim
233 2491 339 2542 annm
350 2488 517 2556 dicomulta
528 2489 703 2544 ridentibus
711 2492 783 2557 post
794 2490 1009 2558 quadraointa
1025 2489 1092 2544 dies
1103 2488 1304 2544 resurrectio·

10 2600 15 2673 ιΙ
73 2574 132 2631 lis
152 2599 224 2642 suae
242 2589 384 2642 menan
401 2589 445 2642 aa
462 2591 575 2644 omns.
588 2590 627 2644 m
647 2589 749 2657 spons
769 2589 875 2656 traque
892 2589 1027 2656 mene,
1045 2591 1082 2642 nt
1101 2588 1232 2644 mecam
1251 2589 1307 2643 att

10 2686 18 2751 t-
37 2662 63 2716 ¹⁵
73 2680 158 2740 luia
168 2689 238 2741 tuas
248 2690 295 2742 est
306 2687 406 2756 tilius,
419 2690 559 2743 salvetur
579 2687 629 2744 hic
644 2702 728 2756 puer
739 2701 760 2742 a
775 2688 879 2745 morbo
890 2688 1049 2758 hydropis,
1062 2691 1099 2743 at
1108 2689 1190 2743 sciat
1203 2688 1305 2743 mnnis

10 2766 14 2841 l
71 2779 232 2855 Wnoaopa
243 2787 328 2856 haec,
342 2788 419 2856 qaia
430 2802 513 2843 anus
524 2791 570 2842 est
581 2791 680 2843 tecum
691 2788 840 2843 Dominus
851 2788 940 2842 Jesas
955 2787 1105 2857 Christus,
1117 2788 1216 2843 simui
1232 2801 1304 2844 cnm

10 2872 12 2877 ’
69 2865 195 2939 spiritu
210 2890 319 2942 sancto
338 2899 544 2956 reonansper
563 2887 669 2942 omnia
687 2889 815 2943 saecula
832 2889 1041 2943 saeculoram.
1056 2888 1161 2942 Amen.
1175 2886 1215 2942 td
1233 2890 1303 2942 hanc

68 2977 171 3037 'Oeen
189 2988 320 3040 continuo
346 2987 476 3054 hydropis
497 3001 608 3041 omnem
629 2989 772 3041 humorem
794 2988 914 3041 evomuit
934 2993 962 3041 et
983 2988 1144 3041 sanissimus
1168 2986 1302 3042 redditur.

66 3061 281 3140 'ivenisautem
289 3086 408 3141 clamare
420 3088 509 3153 coepit
518 3093 545 3140 et
554 3087 660 3141 dicere:
670 3087 801 3142 Gratias
811 3086 867 3140 tihi
876 3099 943 3155 apo,
951 3087 1080 3141 Domine
1086 3087 1160 3141 Jesn
1170 3086 1298 3156 Christe,

26 3155 52 3207 ³⁰
63 3172 148 3237 Ma
157 3185 292 3239 salvasti
300 3199 349 3239 me
359 3184 398 3240 ah
407 3185 462 3241 hoc
474 3187 633 3253 lanatiore.
644 3190 724 3241 Tacta
734 3191 776 3239 est
784 3192 876 3240 autem
888 3185 1059 3240 credentium
1072 3187 1100 3240 in
1112 3187 1219 3241 christo
1230 3188 1300 3242 mul·

63 3261 159 3338 mlltlo
170 3285 204 3339 ad
216 3286 271 3340 duc
291 3286 375 3340 millia
388 3287 520 3353 virorum,
533 3288 652 3354 exceptis
673 3288 834 3341 mulieribus
846 3293 872 3341 et
884 3287 1020 3354 parvulis3
1035 3301 1103 3355 quos
1120 3300 1217 3342 omnes
1235 3289 1300 3343 iecit

59 3357 207 3439 baliticare
225 3387 382 3441 Timotheus
402 3399 418 3440 a
438 3391 534 3440 sancto
550 3387 677 3441 Simeone
695 3388 835 3454 episcopo,
854 3389 902 3455 qui
921 3381 1063 3455 acceperat
1080 3388 1147 3442 duas
1168 3388 1297 3455 epistolas

57 3455 146 3533 ¹³²uli
157 3484 272 3550 apostoli
284 3482 319 3538 ad
334 3483 593 3539 Thessalonicenses
606 3486 730 3552 scriptas.

82 3563 135 3630 θ.
149 3582 223 3635 inter
233 3583 284 3637 hos
301 3589 392 3637 autem
413 3596 509 3638 omnes
530 3585 576 3650 qui
595 3582 774 3637 crediderunt
790 3583 842 3636 suit
854 3583 938 3650 virgo,
953 3585 1064 3636 nomine
1084 3587 1214 3654 haltona,
1228 3599 1299 3654 quae

12 3644 40 3698 Β
52 3648 189 3734 hal>ebat
200 3682 340 3736 dominam
350 3684 487 3752 judaeam,
502 3684 615 3738 nomine
626 3684 788 3737 plautillam.
802 3684 851 3736 cui
868 3697 931 3737 cum
949 3691 1020 3737 esset
1035 3685 1218 3740 nuntiatuma
1235 3701 1299 3741 con·

50 3764 156 3832 ⁸²¹’vis
167 3783 228 3849 ejus
240 3782 313 3850 quod
325 3783 457 3850 baptizata
467 3788 540 3838 esset
552 3785 623 3837 inter
637 3785 740 3851 eosqui
750 3783 925 3837 crediderant
937 3785 965 3837 in
974 3785 1081 3839 Christo
1094 3790 1121 3838 el
1130 3787 1300 3853 promisisset

49 3865 73 3906 ⁸⁸
97 3879 245 3948 virginem
259 3896 430 3950 permanere,
444 3885 511 3938 irata
520 3886 601 3952 jussit
613 3898 673 3938 eam
686 3884 771 3949 [duci]
785 3884 818 3938 ad
831 3898 861 3938 se
872 3889 900 3938 et
917 3885 986 3938 dixit
999 3887 1022 3938 si
1037 3901 1043 3936 :
1061 3885 1140 3945 Quid
1158 3889 1204 3941 est
1218 3888 1299 3955 quod

48 3964 166 4034 audio
177 3994 232 4048 epo
243 3983 282 4036 de
301 3985 330 4036 te
341 3997 348 4035 :
363 3984 443 4051 quoti
455 3986 489 4037 ta
500 3997 548 4038 me
559 3984 713 4039 nesciente
725 3997 789 4037 non
800 3985 900 4039 solam
912 3986 943 4038 te
954 3984 1067 4053 feceris
1078 3984 1297 4057 christianam,

46 4062 175 4132 ”eham
186 4079 282 4134 etiam
293 4082 448 4149 virainem
466 4085 495 4136 te
505 4083 641 4138 voveris·
648 4085 916 4150 permansuram?
927 4086 959 4137 ht
974 4096 1129 4138 convocans
1141 4085 1176 4139 ad
1188 4100 1218 4139 se
1231 4099 1294 4140 con·

10 4138 176 4230 wff'vum
188 4193 268 4233 suum
282 4181 394 4235 nomine
407 4185 580 4250 Eupatorem,
594 4181 706 4237 natione
719 4184 853 4249 isaurum,
866 4183 913 4250 qui
927 4184 954 4236 in
967 4184 1068 4251 stupris
1080 4188 1138 4238 erat
1149 4185 1294 4240 tamosissi-

1350 4088 1359 4107 ·
1371 4085 1438 4142 cod.

1332 4153 1460 4208 uolueris.

43 4259 257 4338 mu³³,tradidit
266 4280 343 4333 illam
355 4281 390 4345 ei,
399 4280 492 4334 dicens
502 4283 593 4337 :Ecce
602 4283 676 4336 dedi
685 4281 741 4335 tihi
750 4282 831 4336 hanc
840 4282 1043 4337 conlibertam
1056 4287 1142 4337 taam
1152 4298 1297 4353 uaeram-
1384 4287 1389 4300 '

40 4353 62 4401 εἰ
73 4356 257 4434 resitetiam
277 4380 434 4436 convivium
447 4380 505 4435 lieri
518 4382 669 4452 nuptialcm
681 4384 701 4449 ‘,
716 4383 744 4435 in
756 4394 811 4453 quo
823 4383 942 4438 chriclas
961 4386 987 4436 et
999 4384 1149 4453 petulantia
1161 4388 1189 4439 et
1201 4385 1294 4442 letho·

1357 4385 1367 4409 ⁶
1378 4384 1434 4442 sic.
