<?xml version="1.0" encoding="UTF-8"?>
<!DOCTYPE html PUBLIC "-//W3C//DTD XHTML 1.0 Transitional//EN"
    "http://www.w3.org/TR/xhtml1/DTD/xhtml1-transitional.dtd">
<html xmlns="http://www.w3.org/1999/xhtml" xml:lang="en" lang="en">
 <head>
  <title>
</title>
<meta http-equiv="Content-Type" content="text/html;charset=utf-8" />
  <meta name='ocr-system' content='tesseract 3.04.00' />
  <meta name='ocr-capabilities' content='ocr_page ocr_carea ocr_par ocr_line ocrx_word'/>
</head>
<body>
  <div class='ocr_page' id='page_1' title='image "./cataloguscodicu02manugoog_0367.png"; bbox 0 0 3316 5482; ppageno 0'>
   <div class='ocr_carea' id='block_1_1' title="bbox 339 321 1224 392">
    <p class='ocr_par' dir='ltr' id='par_1_1' title="bbox 339 321 1224 392">
     <span class='ocr_line' id='line_1_1' title="bbox 339 321 1224 392; baseline 0.003 -4"><span class='ocrx_word' id='word_1_1' title='bbox 339 321 407 388; x_wconf 81' lang='lat'><strong>342</strong></span> <span class='ocrx_word' id='word_1_2' title='bbox 682 339 808 390; x_wconf 81' lang='lat' dir='ltr'><strong>oanan.</strong></span> <span class='ocrx_word' id='word_1_3' title='bbox 828 339 929 390; x_wconf 87' lang='lat' dir='ltr'><strong>oooo.</strong></span> <span class='ocrx_word' id='word_1_4' title='bbox 949 340 1124 391; x_wconf 80' lang='lat' dir='ltr'><strong>aaaroon.</strong></span> <span class='ocrx_word' id='word_1_5' title='bbox 1143 341 1224 392; x_wconf 79' lang='lat' dir='ltr'><strong>rar.</strong></span> 
     </span>
    </p>
   </div>
   <div class='ocr_carea' id='block_1_2' title="bbox 157 508 1634 4655">
    <p class='ocr_par' dir='ltr' id='par_1_2' title="bbox 157 508 1634 4655">
     <span class='ocr_line' id='line_1_2' title="bbox 341 508 1591 576; baseline 0.006 -14"><span class='ocrx_word' id='word_1_6' title='bbox 341 509 455 563; x_wconf 88' lang='lat' dir='ltr'><strong>obtentu</strong></span> <span class='ocrx_word' id='word_1_7' title='bbox 472 513 511 562; x_wconf 91' lang='lat' dir='ltr'><strong>tot</strong></span> <span class='ocrx_word' id='word_1_8' title='bbox 529 513 556 561; x_wconf 91' lang='lat' dir='ltr'><strong>et</strong></span> <span class='ocrx_word' id='word_1_9' title='bbox 577 512 650 562; x_wconf 90' lang='lat' dir='ltr'><strong>tanta</strong></span> <span class='ocrx_word' id='word_1_10' title='bbox 663 509 837 563; x_wconf 82' lang='lat' dir='ltr'>curationum</span> <span class='ocrx_word' id='word_1_11' title='bbox 858 522 958 576; x_wconf 80' lang='lat' dir='ltr'><strong>genera</strong></span> <span class='ocrx_word' id='word_1_12' title='bbox 971 508 1064 562; x_wconf 89' lang='lat' dir='ltr'><strong>divina</strong></span> <span class='ocrx_word' id='word_1_13' title='bbox 1077 511 1199 565; x_wconf 90' lang='lat' dir='ltr'><strong>noscitur</strong></span> <span class='ocrx_word' id='word_1_14' title='bbox 1216 512 1374 567; x_wconf 78' lang='lat' dir='ltr'><strong>contulisse</strong></span> <span class='ocrx_word' id='word_1_15' title='bbox 1385 514 1548 570; x_wconf 88' lang='lat' dir='ltr'><strong>clementia</strong></span> <span class='ocrx_word' id='word_1_16' title='bbox 1561 521 1591 570; x_wconf 91' lang='lat' dir='ltr'><strong>nt</strong></span> 
     </span>
     <span class='ocr_line' id='line_1_3' title="bbox 341 608 1591 678; baseline 0.008 -16"><span class='ocrx_word' id='word_1_17' title='bbox 341 621 374 663; x_wconf 90' lang='lat' dir='ltr'><strong>ea</strong></span> <span class='ocrx_word' id='word_1_18' title='bbox 385 608 524 678; x_wconf 83' lang='lat' dir='ltr'><strong>sigillatim</strong></span> <span class='ocrx_word' id='word_1_19' title='bbox 545 609 620 661; x_wconf 89' lang='lat' dir='ltr'><strong>nulla</strong></span> <span class='ocrx_word' id='word_1_20' title='bbox 645 609 768 661; x_wconf 91' lang='lat' dir='ltr'><strong>mortalis</strong></span> <span class='ocrx_word' id='word_1_21' title='bbox 788 622 950 674; x_wconf 90' lang='lat' dir='ltr'><strong>percurrere</strong></span> <span class='ocrx_word' id='word_1_22' title='bbox 971 608 1088 663; x_wconf 81' lang='lat' dir='ltr'><strong>sufficiat</strong></span> <span class='ocrx_word' id='word_1_23' title='bbox 1106 611 1273 678; x_wconf 79' lang='lat' dir='ltr'><strong>eloquentia.</strong></span> <span class='ocrx_word' id='word_1_24' title='bbox 1292 613 1348 666; x_wconf 86' lang='lat' dir='ltr'><strong>Sed</strong></span> <span class='ocrx_word' id='word_1_25' title='bbox 1370 619 1404 667; x_wconf 91' lang='lat' dir='ltr'><strong>ut</strong></span> <span class='ocrx_word' id='word_1_26' title='bbox 1416 614 1591 672; x_wconf 90' lang='lat' dir='ltr'><strong>absoluteet</strong></span> 
     </span>
     <span class='ocr_line' id='line_1_4' title="bbox 342 707 1591 776; baseline 0.007 -14"><span class='ocrx_word' id='word_1_27' title='bbox 342 709 461 762; x_wconf 88' lang='lat' dir='ltr'><strong>breviter</strong></span> <span class='ocrx_word' id='word_1_28' title='bbox 472 707 571 771; x_wconf 90' lang='lat' dir='ltr'><strong>dicam,</strong></span> <span class='ocrx_word' id='word_1_29' title='bbox 585 721 641 761; x_wconf 95' lang='lat' dir='ltr'><strong>non</strong></span> <span class='ocrx_word' id='word_1_30' title='bbox 663 709 754 761; x_wconf 90' lang='lat' dir='ltr'><strong>minus</strong></span> <span class='ocrx_word' id='word_1_31' title='bbox 766 721 850 761; x_wconf 91' lang='lat' dir='ltr'><strong>carne</strong></span> <span class='ocrx_word' id='word_1_32' title='bbox 862 709 968 762; x_wconf 90' lang='lat' dir='ltr'><strong>solutus</strong></span> <span class='ocrx_word' id='word_1_33' title='bbox 988 723 1071 776; x_wconf 92' lang='lat' dir='ltr'><strong>quam</strong></span> <span class='ocrx_word' id='word_1_34' title='bbox 1083 716 1164 765; x_wconf 92' lang='lat' dir='ltr'><strong>antea</strong></span> <span class='ocrx_word' id='word_1_35' title='bbox 1177 711 1272 764; x_wconf 79' lang='lat' dir='ltr'><strong>vivens</strong></span> <span class='ocrx_word' id='word_1_36' title='bbox 1292 712 1320 764; x_wconf 91' lang='lat' dir='ltr'><strong>in</strong></span> <span class='ocrx_word' id='word_1_37' title='bbox 1334 725 1425 768; x_wconf 86' lang='lat' dir='ltr'><strong>carne</strong></span> <span class='ocrx_word' id='word_1_38' title='bbox 1438 715 1591 771; x_wconf 79' lang='grc' dir='ltr'>ιιιιιιιιιιιιιι</span> 
     </span>
     <span class='ocr_line' id='line_1_5' title="bbox 341 807 1588 882; baseline 0.007 -19"><span class='ocrx_word' id='word_1_39' title='bbox 341 808 449 863; x_wconf 87' lang='lat' dir='ltr'><strong>claruit.</strong></span> <span class='ocrx_word' id='word_1_40' title='bbox 473 810 540 860; x_wconf 85' lang='lat' dir='ltr'><strong>llam</strong></span> <span class='ocrx_word' id='word_1_41' title='bbox 563 807 715 861; x_wconf 89' lang='lat' dir='ltr'><strong>daemones</strong></span> <span class='ocrx_word' id='word_1_42' title='bbox 738 808 771 860; x_wconf 91' lang='lat' dir='ltr'><strong>ab</strong></span> <span class='ocrx_word' id='word_1_43' title='bbox 795 809 914 861; x_wconf 87' lang='lat' dir='ltr'><strong>obsessis</strong></span> <span class='ocrx_word' id='word_1_44' title='bbox 936 810 1098 875; x_wconf 91' lang='lat' dir='ltr'><strong>corporibus</strong></span> <span class='ocrx_word' id='word_1_45' title='bbox 1119 808 1255 879; x_wconf 78' lang='lat' dir='ltr'><strong>effugarit,</strong></span> <span class='ocrx_word' id='word_1_46' title='bbox 1275 824 1376 865; x_wconf 88' lang='lat' dir='ltr'><strong>caecos</strong></span> <span class='ocrx_word' id='word_1_47' title='bbox 1400 812 1588 882; x_wconf 84' lang='lat' dir='ltr'><strong>illuminarit,</strong></span> 
     </span>
     <span class='ocr_line' id='line_1_6' title="bbox 341 905 1619 979; baseline 0.009 -20"><span class='ocrx_word' id='word_1_48' title='bbox 341 905 431 959; x_wconf 92' lang='lat' dir='ltr'><strong>surdis</strong></span> <span class='ocrx_word' id='word_1_49' title='bbox 443 906 566 959; x_wconf 91' lang='lat' dir='ltr'><strong>auditum</strong></span> <span class='ocrx_word' id='word_1_50' title='bbox 588 906 716 972; x_wconf 88' lang='lat' dir='ltr'><strong>restituit,</strong></span> <span class='ocrx_word' id='word_1_51' title='bbox 730 905 835 959; x_wconf 93' lang='lat' dir='ltr'><strong>claudis</strong></span> <span class='ocrx_word' id='word_1_52' title='bbox 855 919 980 974; x_wconf 81' lang='lat' dir='ltr'><strong>gressum</strong></span> <span class='ocrx_word' id='word_1_53' title='bbox 994 907 1122 974; x_wconf 87' lang='lat' dir='ltr'><strong>reddidit,</strong></span> <span class='ocrx_word' id='word_1_54' title='bbox 1144 921 1243 961; x_wconf 91' lang='lat' dir='ltr'><strong>manus</strong></span> <span class='ocrx_word' id='word_1_55' title='bbox 1255 915 1281 962; x_wconf 90' lang='lat' dir='ltr'><strong>et</strong></span> <span class='ocrx_word' id='word_1_56' title='bbox 1301 911 1411 979; x_wconf 86' lang='lat' dir='ltr'><strong>reliqua</strong></span> <span class='ocrx_word' id='word_1_57' title='bbox 1427 925 1485 966; x_wconf 88' lang='lat' dir='ltr'><strong>sno</strong></span> <span class='ocrx_word' id='word_1_58' title='bbox 1497 913 1587 969; x_wconf 78' lang='lat' dir='ltr'><strong>officio</strong></span> <span class='ocrx_word' id='word_1_59' title='bbox 1601 918 1619 971; x_wconf 74' lang='lat'>5</span> 
     </span>
     <span class='ocr_line' id='line_1_7' title="bbox 341 1007 1588 1075; baseline 0.006 -15"><span class='ocrx_word' id='word_1_60' title='bbox 341 1007 469 1060; x_wconf 89' lang='lat' dir='ltr'><strong>destituta</strong></span> <span class='ocrx_word' id='word_1_61' title='bbox 489 1007 613 1060; x_wconf 89' lang='lat' dir='ltr'><strong>membra</strong></span> <span class='ocrx_word' id='word_1_62' title='bbox 633 1007 777 1073; x_wconf 87' lang='lat' dir='ltr'><strong>reparavit,</strong></span> <span class='ocrx_word' id='word_1_63' title='bbox 792 1007 897 1060; x_wconf 83' lang='lat' dir='ltr'><strong>febrem</strong></span> <span class='ocrx_word' id='word_1_64' title='bbox 918 1020 1029 1074; x_wconf 90' lang='lat' dir='ltr'><strong>quoque</strong></span> <span class='ocrx_word' id='word_1_65' title='bbox 1049 1007 1095 1061; x_wconf 86' lang='lat' dir='ltr'><strong>vel</strong></span> <span class='ocrx_word' id='word_1_66' title='bbox 1113 1008 1194 1061; x_wconf 92' lang='lat' dir='ltr'><strong>aliam</strong></span> <span class='ocrx_word' id='word_1_67' title='bbox 1213 1010 1366 1075; x_wconf 90' lang='lat' dir='ltr'><strong>quamlibet</strong></span> <span class='ocrx_word' id='word_1_68' title='bbox 1387 1010 1588 1067; x_wconf 80' lang='lat' dir='ltr'><strong>infirmitatem</strong></span> 
     </span>
     <span class='ocr_line' id='line_1_8' title="bbox 343 1104 1588 1180; baseline 0.006 -22"><span class='ocrx_word' id='word_1_69' title='bbox 343 1105 507 1172; x_wconf 91' lang='lat' dir='ltr'><strong>patientibus</strong></span> <span class='ocrx_word' id='word_1_70' title='bbox 518 1118 597 1171; x_wconf 91' lang='lat' dir='ltr'><strong>opem</strong></span> <span class='ocrx_word' id='word_1_71' title='bbox 608 1104 650 1157; x_wconf 92' lang='lat' dir='ltr'><strong>sui</strong></span> <span class='ocrx_word' id='word_1_72' title='bbox 661 1105 804 1157; x_wconf 87' lang='lat' dir='ltr'><strong>levaminis</strong></span> <span class='ocrx_word' id='word_1_73' title='bbox 817 1105 950 1171; x_wconf 91' lang='lat' dir='ltr'><strong>impartiri</strong></span> <span class='ocrx_word' id='word_1_74' title='bbox 963 1118 1019 1159; x_wconf 91' lang='lat' dir='ltr'><strong>non</strong></span> <span class='ocrx_word' id='word_1_75' title='bbox 1031 1105 1147 1158; x_wconf 88' lang='lat' dir='ltr'><strong>distulit.</strong></span> <span class='ocrx_word' id='word_1_76' title='bbox 1161 1108 1181 1159; x_wconf 92' lang='lat'>0</span> <span class='ocrx_word' id='word_1_77' title='bbox 1200 1107 1263 1159; x_wconf 83' lang='lat' dir='ltr'><strong>felir</strong></span> <span class='ocrx_word' id='word_1_78' title='bbox 1275 1112 1301 1160; x_wconf 92' lang='lat' dir='ltr'><strong>et</strong></span> <span class='ocrx_word' id='word_1_79' title='bbox 1311 1109 1389 1160; x_wconf 92' lang='lat' dir='ltr'><strong>omni</strong></span> <span class='ocrx_word' id='word_1_80' title='bbox 1399 1110 1491 1165; x_wconf 86' lang='lat' dir='ltr'><strong>laude</strong></span> <span class='ocrx_word' id='word_1_81' title='bbox 1504 1111 1588 1180; x_wconf 69' lang='lat' dir='ltr'><strong>digna</strong></span> 
     </span>
     <span class='ocr_line' id='line_1_9' title="bbox 342 1203 1586 1276; baseline 0.006 -19"><span class='ocrx_word' id='word_1_82' title='bbox 342 1203 421 1257; x_wconf 92' lang='lat' dir='ltr'><strong>istius</strong></span> <span class='ocrx_word' id='word_1_83' title='bbox 432 1204 558 1270; x_wconf 81' lang='lat' dir='ltr'><strong>martyris</strong></span> <span class='ocrx_word' id='word_1_84' title='bbox 570 1209 764 1257; x_wconf 88' lang='lat' dir='ltr'><strong>momentanea</strong></span> <span class='ocrx_word' id='word_1_85' title='bbox 774 1205 874 1270; x_wconf 84' lang='lat' dir='ltr'><strong>passio,</strong></span> <span class='ocrx_word' id='word_1_86' title='bbox 885 1217 955 1271; x_wconf 91' lang='lat' dir='ltr'><strong>quae</strong></span> <span class='ocrx_word' id='word_1_87' title='bbox 966 1203 1047 1257; x_wconf 87' lang='lat' dir='ltr'><strong>tantis</strong></span> <span class='ocrx_word' id='word_1_88' title='bbox 1057 1210 1152 1270; x_wconf 91' lang='lat' dir='ltr'><strong>postea</strong></span> <span class='ocrx_word' id='word_1_89' title='bbox 1162 1206 1232 1259; x_wconf 87' lang='lat' dir='ltr'><strong>lacta</strong></span> <span class='ocrx_word' id='word_1_90' title='bbox 1241 1212 1282 1259; x_wconf 92' lang='lat' dir='ltr'><strong>est</strong></span> <span class='ocrx_word' id='word_1_91' title='bbox 1291 1208 1420 1261; x_wconf 88' lang='lat' dir='ltr'><strong>sanitatis</strong></span> <span class='ocrx_word' id='word_1_92' title='bbox 1431 1211 1586 1276; x_wconf 84' lang='lat' dir='ltr'><strong>reparatio.</strong></span> 
     </span>
     <span class='ocr_line' id='line_1_10' title="bbox 343 1302 1587 1369; baseline 0.004 -13"><span class='ocrx_word' id='word_1_93' title='bbox 343 1303 456 1356; x_wconf 86' lang='lat' dir='ltr'><strong>Obeata</strong></span> <span class='ocrx_word' id='word_1_94' title='bbox 468 1305 495 1355; x_wconf 90' lang='lat' dir='ltr'><strong>et</strong></span> <span class='ocrx_word' id='word_1_95' title='bbox 515 1302 684 1355; x_wconf 90' lang='lat' dir='ltr'><strong>admirabilis</strong></span> <span class='ocrx_word' id='word_1_96' title='bbox 705 1302 857 1356; x_wconf 86' lang='lat' dir='ltr'><strong>Potentiani</strong></span> <span class='ocrx_word' id='word_1_97' title='bbox 871 1303 1000 1368; x_wconf 90' lang='lat' dir='ltr'><strong>potentia,</strong></span> <span class='ocrx_word' id='word_1_98' title='bbox 1014 1315 1085 1369; x_wconf 88' lang='lat' dir='ltr'><strong>quae</strong></span> <span class='ocrx_word' id='word_1_99' title='bbox 1105 1308 1132 1356; x_wconf 90' lang='lat' dir='ltr'><strong>et</strong></span> <span class='ocrx_word' id='word_1_100' title='bbox 1153 1304 1278 1357; x_wconf 88' lang='lat' dir='ltr'><strong>incaelis</strong></span> <span class='ocrx_word' id='word_1_101' title='bbox 1297 1305 1377 1357; x_wconf 91' lang='lat' dir='ltr'><strong>illum</strong></span> <span class='ocrx_word' id='word_1_102' title='bbox 1390 1309 1544 1365; x_wconf 79' lang='lat' dir='ltr'><strong>coronavit</strong></span> <span class='ocrx_word' id='word_1_103' title='bbox 1559 1313 1587 1363; x_wconf 90' lang='lat' dir='ltr'><strong>et</strong></span> 
     </span>
     <span class='ocr_line' id='line_1_11' title="bbox 343 1401 1632 1468; baseline -0.001 -15"><span class='ocrx_word' id='word_1_104' title='bbox 343 1402 372 1454; x_wconf 91' lang='lat' dir='ltr'><strong>in</strong></span> <span class='ocrx_word' id='word_1_105' title='bbox 385 1401 466 1454; x_wconf 92' lang='lat' dir='ltr'><strong>terris</strong></span> <span class='ocrx_word' id='word_1_106' title='bbox 478 1402 558 1455; x_wconf 92' lang='lat' dir='ltr'><strong>nobis</strong></span> <span class='ocrx_word' id='word_1_107' title='bbox 569 1401 753 1454; x_wconf 89' lang='lat' dir='ltr'><strong>venerabilem</strong></span> <span class='ocrx_word' id='word_1_108' title='bbox 766 1401 919 1468; x_wconf 89' lang='lat' dir='ltr'><strong>adjutorem</strong></span> <span class='ocrx_word' id='word_1_109' title='bbox 930 1402 1064 1454; x_wconf 86' lang='lat' dir='ltr'><strong>exhibuit.</strong></span> <span class='ocrx_word' id='word_1_110' title='bbox 1602 1411 1632 1463; x_wconf 78' lang='lat' dir='ltr'><strong>qq</strong></span> 
     </span>
     <span class='ocr_line' id='line_1_12' title="bbox 378 1500 1586 1575; baseline 0.006 -21"><span class='ocrx_word' id='word_1_111' title='bbox 378 1502 410 1554; x_wconf 82' lang='lat'><strong>5.</strong></span> <span class='ocrx_word' id='word_1_112' title='bbox 428 1501 550 1568; x_wconf 76' lang='lat' dir='ltr'><strong>lienique</strong></span> <span class='ocrx_word' id='word_1_113' title='bbox 562 1500 643 1568; x_wconf 75' lang='lat' dir='ltr'><strong>longo</strong></span> <span class='ocrx_word' id='word_1_114' title='bbox 662 1501 719 1566; x_wconf 84' lang='lat' dir='ltr'><strong>jam</strong></span> <span class='ocrx_word' id='word_1_115' title='bbox 733 1505 856 1567; x_wconf 90' lang='lat' dir='ltr'><strong>tempore</strong></span> <span class='ocrx_word' id='word_1_116' title='bbox 877 1500 985 1554; x_wconf 88' lang='lat' dir='ltr'><strong>evoluto</strong></span> <span class='ocrx_word' id='word_1_117' title='bbox 1004 1506 1030 1553; x_wconf 92' lang='lat' dir='ltr'><strong>et</strong></span> <span class='ocrx_word' id='word_1_118' title='bbox 1043 1500 1129 1555; x_wconf 91' lang='lat' dir='ltr'><strong>multo</strong></span> <span class='ocrx_word' id='word_1_119' title='bbox 1143 1503 1178 1554; x_wconf 93' lang='lat' dir='ltr'><strong>ad</strong></span> <span class='ocrx_word' id='word_1_120' title='bbox 1191 1501 1272 1554; x_wconf 87' lang='lat' dir='ltr'><strong>iidem</strong></span> <span class='ocrx_word' id='word_1_121' title='bbox 1290 1503 1391 1556; x_wconf 84' lang='lat' dir='ltr'><strong>Christi</strong></span> <span class='ocrx_word' id='word_1_122' title='bbox 1404 1506 1514 1572; x_wconf 92' lang='lat' dir='ltr'><strong>populo</strong></span> <span class='ocrx_word' id='word_1_123' title='bbox 1526 1522 1586 1575; x_wconf 89' lang='lat' dir='ltr'><strong>per-</strong></span> 
     </span>
     <span class='ocr_line' id='line_1_13' title="bbox 346 1599 1588 1667; baseline 0.007 -13"><span class='ocrx_word' id='word_1_124' title='bbox 346 1602 440 1666; x_wconf 93' lang='lat' dir='ltr'><strong>ducto,</strong></span> <span class='ocrx_word' id='word_1_125' title='bbox 452 1605 483 1653; x_wconf 88' lang='lat' dir='ltr'><strong>ut</strong></span> <span class='ocrx_word' id='word_1_126' title='bbox 494 1601 639 1652; x_wconf 90' lang='lat' dir='ltr'><strong>innumera</strong></span> <span class='ocrx_word' id='word_1_127' title='bbox 651 1604 677 1653; x_wconf 92' lang='lat' dir='ltr'><strong>et</strong></span> <span class='ocrx_word' id='word_1_128' title='bbox 689 1599 829 1665; x_wconf 90' lang='lat' dir='ltr'><strong>praeclara</strong></span> <span class='ocrx_word' id='word_1_129' title='bbox 840 1600 971 1652; x_wconf 91' lang='lat' dir='ltr'><strong>virtutum</strong></span> <span class='ocrx_word' id='word_1_130' title='bbox 984 1613 1096 1654; x_wconf 90' lang='lat' dir='ltr'><strong>suarum</strong></span> <span class='ocrx_word' id='word_1_131' title='bbox 1109 1613 1192 1667; x_wconf 92' lang='lat' dir='ltr'><strong>opera</strong></span> <span class='ocrx_word' id='word_1_132' title='bbox 1204 1602 1298 1655; x_wconf 93' lang='lat' dir='ltr'><strong>multis</strong></span> <span class='ocrx_word' id='word_1_133' title='bbox 1316 1603 1516 1661; x_wconf 88' lang='lat' dir='ltr'><strong>subveniendo</strong></span> <span class='ocrx_word' id='word_1_134' title='bbox 1528 1608 1588 1663; x_wconf 93' lang='lat' dir='ltr'><strong>lon·</strong></span> 
     </span>
     <span class='ocr_line' id='line_1_14' title="bbox 346 1700 1587 1772; baseline 0.005 -18"><span class='ocrx_word' id='word_1_135' title='bbox 346 1703 407 1770; x_wconf 78' lang='lat' dir='ltr'><strong>gius</strong></span> <span class='ocrx_word' id='word_1_136' title='bbox 418 1700 599 1768; x_wconf 85' lang='lat' dir='ltr'><strong>procederent</strong></span> <span class='ocrx_word' id='word_1_137' title='bbox 610 1705 638 1754; x_wconf 93' lang='lat' dir='ltr'><strong>et</strong></span> <span class='ocrx_word' id='word_1_138' title='bbox 650 1700 826 1772; x_wconf 87' lang='lat' dir='ltr'><strong>procedendo</strong></span> <span class='ocrx_word' id='word_1_139' title='bbox 839 1701 932 1753; x_wconf 86' lang='lat' dir='ltr'><strong>multis</strong></span> <span class='ocrx_word' id='word_1_140' title='bbox 944 1702 1133 1767; x_wconf 79' lang='lat' dir='ltr'><strong>subvenirent,</strong></span> <span class='ocrx_word' id='word_1_141' title='bbox 1147 1702 1180 1754; x_wconf 91' lang='lat' dir='ltr'><strong>ad</strong></span> <span class='ocrx_word' id='word_1_142' title='bbox 1199 1702 1321 1755; x_wconf 89' lang='lat' dir='ltr'><strong>lotbrnm</strong></span> <span class='ocrx_word' id='word_1_143' title='bbox 1333 1705 1389 1757; x_wconf 82' lang='lat' dir='ltr'><strong>lieo</strong></span> <span class='ocrx_word' id='word_1_144' title='bbox 1402 1712 1547 1761; x_wconf 88' lang='lat' dir='ltr'><strong>sacratum</strong></span> <span class='ocrx_word' id='word_1_145' title='bbox 1558 1714 1587 1762; x_wconf 92' lang='lat' dir='ltr'><strong>et</strong></span> 
     </span>
     <span class='ocr_line' id='line_1_15' title="bbox 347 1801 1586 1876; baseline 0.006 -20"><span class='ocrx_word' id='word_1_146' title='bbox 347 1804 547 1857; x_wconf 90' lang='lat' dir='ltr'><strong>multisnotum</strong></span> <span class='ocrx_word' id='word_1_147' title='bbox 567 1801 775 1866; x_wconf 88' lang='lat' dir='ltr'><strong>monasterium,</strong></span> <span class='ocrx_word' id='word_1_148' title='bbox 793 1814 827 1854; x_wconf 88' lang='lat' dir='ltr'><strong>eo</strong></span> <span class='ocrx_word' id='word_1_149' title='bbox 850 1801 1033 1867; x_wconf 89' lang='lat' dir='ltr'><strong>permittente,</strong></span> <span class='ocrx_word' id='word_1_150' title='bbox 1056 1802 1227 1855; x_wconf 87' lang='lat' dir='ltr'><strong>sanctissima</strong></span> <span class='ocrx_word' id='word_1_151' title='bbox 1244 1804 1368 1870; x_wconf 88' lang='lat' dir='ltr'><strong>corporis</strong></span> <span class='ocrx_word' id='word_1_152' title='bbox 1391 1803 1470 1859; x_wconf 90' lang='lat' dir='ltr'><strong>illins</strong></span> <span class='ocrx_word' id='word_1_153' title='bbox 1493 1807 1586 1876; x_wconf 78' lang='lat' dir='ltr'><strong>gleba,</strong></span> 
     </span>
     <span class='ocr_line' id='line_1_16' title="bbox 348 1900 1633 1967; baseline 0.005 -10"><span class='ocrx_word' id='word_1_154' title='bbox 348 1902 607 1957; x_wconf 87' lang='lat' dir='ltr'><strong>ltacinterveniente</strong></span> <span class='ocrx_word' id='word_1_155' title='bbox 616 1915 762 1967; x_wconf 85' lang='lat' dir='ltr'><strong>oausa,per</strong></span> <span class='ocrx_word' id='word_1_156' title='bbox 771 1900 891 1953; x_wconf 88' lang='lat' dir='ltr'><strong>divinam</strong></span> <span class='ocrx_word' id='word_1_157' title='bbox 902 1905 942 1954; x_wconf 91' lang='lat' dir='ltr'><strong>est</strong></span> <span class='ocrx_word' id='word_1_158' title='bbox 951 1901 1148 1954; x_wconf 80' lang='lat' dir='ltr'><strong>honorabiliter</strong></span> <span class='ocrx_word' id='word_1_159' title='bbox 1157 1902 1288 1955; x_wconf 87' lang='lat' dir='ltr'><strong>translata</strong></span> <span class='ocrx_word' id='word_1_160' title='bbox 1298 1903 1493 1961; x_wconf 87' lang='lat' dir='ltr'><strong>clementiam.</strong></span> <span class='ocrx_word' id='word_1_161' title='bbox 1503 1909 1587 1962; x_wconf 84' lang='lat' dir='ltr'><strong>Fama</strong></span> <span class='ocrx_word' id='word_1_162' title='bbox 1603 1909 1633 1963; x_wconf 69' lang='lat' dir='ltr'><strong>li</strong></span> 
     </span>
     <span class='ocr_line' id='line_1_17' title="bbox 348 1999 1587 2073; baseline 0.003 -18"><span class='ocrx_word' id='word_1_163' title='bbox 348 2001 440 2069; x_wconf 91' lang='lat' dir='ltr'><strong>itaque</strong></span> <span class='ocrx_word' id='word_1_164' title='bbox 452 2000 645 2054; x_wconf 84' lang='lat' dir='ltr'><strong>miraculorum</strong></span> <span class='ocrx_word' id='word_1_165' title='bbox 660 1999 733 2052; x_wconf 90' lang='lat' dir='ltr'><strong>illius</strong></span> <span class='ocrx_word' id='word_1_166' title='bbox 745 2001 795 2052; x_wconf 86' lang='lat' dir='ltr'><strong>bac</strong></span> <span class='ocrx_word' id='word_1_167' title='bbox 808 2000 923 2066; x_wconf 89' lang='lat' dir='ltr'><strong>illacque</strong></span> <span class='ocrx_word' id='word_1_168' title='bbox 936 1999 1094 2065; x_wconf 82' lang='lat' dir='ltr'><strong>pervolante</strong></span> <span class='ocrx_word' id='word_1_169' title='bbox 1103 2005 1132 2052; x_wconf 93' lang='lat' dir='ltr'><strong>et</strong></span> <span class='ocrx_word' id='word_1_170' title='bbox 1141 2013 1202 2053; x_wconf 91' lang='lat' dir='ltr'><strong>sese</strong></span> <span class='ocrx_word' id='word_1_171' title='bbox 1212 2000 1291 2067; x_wconf 78' lang='lat' dir='ltr'><strong>longe</strong></span> <span class='ocrx_word' id='word_1_172' title='bbox 1303 2001 1414 2068; x_wconf 89' lang='lat' dir='ltr'><strong>lateque</strong></span> <span class='ocrx_word' id='word_1_173' title='bbox 1424 2011 1587 2073; x_wconf 75' lang='lat' dir='ltr'><strong>spargente,</strong></span> 
     </span>
     <span class='ocr_line' id='line_1_18' title="bbox 347 2099 1588 2167; baseline 0.003 -12"><span class='ocrx_word' id='word_1_174' title='bbox 347 2100 458 2155; x_wconf 88' lang='lat' dir='ltr'><strong>tandem</strong></span> <span class='ocrx_word' id='word_1_175' title='bbox 470 2099 504 2155; x_wconf 92' lang='lat' dir='ltr'><strong>ad</strong></span> <span class='ocrx_word' id='word_1_176' title='bbox 516 2113 597 2152; x_wconf 91' lang='lat' dir='ltr'><strong>aures</strong></span> <span class='ocrx_word' id='word_1_177' title='bbox 609 2099 858 2152; x_wconf 86' lang='lat' dir='ltr'><strong>sanctimonialium</strong></span> <span class='ocrx_word' id='word_1_178' title='bbox 877 2099 962 2164; x_wconf 92' lang='lat' dir='ltr'><strong>ipsius</strong></span> <span class='ocrx_word' id='word_1_179' title='bbox 981 2100 1105 2152; x_wconf 87' lang='lat' dir='ltr'><strong>coenobii</strong></span> <span class='ocrx_word' id='word_1_180' title='bbox 1119 2101 1261 2166; x_wconf 83' lang='lat' dir='ltr'><strong>pervenit3</strong></span> <span class='ocrx_word' id='word_1_181' title='bbox 1279 2114 1349 2167; x_wconf 89' lang='lat' dir='ltr'><strong>quae</strong></span> <span class='ocrx_word' id='word_1_182' title='bbox 1361 2101 1502 2157; x_wconf 87' lang='lat' dir='ltr'><strong>diuturna</strong></span> <span class='ocrx_word' id='word_1_183' title='bbox 1514 2105 1588 2159; x_wconf 87' lang='lat' dir='ltr'><strong>inter</strong></span> 
     </span>
     <span class='ocr_line' id='line_1_19' title="bbox 348 2196 1586 2271; baseline 0.003 -18"><span class='ocrx_word' id='word_1_184' title='bbox 348 2199 415 2254; x_wconf 91' lang='lat' dir='ltr'><strong>alias</strong></span> <span class='ocrx_word' id='word_1_185' title='bbox 436 2198 604 2251; x_wconf 89' lang='lat' dir='ltr'><strong>diversarum</strong></span> <span class='ocrx_word' id='word_1_186' title='bbox 631 2196 807 2250; x_wconf 82' lang='lat' dir='ltr'><strong>afflictionum</strong></span> <span class='ocrx_word' id='word_1_187' title='bbox 828 2210 975 2250; x_wconf 87' lang='lat' dir='ltr'><strong>aerumnas</strong></span> <span class='ocrx_word' id='word_1_188' title='bbox 995 2197 1165 2264; x_wconf 87' lang='lat' dir='ltr'><strong>tempestatis</strong></span> <span class='ocrx_word' id='word_1_189' title='bbox 1184 2199 1301 2258; x_wconf 88' lang='lat' dir='ltr'><strong>etiamis</strong></span> <span class='ocrx_word' id='word_1_190' title='bbox 1320 2200 1445 2265; x_wconf 88' lang='lat' dir='ltr'><strong>procella</strong></span> <span class='ocrx_word' id='word_1_191' title='bbox 1464 2204 1586 2271; x_wconf 80' lang='lat' dir='ltr'><strong>attritae,</strong></span> 
     </span>
     <span class='ocr_line' id='line_1_20' title="bbox 350 2296 1589 2370; baseline 0.005 -19"><span class='ocrx_word' id='word_1_192' title='bbox 350 2301 470 2351; x_wconf 90' lang='lat' dir='ltr'><strong>humano</strong></span> <span class='ocrx_word' id='word_1_193' title='bbox 483 2297 627 2351; x_wconf 89' lang='lat' dir='ltr'><strong>deliciente</strong></span> <span class='ocrx_word' id='word_1_194' title='bbox 640 2296 764 2350; x_wconf 90' lang='lat' dir='ltr'><strong>divinum</strong></span> <span class='ocrx_word' id='word_1_195' title='bbox 777 2297 948 2350; x_wconf 91' lang='lat' dir='ltr'><strong>solummodo</strong></span> <span class='ocrx_word' id='word_1_196' title='bbox 966 2298 1160 2362; x_wconf 81' lang='lat' dir='ltr'><strong>exspectabant</strong></span> <span class='ocrx_word' id='word_1_197' title='bbox 1180 2299 1321 2351; x_wconf 85' lang='lat' dir='ltr'><strong>auxillum.</strong></span> <span class='ocrx_word' id='word_1_198' title='bbox 1335 2300 1400 2353; x_wconf 85' lang='lat' dir='ltr'><strong>Erat</strong></span> <span class='ocrx_word' id='word_1_199' title='bbox 1412 2313 1447 2354; x_wconf 87' lang='lat' dir='ltr'><strong>eo</strong></span> <span class='ocrx_word' id='word_1_200' title='bbox 1459 2306 1589 2370; x_wconf 82' lang='lat' dir='ltr'><strong>tempore</strong></span> 
     </span>
     <span class='ocr_line' id='line_1_21' title="bbox 350 2396 1634 2468; baseline 0.005 -17"><span class='ocrx_word' id='word_1_201' title='bbox 350 2399 378 2451; x_wconf 92' lang='lat' dir='ltr'><strong>in</strong></span> <span class='ocrx_word' id='word_1_202' title='bbox 391 2397 530 2465; x_wconf 90' lang='lat' dir='ltr'><strong>praedicta</strong></span> <span class='ocrx_word' id='word_1_203' title='bbox 543 2397 661 2449; x_wconf 84' lang='lat' dir='ltr'><strong>senonis</strong></span> <span class='ocrx_word' id='word_1_204' title='bbox 672 2397 741 2449; x_wconf 91' lang='lat' dir='ltr'><strong>urbe</strong></span> <span class='ocrx_word' id='word_1_205' title='bbox 753 2396 859 2449; x_wconf 84' lang='lat' dir='ltr'><strong>wanilo</strong></span> <span class='ocrx_word' id='word_1_206' title='bbox 875 2410 997 2449; x_wconf 92' lang='lat' dir='ltr'><strong>summae</strong></span> <span class='ocrx_word' id='word_1_207' title='bbox 1011 2398 1164 2450; x_wconf 89' lang='lat' dir='ltr'><strong>sanctitatis</strong></span> <span class='ocrx_word' id='word_1_208' title='bbox 1176 2403 1202 2450; x_wconf 89' lang='lat' dir='ltr'><strong>et</strong></span> <span class='ocrx_word' id='word_1_209' title='bbox 1222 2398 1361 2465; x_wconf 77' lang='lat' dir='ltr'><strong>religionis</strong></span> <span class='ocrx_word' id='word_1_210' title='bbox 1372 2400 1546 2468; x_wconf 90' lang='lat' dir='ltr'><strong>episcopus;</strong></span> <span class='ocrx_word' id='word_1_211' title='bbox 1559 2403 1587 2457; x_wconf 90' lang='lat' dir='ltr'><strong>in</strong></span> <span class='ocrx_word' id='word_1_212' title='bbox 1602 2404 1634 2457; x_wconf 77' lang='lat' dir='ltr'><strong>aa</strong></span> 
     </span>
     <span class='ocr_line' id='line_1_22' title="bbox 352 2498 1585 2568; baseline 0.005 -16"><span class='ocrx_word' id='word_1_213' title='bbox 352 2506 500 2553; x_wconf 88' lang='lat' dir='ltr'><strong>memorato</strong></span> <span class='ocrx_word' id='word_1_214' title='bbox 514 2511 581 2551; x_wconf 89' lang='lat' dir='ltr'><strong>vero</strong></span> <span class='ocrx_word' id='word_1_215' title='bbox 595 2498 760 2550; x_wconf 91' lang='lat' dir='ltr'><strong>monasterio</strong></span> <span class='ocrx_word' id='word_1_216' title='bbox 774 2498 979 2551; x_wconf 86' lang='lat' dir='ltr'><strong>llermentrudis</strong></span> <span class='ocrx_word' id='word_1_217' title='bbox 997 2499 1119 2551; x_wconf 91' lang='lat' dir='ltr'><strong>moribus</strong></span> <span class='ocrx_word' id='word_1_218' title='bbox 1131 2504 1158 2552; x_wconf 89' lang='lat' dir='ltr'><strong>et</strong></span> <span class='ocrx_word' id='word_1_219' title='bbox 1171 2500 1282 2553; x_wconf 91' lang='lat' dir='ltr'><strong>nomine</strong></span> <span class='ocrx_word' id='word_1_220' title='bbox 1293 2500 1433 2554; x_wconf 89' lang='lat' dir='ltr'><strong>abbatissa</strong></span> <span class='ocrx_word' id='word_1_221' title='bbox 1444 2510 1585 2568; x_wconf 86' lang='lat' dir='ltr'><strong>praeerat,</strong></span> 
     </span>
     <span class='ocr_line' id='line_1_23' title="bbox 352 2596 1589 2665; baseline 0.003 -13"><span class='ocrx_word' id='word_1_222' title='bbox 352 2599 441 2653; x_wconf 90' lang='lat' dir='ltr'><strong>cidem</strong></span> <span class='ocrx_word' id='word_1_223' title='bbox 454 2599 583 2664; x_wconf 92' lang='lat' dir='ltr'><strong>episcopo</strong></span> <span class='ocrx_word' id='word_1_224' title='bbox 596 2598 719 2664; x_wconf 80' lang='lat' dir='ltr'><strong>proxima</strong></span> <span class='ocrx_word' id='word_1_225' title='bbox 737 2596 868 2650; x_wconf 84' lang='lat' dir='ltr'><strong>affinitate</strong></span> <span class='ocrx_word' id='word_1_226' title='bbox 880 2599 1034 2664; x_wconf 84' lang='lat' dir='ltr'><strong>conjuncta.</strong></span> <span class='ocrx_word' id='word_1_227' title='bbox 1049 2602 1131 2662; x_wconf 89' lang='lat' dir='ltr'><strong>liaeo,</strong></span> <span class='ocrx_word' id='word_1_228' title='bbox 1145 2600 1244 2665; x_wconf 89' lang='lat' dir='ltr'><strong>partim</strong></span> <span class='ocrx_word' id='word_1_229' title='bbox 1266 2599 1404 2665; x_wconf 88' lang='lat' dir='ltr'><strong>praedicta</strong></span> <span class='ocrx_word' id='word_1_230' title='bbox 1417 2603 1589 2657; x_wconf 87' lang='lat' dir='ltr'><strong>necessitate</strong></span> 
     </span>
     <span class='ocr_line' id='line_1_24' title="bbox 353 2696 1588 2766; baseline 0.002 -12"><span class='ocrx_word' id='word_1_231' title='bbox 353 2703 454 2762; x_wconf 83' lang='lat' dir='ltr'><strong>coacta,</strong></span> <span class='ocrx_word' id='word_1_232' title='bbox 467 2698 565 2765; x_wconf 89' lang='lat' dir='ltr'><strong>partim</strong></span> <span class='ocrx_word' id='word_1_233' title='bbox 579 2698 788 2763; x_wconf 81' lang='lat' dir='ltr'><strong>propinquitatis</strong></span> <span class='ocrx_word' id='word_1_234' title='bbox 799 2696 897 2750; x_wconf 89' lang='lat' dir='ltr'><strong>riducia</strong></span> <span class='ocrx_word' id='word_1_235' title='bbox 910 2698 1030 2763; x_wconf 90' lang='lat' dir='ltr'><strong>incitata,</strong></span> <span class='ocrx_word' id='word_1_236' title='bbox 1044 2697 1133 2765; x_wconf 89' lang='lat' dir='ltr'><strong>ipsum</strong></span> <span class='ocrx_word' id='word_1_237' title='bbox 1152 2698 1309 2765; x_wconf 90' lang='lat' dir='ltr'><strong>episcopum</strong></span> <span class='ocrx_word' id='word_1_238' title='bbox 1322 2698 1388 2751; x_wconf 89' lang='lat' dir='ltr'><strong>adiit</strong></span> <span class='ocrx_word' id='word_1_239' title='bbox 1400 2699 1588 2766; x_wconf 82' lang='lat' dir='ltr'><strong>deprecatura</strong></span> 
     </span>
     <span class='ocr_line' id='line_1_25' title="bbox 352 2798 1587 2869; baseline 0.001 -14"><span class='ocrx_word' id='word_1_240' title='bbox 352 2807 383 2855; x_wconf 90' lang='lat' dir='ltr'><strong>nt</strong></span> <span class='ocrx_word' id='word_1_241' title='bbox 395 2801 446 2853; x_wconf 92' lang='lat' dir='ltr'><strong>sibi</strong></span> <span class='ocrx_word' id='word_1_242' title='bbox 456 2806 483 2853; x_wconf 91' lang='lat' dir='ltr'><strong>et</strong></span> <span class='ocrx_word' id='word_1_243' title='bbox 492 2799 705 2866; x_wconf 71' lang='lat' dir='ltr'><strong>congregationi,</strong></span> <span class='ocrx_word' id='word_1_244' title='bbox 716 2799 744 2850; x_wconf 94' lang='lat' dir='ltr'><strong>in</strong></span> <span class='ocrx_word' id='word_1_245' title='bbox 754 2799 874 2851; x_wconf 86' lang='lat' dir='ltr'><strong>maxima</strong></span> <span class='ocrx_word' id='word_1_246' title='bbox 883 2799 1008 2866; x_wconf 81' lang='lat' dir='ltr'><strong>angustia</strong></span> <span class='ocrx_word' id='word_1_247' title='bbox 1020 2799 1192 2864; x_wconf 84' lang='lat' dir='ltr'><strong>constitutae,</strong></span> <span class='ocrx_word' id='word_1_248' title='bbox 1201 2812 1252 2852; x_wconf 93' lang='lat' dir='ltr'><strong>suo</strong></span> <span class='ocrx_word' id='word_1_249' title='bbox 1264 2805 1292 2851; x_wconf 92' lang='lat' dir='ltr'><strong>et</strong></span> <span class='ocrx_word' id='word_1_250' title='bbox 1303 2798 1491 2854; x_wconf 88' lang='lat' dir='ltr'><strong>celeberrimo</strong></span> <span class='ocrx_word' id='word_1_251' title='bbox 1504 2814 1587 2869; x_wconf 83' lang='lat' dir='ltr'><strong>saepe</strong></span> 
     </span>
     <span class='ocr_line' id='line_1_26' title="bbox 352 2895 1632 2964; baseline 0.001 -12"><span class='ocrx_word' id='word_1_252' title='bbox 352 2900 417 2952; x_wconf 90' lang='lat' dir='ltr'><strong>dicti</strong></span> <span class='ocrx_word' id='word_1_253' title='bbox 431 2899 516 2951; x_wconf 91' lang='lat' dir='ltr'><strong>sancti</strong></span> <span class='ocrx_word' id='word_1_254' title='bbox 536 2898 687 2950; x_wconf 83' lang='lat' dir='ltr'><strong>Potentiani</strong></span> <span class='ocrx_word' id='word_1_255' title='bbox 700 2895 828 2963; x_wconf 79' lang='lat' dir='ltr'><strong>suffragio</strong></span> <span class='ocrx_word' id='word_1_256' title='bbox 849 2897 930 2950; x_wconf 91' lang='lat' dir='ltr'><strong>citius</strong></span> <span class='ocrx_word' id='word_1_257' title='bbox 942 2910 1101 2950; x_wconf 88' lang='lat' dir='ltr'><strong>succurrere</strong></span> <span class='ocrx_word' id='word_1_258' title='bbox 1114 2911 1170 2951; x_wconf 93' lang='lat' dir='ltr'><strong>non</strong></span> <span class='ocrx_word' id='word_1_259' title='bbox 1190 2896 1320 2950; x_wconf 79' lang='lat' dir='ltr'><strong>differret.</strong></span> <span class='ocrx_word' id='word_1_260' title='bbox 1334 2897 1419 2964; x_wconf 83' lang='lat' dir='ltr'><strong>Cujus</strong></span> <span class='ocrx_word' id='word_1_261' title='bbox 1439 2900 1586 2964; x_wconf 89' lang='lat' dir='ltr'><strong>petitionis</strong></span> <span class='ocrx_word' id='word_1_262' title='bbox 1602 2901 1632 2953; x_wconf 62' lang='grc' dir='ltr'><strong><em>Β</em></strong></span> 
     </span>
     <span class='ocr_line' id='line_1_27' title="bbox 352 2996 1587 3067; baseline 0.001 -16"><span class='ocrx_word' id='word_1_263' title='bbox 352 2998 530 3051; x_wconf 88' lang='lat' dir='ltr'><strong>intentionem</strong></span> <span class='ocrx_word' id='word_1_264' title='bbox 545 3010 609 3050; x_wconf 83' lang='lat' dir='ltr'><strong>mox</strong></span> <span class='ocrx_word' id='word_1_265' title='bbox 622 2997 668 3049; x_wconf 92' lang='lat' dir='ltr'><strong>ille</strong></span> <span class='ocrx_word' id='word_1_266' title='bbox 681 3002 711 3049; x_wconf 92' lang='lat' dir='ltr'><strong>ut</strong></span> <span class='ocrx_word' id='word_1_267' title='bbox 722 2996 825 3049; x_wconf 92' lang='lat' dir='ltr'><strong>audivit</strong></span> <span class='ocrx_word' id='word_1_268' title='bbox 846 2996 1016 3064; x_wconf 80' lang='lat' dir='ltr'><strong>intellegens,</strong></span> <span class='ocrx_word' id='word_1_269' title='bbox 1030 3002 1168 3064; x_wconf 90' lang='lat' dir='ltr'><strong>tamquam</strong></span> <span class='ocrx_word' id='word_1_270' title='bbox 1180 2996 1291 3063; x_wconf 91' lang='lat' dir='ltr'><strong>aliquod</strong></span> <span class='ocrx_word' id='word_1_271' title='bbox 1305 2997 1428 3051; x_wconf 90' lang='lat' dir='ltr'><strong>terribile</strong></span> <span class='ocrx_word' id='word_1_272' title='bbox 1440 3003 1470 3051; x_wconf 94' lang='lat' dir='ltr'><strong>et</strong></span> <span class='ocrx_word' id='word_1_273' title='bbox 1483 3000 1587 3067; x_wconf 90' lang='lat' dir='ltr'><strong>impro-</strong></span> 
     </span>
     <span class='ocr_line' id='line_1_28' title="bbox 352 3095 1585 3163; baseline -0.001 -12"><span class='ocrx_word' id='word_1_274' title='bbox 352 3098 439 3151; x_wconf 91' lang='lat' dir='ltr'><strong>visum</strong></span> <span class='ocrx_word' id='word_1_275' title='bbox 460 3101 613 3149; x_wconf 86' lang='lat' dir='ltr'><strong>monstrum</strong></span> <span class='ocrx_word' id='word_1_276' title='bbox 626 3096 740 3148; x_wconf 90' lang='lat' dir='ltr'><strong>intuitus</strong></span> <span class='ocrx_word' id='word_1_277' title='bbox 759 3095 865 3160; x_wconf 82' lang='lat' dir='ltr'><strong>fuisset,</strong></span> <span class='ocrx_word' id='word_1_278' title='bbox 888 3096 1027 3161; x_wconf 82' lang='lat' dir='ltr'><strong>obstupuit</strong></span> <span class='ocrx_word' id='word_1_279' title='bbox 1048 3100 1075 3147; x_wconf 90' lang='lat' dir='ltr'><strong>et</strong></span> <span class='ocrx_word' id='word_1_280' title='bbox 1087 3108 1139 3148; x_wconf 85' lang='lat' dir='ltr'><strong>vor</strong></span> <span class='ocrx_word' id='word_1_281' title='bbox 1152 3096 1276 3148; x_wconf 83' lang='lat' dir='ltr'><strong>faucibus</strong></span> <span class='ocrx_word' id='word_1_282' title='bbox 1289 3096 1384 3148; x_wconf 85' lang='lat' dir='ltr'><strong>haesit.</strong></span> <span class='ocrx_word' id='word_1_283' title='bbox 1404 3096 1514 3150; x_wconf 83' lang='lat' dir='ltr'><strong>Deinde</strong></span> <span class='ocrx_word' id='word_1_284' title='bbox 1528 3098 1585 3163; x_wconf 87' lang='lat' dir='ltr'><strong>illa,</strong></span> 
     </span>
     <span class='ocr_line' id='line_1_29' title="bbox 352 3195 1586 3262; baseline -0.001 -11"><span class='ocrx_word' id='word_1_285' title='bbox 352 3205 381 3252; x_wconf 93' lang='lat' dir='ltr'><strong>nt</strong></span> <span class='ocrx_word' id='word_1_286' title='bbox 393 3198 541 3250; x_wconf 84' lang='lat' dir='ltr'><strong>necessitas</strong></span> <span class='ocrx_word' id='word_1_287' title='bbox 562 3197 735 3262; x_wconf 83' lang='lat' dir='ltr'><strong>exposcebat,</strong></span> <span class='ocrx_word' id='word_1_288' title='bbox 749 3196 864 3247; x_wconf 89' lang='lat' dir='ltr'><strong>nimium</strong></span> <span class='ocrx_word' id='word_1_289' title='bbox 885 3197 912 3247; x_wconf 91' lang='lat' dir='ltr'><strong>in</strong></span> <span class='ocrx_word' id='word_1_290' title='bbox 927 3196 1054 3260; x_wconf 86' lang='lat' dir='ltr'><strong>precibus</strong></span> <span class='ocrx_word' id='word_1_291' title='bbox 1076 3201 1268 3260; x_wconf 84' lang='lat' dir='ltr'><strong>perseverante</strong></span> <span class='ocrx_word' id='word_1_292' title='bbox 1281 3200 1307 3247; x_wconf 90' lang='lat' dir='ltr'><strong>et</strong></span> <span class='ocrx_word' id='word_1_293' title='bbox 1328 3195 1413 3261; x_wconf 90' lang='lat' dir='ltr'><strong>pedes</strong></span> <span class='ocrx_word' id='word_1_294' title='bbox 1434 3196 1511 3249; x_wconf 91' lang='lat' dir='ltr'><strong>illius</strong></span> <span class='ocrx_word' id='word_1_295' title='bbox 1523 3211 1586 3250; x_wconf 88' lang='lat' dir='ltr'><strong>curn</strong></span> 
     </span>
     <span class='ocr_line' id='line_1_30' title="bbox 352 3295 1586 3364; baseline -0.003 -13"><span class='ocrx_word' id='word_1_296' title='bbox 352 3299 454 3364; x_wconf 77' lang='lat' dir='ltr'><strong>qemitu</strong></span> <span class='ocrx_word' id='word_1_297' title='bbox 467 3303 493 3350; x_wconf 93' lang='lat' dir='ltr'><strong>et</strong></span> <span class='ocrx_word' id='word_1_298' title='bbox 505 3297 624 3349; x_wconf 89' lang='lat' dir='ltr'><strong>lacrimis</strong></span> <span class='ocrx_word' id='word_1_299' title='bbox 635 3295 822 3359; x_wconf 87' lang='lat' dir='ltr'><strong>deosculante,</strong></span> <span class='ocrx_word' id='word_1_300' title='bbox 837 3295 945 3348; x_wconf 89' lang='lat' dir='ltr'><strong>tandem</strong></span> <span class='ocrx_word' id='word_1_301' title='bbox 960 3300 1020 3361; x_wconf 88' lang='lat' dir='ltr'><strong>post</strong></span> <span class='ocrx_word' id='word_1_302' title='bbox 1032 3295 1191 3348; x_wconf 90' lang='lat' dir='ltr'><strong>diuturnam</strong></span> <span class='ocrx_word' id='word_1_303' title='bbox 1205 3296 1301 3348; x_wconf 90' lang='lat' dir='ltr'><strong>tacitae</strong></span> <span class='ocrx_word' id='word_1_304' title='bbox 1315 3295 1504 3349; x_wconf 86' lang='lat' dir='ltr'><strong>meditationis</strong></span> <span class='ocrx_word' id='word_1_305' title='bbox 1517 3296 1586 3350; x_wconf 91' lang='lat' dir='ltr'><strong>deli·</strong></span> 
     </span>
     <span class='ocr_line' id='line_1_31' title="bbox 353 3394 1632 3461; baseline -0.003 -9"><span class='ocrx_word' id='word_1_306' title='bbox 353 3398 533 3461; x_wconf 89' lang='lat' dir='ltr'><strong>berationem,</strong></span> <span class='ocrx_word' id='word_1_307' title='bbox 557 3395 639 3448; x_wconf 88' lang='lat' dir='ltr'><strong>credo</strong></span> <span class='ocrx_word' id='word_1_308' title='bbox 660 3396 753 3447; x_wconf 86' lang='lat' dir='ltr'><strong>divino</strong></span> <span class='ocrx_word' id='word_1_309' title='bbox 773 3395 904 3448; x_wconf 87' lang='lat' dir='ltr'><strong>instinctu</strong></span> <span class='ocrx_word' id='word_1_310' title='bbox 928 3395 961 3447; x_wconf 93' lang='lat' dir='ltr'><strong>ad</strong></span> <span class='ocrx_word' id='word_1_311' title='bbox 988 3395 1203 3448; x_wconf 89' lang='lat' dir='ltr'><strong>miscricordiam</strong></span> <span class='ocrx_word' id='word_1_312' title='bbox 1227 3394 1321 3461; x_wconf 82' lang='lat' dir='ltr'><strong>lienus,</strong></span> <span class='ocrx_word' id='word_1_313' title='bbox 1344 3395 1373 3447; x_wconf 93' lang='lat' dir='ltr'><strong>in</strong></span> <span class='ocrx_word' id='word_1_314' title='bbox 1395 3395 1467 3448; x_wconf 90' lang='lat' dir='ltr'><strong>banc</strong></span> <span class='ocrx_word' id='word_1_315' title='bbox 1488 3409 1585 3450; x_wconf 86' lang='lat' dir='ltr'><strong>vocem</strong></span> <span class='ocrx_word' id='word_1_316' title='bbox 1601 3397 1632 3448; x_wconf 86' lang='lat' dir='ltr'><strong>ao</strong></span> 
     </span>
     <span class='ocr_line' id='line_1_32' title="bbox 353 3495 1586 3563; baseline -0.001 -12"><span class='ocrx_word' id='word_1_317' title='bbox 353 3499 491 3563; x_wconf 92' lang='lat' dir='ltr'><strong>erumpit:</strong></span> <span class='ocrx_word' id='word_1_318' title='bbox 505 3497 561 3561; x_wconf 85' lang='lat' dir='ltr'><strong>En,</strong></span> <span class='ocrx_word' id='word_1_319' title='bbox 580 3508 596 3548; x_wconf 92' lang='lat' dir='ltr'><strong>o</strong></span> <span class='ocrx_word' id='word_1_320' title='bbox 608 3495 776 3547; x_wconf 84' lang='lat' dir='ltr'><strong>carissima</strong></span> <span class='ocrx_word' id='word_1_321' title='bbox 788 3506 887 3561; x_wconf 84' lang='lat' dir='ltr'><strong>soror,</strong></span> <span class='ocrx_word' id='word_1_322' title='bbox 900 3495 930 3546; x_wconf 84' lang='lat' dir='ltr'><strong>ei</strong></span> <span class='ocrx_word' id='word_1_323' title='bbox 946 3495 1010 3547; x_wconf 85' lang='lat' dir='ltr'><strong>voti</strong></span> <span class='ocrx_word' id='word_1_324' title='bbox 1022 3495 1071 3546; x_wconf 88' lang='lat' dir='ltr'><strong>tui</strong></span> <span class='ocrx_word' id='word_1_325' title='bbox 1091 3507 1221 3562; x_wconf 83' lang='lat' dir='ltr'><strong>compos,</strong></span> <span class='ocrx_word' id='word_1_326' title='bbox 1235 3495 1295 3548; x_wconf 87' lang='lat' dir='ltr'><strong>Deo</strong></span> <span class='ocrx_word' id='word_1_327' title='bbox 1312 3495 1507 3562; x_wconf 84' lang='lat' dir='ltr'><strong>auniliante,</strong></span> <span class='ocrx_word' id='word_1_328' title='bbox 1520 3509 1586 3550; x_wconf 77' lang='lat' dir='ltr'><strong>eoae</strong></span> 
     </span>
     <span class='ocr_line' id='line_1_33' title="bbox 348 3593 1584 3663; baseline -0.001 -13"><span class='ocrx_word' id='word_1_329' title='bbox 348 3596 500 3663; x_wconf 83' lang='lat' dir='ltr'><strong>potueris,</strong></span> <span class='ocrx_word' id='word_1_330' title='bbox 518 3607 668 3662; x_wconf 82' lang='lat' dir='ltr'><strong>mapnuni</strong></span> <span class='ocrx_word' id='word_1_331' title='bbox 693 3597 721 3647; x_wconf 87' lang='lat' dir='ltr'><strong>et</strong></span> <span class='ocrx_word' id='word_1_332' title='bbox 739 3594 985 3661; x_wconf 79' lang='lat' dir='ltr'><strong>incomparabile</strong></span> <span class='ocrx_word' id='word_1_333' title='bbox 1002 3594 1057 3646; x_wconf 87' lang='lat' dir='ltr'><strong>tibi</strong></span> <span class='ocrx_word' id='word_1_334' title='bbox 1080 3597 1109 3646; x_wconf 88' lang='lat' dir='ltr'><strong>et</strong></span> <span class='ocrx_word' id='word_1_335' title='bbox 1132 3597 1196 3647; x_wconf 84' lang='lat' dir='ltr'><strong>tuis</strong></span> <span class='ocrx_word' id='word_1_336' title='bbox 1208 3593 1382 3661; x_wconf 82' lang='lat' dir='ltr'><strong>proor&#39;disti</strong></span> <span class='ocrx_word' id='word_1_337' title='bbox 1398 3595 1584 3663; x_wconf 79' lang='lat' dir='ltr'><strong>subsidium,</strong></span> 
     </span>
     <span class='ocr_line' id='line_1_34' title="bbox 353 3691 1585 3759; baseline 0.001 -13"><span class='ocrx_word' id='word_1_338' title='bbox 353 3692 432 3746; x_wconf 83' lang='lat' dir='ltr'><strong>milit</strong></span> <span class='ocrx_word' id='word_1_339' title='bbox 443 3695 548 3746; x_wconf 82' lang='lat' dir='ltr'><strong>autern</strong></span> <span class='ocrx_word' id='word_1_340' title='bbox 560 3695 589 3745; x_wconf 85' lang='lat' dir='ltr'><strong>et</strong></span> <span class='ocrx_word' id='word_1_341' title='bbox 604 3693 682 3743; x_wconf 81' lang='lat' dir='ltr'><strong>ateis</strong></span> <span class='ocrx_word' id='word_1_342' title='bbox 692 3692 916 3757; x_wconf 72' lang='lat' dir='ltr'><strong>pronissimum</strong></span> <span class='ocrx_word' id='word_1_343' title='bbox 928 3695 957 3745; x_wconf 86' lang='lat' dir='ltr'><strong>et</strong></span> <span class='ocrx_word' id='word_1_344' title='bbox 971 3691 1169 3744; x_wconf 77' lang='lat' dir='ltr'><strong>intolerabile</strong></span> <span class='ocrx_word' id='word_1_345' title='bbox 1178 3704 1210 3744; x_wconf 86' lang='lat' dir='ltr'><strong>es</strong></span> <span class='ocrx_word' id='word_1_346' title='bbox 1224 3692 1357 3744; x_wconf 82' lang='lat' dir='ltr'><strong>illatura</strong></span> <span class='ocrx_word' id='word_1_347' title='bbox 1369 3692 1585 3759; x_wconf 75' lang='lat' dir='ltr'><strong>disparatum.</strong></span> 
     </span>
     <span class='ocr_line' id='line_1_35' title="bbox 356 3790 1585 3861; baseline 0.001 -16"><span class='ocrx_word' id='word_1_348' title='bbox 356 3794 449 3859; x_wconf 75' lang='lat' dir='ltr'><strong>Quod,</strong></span> <span class='ocrx_word' id='word_1_349' title='bbox 463 3790 542 3845; x_wconf 84' lang='lat' dir='ltr'><strong>milri</strong></span> <span class='ocrx_word' id='word_1_350' title='bbox 559 3792 658 3857; x_wconf 85' lang='lat' dir='ltr'><strong>crede,</strong></span> <span class='ocrx_word' id='word_1_351' title='bbox 672 3791 714 3842; x_wconf 85' lang='lat' dir='ltr'><strong>ad</strong></span> <span class='ocrx_word' id='word_1_352' title='bbox 732 3790 874 3857; x_wconf 80' lang='lat' dir='ltr'><strong>effectum</strong></span> <span class='ocrx_word' id='word_1_353' title='bbox 894 3792 984 3844; x_wconf 72' lang='lat' dir='ltr'><strong>liutto</strong></span> <span class='ocrx_word' id='word_1_354' title='bbox 1004 3792 1094 3842; x_wconf 84' lang='lat' dir='ltr'><strong>inodo</strong></span> <span class='ocrx_word' id='word_1_355' title='bbox 1102 3790 1238 3856; x_wconf 73' lang='lat' dir='ltr'><strong>perduret</strong></span> <span class='ocrx_word' id='word_1_356' title='bbox 1254 3791 1381 3857; x_wconf 83' lang='lat' dir='ltr'><strong>poterit,</strong></span> <span class='ocrx_word' id='word_1_357' title='bbox 1402 3791 1433 3842; x_wconf 85' lang='lat' dir='ltr'><strong>si</strong></span> <span class='ocrx_word' id='word_1_358' title='bbox 1450 3792 1585 3861; x_wconf 81' lang='lat' dir='ltr'><strong>civitati,</strong></span> 
     </span>
     <span class='ocr_line' id='line_1_36' title="bbox 216 3889 1633 3961; baseline 0 -16"><span class='ocrx_word' id='word_1_359' title='bbox 216 3911 224 3928; x_wconf 90' lang='lat'><strong>·</strong></span> <span class='ocrx_word' id='word_1_360' title='bbox 237 3908 302 3961; x_wconf 65' lang='lat' dir='ltr'><strong>cod,</strong></span> <span class='ocrx_word' id='word_1_361' title='bbox 353 3905 431 3960; x_wconf 86' lang='lat' dir='ltr'><strong>quae</strong></span> <span class='ocrx_word' id='word_1_362' title='bbox 444 3892 534 3945; x_wconf 85' lang='lat' dir='ltr'><strong>itlius</strong></span> <span class='ocrx_word' id='word_1_363' title='bbox 546 3889 612 3957; x_wconf 82' lang='lat' dir='ltr'><strong>spei</strong></span> <span class='ocrx_word' id='word_1_364' title='bbox 623 3892 652 3942; x_wconf 90' lang='lat' dir='ltr'><strong>et</strong></span> <span class='ocrx_word' id='word_1_365' title='bbox 663 3890 815 3943; x_wconf 75' lang='lat' dir='ltr'><strong>colemini</strong></span> <span class='ocrx_word' id='word_1_366' title='bbox 826 3892 966 3956; x_wconf 83' lang='lat' dir='ltr'><strong>totapost</strong></span> <span class='ocrx_word' id='word_1_367' title='bbox 980 3891 1075 3942; x_wconf 67' lang='lat' dir='ltr'><strong>marm</strong></span> <span class='ocrx_word' id='word_1_368' title='bbox 1089 3890 1265 3957; x_wconf 76' lang='lat' dir='ltr'><strong>iariu&#39;titur‘,</strong></span> <span class='ocrx_word' id='word_1_369' title='bbox 1275 3889 1383 3956; x_wconf 83' lang='lat' dir='ltr'><strong>aliquo</strong></span> <span class='ocrx_word' id='word_1_370' title='bbox 1397 3891 1489 3945; x_wconf 86' lang='lat' dir='ltr'><strong>modo</strong></span> <span class='ocrx_word' id='word_1_371' title='bbox 1501 3892 1588 3947; x_wconf 84' lang='lat' dir='ltr'><strong>inno·</strong></span> <span class='ocrx_word' id='word_1_372' title='bbox 1603 3894 1633 3945; x_wconf 64' lang='lat' dir='ltr'><strong>bi</strong></span> 
     </span>
     <span class='ocr_line' id='line_1_37' title="bbox 194 3975 1586 4056; baseline 0 -12"><span class='ocrx_word' id='word_1_373' title='bbox 194 3975 317 4026; x_wconf 89' lang='lat' dir='ltr'><strong>mittitur.</strong></span> <span class='ocrx_word' id='word_1_374' title='bbox 353 3992 456 4044; x_wconf 86' lang='lat' dir='ltr'><strong>tuerit.</strong></span> <span class='ocrx_word' id='word_1_375' title='bbox 473 3991 663 4056; x_wconf 82' lang='lat' dir='ltr'><strong>Quapropter</strong></span> <span class='ocrx_word' id='word_1_376' title='bbox 678 3989 744 4054; x_wconf 85' lang='lat' dir='ltr'><strong>ipse</strong></span> <span class='ocrx_word' id='word_1_377' title='bbox 755 4001 807 4055; x_wconf 81' lang='lat' dir='ltr'><strong>epo</strong></span> <span class='ocrx_word' id='word_1_378' title='bbox 828 3987 907 4041; x_wconf 81' lang='lat' dir='ltr'><strong>milii</strong></span> <span class='ocrx_word' id='word_1_379' title='bbox 917 3988 1153 4042; x_wconf 81' lang='lat' dir='ltr'><strong>crudelissimus</strong></span> <span class='ocrx_word' id='word_1_380' title='bbox 1166 3987 1224 4055; x_wconf 80' lang='lat' dir='ltr'><strong>sur</strong></span> <span class='ocrx_word' id='word_1_381' title='bbox 1236 3990 1265 4041; x_wconf 88' lang='lat' dir='ltr'><strong>ct</strong></span> <span class='ocrx_word' id='word_1_382' title='bbox 1285 3987 1434 4042; x_wconf 82' lang='lat' dir='ltr'><strong>inimicus</strong></span> <span class='ocrx_word' id='word_1_383' title='bbox 1445 3989 1586 4044; x_wconf 65' lang='lat' dir='ltr'><strong>cautem</strong></span> 
     </span>
     <span class='ocr_line' id='line_1_38' title="bbox 211 4086 1588 4160; baseline 0 -16"><span class='ocrx_word' id='word_1_384' title='bbox 211 4111 219 4128; x_wconf 90' lang='lat'><strong>·</strong></span> <span class='ocrx_word' id='word_1_385' title='bbox 232 4105 297 4160; x_wconf 63' lang='lat' dir='ltr'><strong>cod,</strong></span> <span class='ocrx_word' id='word_1_386' title='bbox 353 4094 383 4144; x_wconf 85' lang='lat' dir='ltr'><strong>et</strong></span> <span class='ocrx_word' id='word_1_387' title='bbox 395 4090 519 4143; x_wconf 86' lang='lat' dir='ltr'><strong>alienae</strong></span> <span class='ocrx_word' id='word_1_388' title='bbox 526 4088 634 4155; x_wconf 83' lang='lat' dir='ltr'><strong>potius</strong></span> <span class='ocrx_word' id='word_1_389' title='bbox 646 4101 738 4154; x_wconf 86' lang='lat' dir='ltr'><strong>quam</strong></span> <span class='ocrx_word' id='word_1_390' title='bbox 751 4100 837 4140; x_wconf 82' lang='lat' dir='ltr'><strong>aneae</strong></span> <span class='ocrx_word' id='word_1_391' title='bbox 848 4086 981 4140; x_wconf 80' lang='lat' dir='ltr'><strong>utilitati</strong></span> <span class='ocrx_word' id='word_1_392' title='bbox 991 4087 1156 4141; x_wconf 78' lang='lat' dir='ltr'><strong>coristi-lens</strong></span> <span class='ocrx_word' id='word_1_393' title='bbox 1168 4090 1186 4153; x_wconf 81' lang='grc'><strong>·,</strong></span> <span class='ocrx_word' id='word_1_394' title='bbox 1200 4087 1281 4154; x_wconf 87' lang='lat' dir='ltr'><strong>quod</strong></span> <span class='ocrx_word' id='word_1_395' title='bbox 1302 4089 1397 4140; x_wconf 67' lang='lat' dir='ltr'><strong>anim</strong></span> <span class='ocrx_word' id='word_1_396' title='bbox 1408 4101 1588 4156; x_wconf 76' lang='lat' dir='ltr'><strong>numquam</strong></span> 
     </span>
     <span class='ocr_line' id='line_1_39' title="bbox 157 4172 1589 4256; baseline 0.002 -17"><span class='ocrx_word' id='word_1_397' title='bbox 157 4172 335 4239; x_wconf 63' lang='lat' dir='ltr'><strong>{0⁰ss5013l18·</strong></span> <span class='ocrx_word' id='word_1_398' title='bbox 353 4200 480 4256; x_wconf 82' lang='lat' dir='ltr'><strong>sperare</strong></span> <span class='ocrx_word' id='word_1_399' title='bbox 503 4187 551 4239; x_wconf 88' lang='lat' dir='ltr'><strong>oet</strong></span> <span class='ocrx_word' id='word_1_400' title='bbox 569 4187 694 4239; x_wconf 84' lang='lat' dir='ltr'><strong>credere</strong></span> <span class='ocrx_word' id='word_1_401' title='bbox 706 4185 807 4252; x_wconf 86' lang='lat' dir='ltr'><strong>potui,</strong></span> <span class='ocrx_word' id='word_1_402' title='bbox 824 4185 1090 4251; x_wconf 84' lang='lat' dir='ltr'><strong>pretiosissimum</strong></span> <span class='ocrx_word' id='word_1_403' title='bbox 1108 4188 1137 4237; x_wconf 86' lang='lat' dir='ltr'><strong>et</strong></span> <span class='ocrx_word' id='word_1_404' title='bbox 1157 4185 1386 4253; x_wconf 82' lang='lat' dir='ltr'><strong>indeficientem</strong></span> <span class='ocrx_word' id='word_1_405' title='bbox 1409 4185 1470 4239; x_wconf 84' lang='lat' dir='ltr'><strong>tibi</strong></span> <span class='ocrx_word' id='word_1_406' title='bbox 1484 4199 1589 4242; x_wconf 71' lang='lat' dir='ltr'><strong>conce</strong></span> 
     </span>
     <span class='ocr_line' id='line_1_40' title="bbox 354 4266 1588 4352; baseline 0.001 -10"><span class='ocrx_word' id='word_1_407' title='bbox 354 4291 427 4343; x_wconf 80' lang='lat' dir='ltr'><strong>darn</strong></span> <span class='ocrx_word' id='word_1_408' title='bbox 441 4266 574 4341; x_wconf 71' lang='lat' dir='ltr'><strong>locarier&#39;</strong></span> <span class='ocrx_word' id='word_1_409' title='bbox 592 4285 723 4352; x_wconf 79' lang='lat' dir='ltr'><strong>auferre</strong></span> <span class='ocrx_word' id='word_1_410' title='bbox 744 4285 935 4340; x_wconf 76' lang='lat' dir='ltr'><strong>thesaurum.</strong></span> <span class='ocrx_word' id='word_1_411' title='bbox 950 4287 1017 4350; x_wconf 85' lang='lat' dir='ltr'><strong>Quid</strong></span> <span class='ocrx_word' id='word_1_412' title='bbox 1040 4289 1151 4340; x_wconf 81' lang='lat' dir='ltr'><strong>moror?</strong></span> <span class='ocrx_word' id='word_1_413' title='bbox 1170 4288 1310 4339; x_wconf 75' lang='lat' dir='ltr'><strong>abbatissa</strong></span> <span class='ocrx_word' id='word_1_414' title='bbox 1332 4287 1406 4352; x_wconf 92' lang='lat' dir='ltr'><strong>quod</strong></span> <span class='ocrx_word' id='word_1_415' title='bbox 1428 4288 1515 4352; x_wconf 92' lang='lat' dir='ltr'><strong>petiit,</strong></span> <span class='ocrx_word' id='word_1_416' title='bbox 1529 4291 1588 4343; x_wconf 82' lang='lat' dir='ltr'><strong>lieo</strong></span> 
     </span>
     <span class='ocr_line' id='line_1_41' title="bbox 353 4387 1634 4453; baseline 0.001 -11"><span class='ocrx_word' id='word_1_417' title='bbox 353 4392 499 4442; x_wconf 88' lang='lat' dir='ltr'><strong>miserante</strong></span> <span class='ocrx_word' id='word_1_418' title='bbox 513 4394 539 4441; x_wconf 91' lang='lat' dir='ltr'><strong>et</strong></span> <span class='ocrx_word' id='word_1_419' title='bbox 559 4402 607 4441; x_wconf 90' lang='lat' dir='ltr'><strong>sua</strong></span> <span class='ocrx_word' id='word_1_420' title='bbox 621 4388 704 4439; x_wconf 91' lang='lat' dir='ltr'><strong>nimia</strong></span> <span class='ocrx_word' id='word_1_421' title='bbox 725 4388 928 4452; x_wconf 88' lang='lat' dir='ltr'><strong>importunitate</strong></span> <span class='ocrx_word' id='word_1_422' title='bbox 942 4389 1075 4453; x_wconf 81' lang='lat' dir='ltr'><strong>obtinuit3</strong></span> <span class='ocrx_word' id='word_1_423' title='bbox 1095 4388 1252 4453; x_wconf 87' lang='lat' dir='ltr'><strong>episcopus,</strong></span> <span class='ocrx_word' id='word_1_424' title='bbox 1274 4387 1401 4453; x_wconf 87' lang='lat' dir='ltr'><strong>precibus</strong></span> <span class='ocrx_word' id='word_1_425' title='bbox 1413 4393 1439 4440; x_wconf 90' lang='lat' dir='ltr'><strong>el</strong></span> <span class='ocrx_word' id='word_1_426' title='bbox 1462 4387 1587 4442; x_wconf 83' lang='lat' dir='ltr'><strong>lacrimis</strong></span> <span class='ocrx_word' id='word_1_427' title='bbox 1603 4390 1634 4443; x_wconf 74' lang='grc' dir='ltr'>ιθ</span> 
     </span>
     <span class='ocr_line' id='line_1_42' title="bbox 354 4486 1588 4555; baseline -0.002 -12"><span class='ocrx_word' id='word_1_428' title='bbox 354 4491 465 4555; x_wconf 89' lang='lat' dir='ltr'><strong>evictus,</strong></span> <span class='ocrx_word' id='word_1_429' title='bbox 489 4489 563 4554; x_wconf 90' lang='lat' dir='ltr'><strong>quod</strong></span> <span class='ocrx_word' id='word_1_430' title='bbox 583 4488 708 4554; x_wconf 89' lang='lat' dir='ltr'><strong>promisit</strong></span> <span class='ocrx_word' id='word_1_431' title='bbox 728 4487 857 4552; x_wconf 86' lang='lat' dir='ltr'><strong>implevit.</strong></span> <span class='ocrx_word' id='word_1_432' title='bbox 881 4491 974 4539; x_wconf 88' lang='lat' dir='ltr'><strong>batum</strong></span> <span class='ocrx_word' id='word_1_433' title='bbox 995 4501 1026 4539; x_wconf 91' lang='lat' dir='ltr'><strong>ac</strong></span> <span class='ocrx_word' id='word_1_434' title='bbox 1048 4488 1183 4553; x_wconf 89' lang='lat' dir='ltr'><strong>perlatum</strong></span> <span class='ocrx_word' id='word_1_435' title='bbox 1204 4492 1244 4539; x_wconf 91' lang='lat' dir='ltr'><strong>est</strong></span> <span class='ocrx_word' id='word_1_436' title='bbox 1265 4486 1389 4539; x_wconf 89' lang='lat' dir='ltr'><strong>celeriter</strong></span> <span class='ocrx_word' id='word_1_437' title='bbox 1410 4494 1536 4540; x_wconf 91' lang='lat' dir='ltr'><strong>sanctum</strong></span> <span class='ocrx_word' id='word_1_438' title='bbox 1559 4495 1588 4541; x_wconf 94' lang='lat' dir='ltr'><strong>et</strong></span> 
     </span>
     <span class='ocr_line' id='line_1_43' title="bbox 354 4587 1588 4655; baseline -0.002 -12"><span class='ocrx_word' id='word_1_439' title='bbox 354 4588 566 4655; x_wconf 90' lang='lat' dir='ltr'><strong>incomparabile</strong></span> <span class='ocrx_word' id='word_1_440' title='bbox 574 4589 657 4641; x_wconf 87' lang='lat' dir='ltr'><strong>decus</strong></span> <span class='ocrx_word' id='word_1_441' title='bbox 666 4588 700 4641; x_wconf 90' lang='lat' dir='ltr'><strong>ad</strong></span> <span class='ocrx_word' id='word_1_442' title='bbox 711 4589 800 4640; x_wconf 90' lang='lat' dir='ltr'><strong>locum</strong></span> <span class='ocrx_word' id='word_1_443' title='bbox 810 4602 892 4655; x_wconf 84' lang='lat' dir='ltr'><strong>quern</strong></span> <span class='ocrx_word' id='word_1_444' title='bbox 903 4589 1096 4654; x_wconf 72' lang='lat' dir='ltr'><strong>praecinimus,</strong></span> <span class='ocrx_word' id='word_1_445' title='bbox 1104 4588 1228 4655; x_wconf 88' lang='lat' dir='ltr'><strong>pondere</strong></span> <span class='ocrx_word' id='word_1_446' title='bbox 1239 4587 1413 4641; x_wconf 89' lang='lat' dir='ltr'><strong>miseriarum</strong></span> <span class='ocrx_word' id='word_1_447' title='bbox 1423 4601 1549 4655; x_wconf 86' lang='lat' dir='ltr'><strong>pressum</strong></span> <span class='ocrx_word' id='word_1_448' title='bbox 1559 4594 1588 4642; x_wconf 92' lang='lat' dir='ltr'><strong>et</strong></span> 
     </span>
    </p>
   </div>
   <div class='ocr_carea' id='block_1_3' title="bbox 0 0 1682 5482">
    <p class='ocr_par' dir='ltr' id='par_1_3' title="bbox 0 0 1682 5482">
     <span class='ocr_line' id='line_1_44' title="bbox 0 0 1682 5482; baseline 0 0"><span class='ocrx_word' id='word_1_449' title='bbox 0 0 1682 5482; x_wconf 95' lang='lat' dir='ltr'><strong> </strong></span> 
     </span>
    </p>
   </div>
  </div>
 </body>
</html>
