3316 5482
323 320 390 386 374
666 330 792 382 caran.
812 328 915 382 eonn.
934 328 1109 382 atomon.
1127 328 1208 380 aar.

323 512 378 559 tam
391 504 533 558 monachis
550 516 631 571 quam
652 502 739 567 laicis,
758 516 831 555 unus
848 505 954 555 tantum
972 514 1007 554 ex
1024 499 1143 567 famulis,
1162 499 1303 554 Eustasius
1320 499 1453 568 nomine,
1469 501 1572 556 ceteris

324 604 430 657 tidelior
442 616 473 656 ac
486 616 534 669 per
546 604 597 656 hoc
617 601 795 667 constantior,
809 601 837 652 in
855 612 971 654 caverna
984 599 1149 653 monasterio
1167 599 1292 666 proxima
1309 612 1339 653 se
1357 598 1527 666 abscondit,
1540 606 1572 654 nt

322 703 366 758 vel
379 704 438 758 visu
450 692 492 756 rel
506 701 600 755 auditu
623 704 802 768 cognosceret
812 699 879 767 qnid
891 699 1065 764 omnipotens
1086 701 1156 752 licus
1168 697 1204 752 de
1216 698 1318 754 famulo
1336 712 1390 753 sno
1403 700 1571 767 Pardulpho

323 811 351 856 et
363 803 449 870 ipsius
462 800 616 854 habitaculo
630 799 688 853 lieri
701 800 880 866 permitteret.
894 801 1017 865 Cumque
1035 798 1142 851 hostilis
1153 811 1259 851 cuneus
1273 800 1328 866 jam
1342 811 1434 866 prope
1447 804 1528 854 esset
1540 800 1570 852 in

321 904 424 970 januis,
437 914 562 968 egressus
573 912 639 966 puer
648 900 683 952 de
696 899 809 951 latibulo
819 911 878 963 suo,
888 899 946 951 viro
957 898 1002 950 liei
1015 898 1355 952 succlamavitutorationi
1366 898 1567 953 indesinenter
1581 898 1598 950 ii

324 1003 471 1066 insisteret,
484 1000 614 1067 quiajam
626 999 711 1052 hostis
730 998 894 1051 iuribundus
912 998 1070 1051 monasterii
1089 997 1193 1051 loribus
1211 997 1394 1051 incumberet.
1409 1001 1485 1052 Tam
1504 1012 1568 1052 san·

325 1108 401 1156 ctus:
415 1100 549 1167 Dissipo,
562 1099 661 1166 inquit,
675 1097 812 1165 Domine,
821 1099 926 1164 pontes
939 1109 1019 1164 quoe
1030 1095 1111 1151 bella
1125 1098 1241 1165 coirent,
1255 1099 1286 1151 et
1296 1099 1423 1152 contere
1432 1095 1569 1166 fortitu·

325 1199 430 1251 dinem
444 1197 573 1250 ictorum
585 1195 639 1263 qui
655 1193 905 1260 cogitantaeroio
923 1193 987 1247 tuis
999 1195 1096 1247 mola.
1117 1197 1177 1247 llox
1196 1194 1246 1261 illi,
1266 1195 1352 1247 nimio
1372 1198 1485 1248 terrore
1503 1208 1568 1249 con·

326 1298 408 1361 cossi,
421 1310 437 1350 a
449 1296 529 1364 longo
538 1301 683 1360 steterunt,
694 1300 720 1347 et
732 1295 826 1348 nescio
838 1292 905 1360 quid
916 1294 1064 1347 barbarum
1074 1295 1146 1347 inter
1155 1308 1185 1347 se
1198 1294 1365 1361 frendentes,
1373 1294 1457 1361 quasi
1471 1296 1570 1350 alacie

327 1397 477 1452 resistentis
489 1396 625 1449 exercitus
635 1394 763 1448 velociter
776 1393 948 1460 auhrgerunt.
959 1394 1002 1446 Sic
1015 1393 1090 1458 olim,
1101 1407 1163 1446 cum
1176 1394 1296 1446 misisset
1303 1407 1350 1446 rer
1363 1393 1463 1461 Syriae
1476 1395 1566 1449 robur
1583 1397 1612 1448 lo

327 1497 462 1550 exercitus
474 1496 503 1546 in
520 1495 625 1547 bothan
645 1493 679 1545 ad
697 1491 862 1558 capiendum
882 1496 1006 1544 sanctum
1027 1491 1163 1544 ilelisenm
1176 1491 1345 1558 prophetam,
1364 1492 1498 1546 minister
1516 1492 1570 1546 viri

327 1596 384 1664 liei,
396 1608 522 1663 egressus
540 1598 568 1646 et
579 1606 626 1645 eos
644 1606 675 1645 ex
694 1592 842 1658 improviso
856 1591 979 1654 intuitus,
999 1590 1111 1644 domino
1129 1603 1177 1644 suo
1195 1591 1330 1653 clamavit.
1349 1591 1449 1645 dicens
1463 1608 1472 1645 r
1488 1592 1569 1661 Herc,

327 1695 451 1749 domine
466 1693 521 1759 mi,
544 1692 619 1760 quid
636 1690 811 1759 sociemus?
829 1691 875 1743 Cui
895 1690 962 1743 ille:
982 1689 1063 1757 Noli,
1078 1690 1176 1756 inquit,
1195 1688 1322 1756 timere,·
1346 1690 1425 1757 quia
1443 1691 1564 1758 plures

326 1794 484 1849 nobiscum
495 1794 569 1845 cunt
581 1804 675 1859 quam
693 1803 764 1844 cum
782 1789 904 1843 cicietur
925 1793 1035 1842 exorato
1048 1789 1162 1842 homino
1175 1793 1206 1842 ut
1223 1789 1342 1855 aperiret
1358 1790 1457 1844 oculos
1475 1791 1569 1857 pueri,

327 1892 393 1947 vidit
407 1898 527 1944 montem
540 1890 666 1943 curribus
679 1889 765 1957 igneis
777 1894 804 1941 et
816 1888 926 1942 caelesti
941 1887 1036 1940 militia
1049 1888 1172 1954 plenum,
1192 1887 1319 1942 hostilem
1332 1900 1398 1942 voro
1411 1889 1568 1943 exercitum
1586 1890 1616 1943 lb

329 1993 458 2047 caecitate
479 1997 504 2045 et
527 1991 689 2045 contusione
713 1990 843 2043 divinitus
863 1989 1062 2055 perturbatum.
1087 1988 1136 2052 Qui
1160 2001 1225 2056 ergo
1243 1993 1309 2041 tunc
1327 1994 1456 2042 sanctum
1474 1994 1569 2044 vatem

173 2099 241 2162 ⁶(m.
255 2100 291 2163 c.)
332 2093 493 2147 mirabiliter
504 2090 671 2153 custoditio,
680 2090 739 2156 ipse
749 2102 822 2141 nuno
832 2093 958 2141 sanetum
968 2089 1096 2141 abbatem
1106 2087 1322 2142 misericorditer
1329 2088 1496 2143 liberaum
1504 2091 1573 2144 tiam

172 2178 249 2294 fig·
262 2165 294 2296 ξ’)
334 2201 363 2248 ut
374 2196 554 2260 cognoscatur
566 2204 638 2243 nnus
651 2190 780 2256 idemque
792 2189 905 2255 spiritus
916 2188 1118 2241 misericordiae
1130 2193 1158 2241 et
1170 2188 1289 2241 caritatis
1301 2188 1330 2241 ln
1338 2192 1459 2255 utroque
1472 2189 1573 2254 luisse,

182 2296 199 2349 l.
214 2269 251 2348 m:
263 2271 288 2348 2'.
335 2295 405 2347 sicut
417 2292 462 2344 ille
475 2305 490 2343 a
502 2304 566 2357 rege
579 2290 661 2342 lsrael
674 2292 755 2356 syros
773 2288 988 2355 comprehensos
997 2288 1079 2354 jussit
1098 2288 1193 2355 cibari,
1207 2288 1248 2340 sic
1263 2289 1324 2352 iste,
1339 2286 1460 2341 audiens
1476 2289 1575 2343 Sarra·

329 2406 413 2447 cenos
425 2393 573 2454 irruentes,
585 2391 710 2456 quamvis
723 2388 966 2442 inoboedientibus
983 2400 1049 2454 prae
1060 2388 1157 2440 timore
1171 2388 1300 2441 trabibus
1311 2392 1338 2441 et
1350 2388 1473 2457 famulis,
1487 2402 1570 2457 prae·
1587 2390 1620 2443 at

330 2493 401 2559 cepit
410 2492 450 2544 cis
464 2491 558 2558 epulas
572 2490 738 2555 praeparari.

363 2592 412 2644 ta.
428 2592 475 2644 Do
486 2591 628 2654 ampulla
639 2603 746 2654 aquae
761 2589 872 2642 emisa.
885 2617 917 2625 -
928 2588 1107 2642 arvernensis
1124 2587 1245 2654 quidam,
1259 2588 1372 2641 nomine
1390 2588 1565 2656 bobolenus,

331 2691 406 2758 petiit
417 2704 433 2744 a
444 2690 503 2743 viro
516 2689 561 2742 liei
575 2689 625 2740 sibi
645 2701 744 2755 aquam
766 2688 794 2739 in
815 2687 936 2754 ampulla
957 2686 1093 2753 benedici,
1107 2687 1223 2740 credens
1236 2700 1286 2754 per
1297 2688 1357 2754 ejus
1368 2689 1568 2753 aspersionem

131 2792 310 2847 'conterret
329 2792 441 2845 domum
453 2803 530 2842 suam
552 2788 609 2841 iore
622 2786 796 2840 mundiorem
818 2792 844 2840 et
861 2788 1064 2855 aegrotantibus
1079 2798 1158 2853 posse
1178 2786 1318 2840 conferri·
1331 2786 1492 2841 sanitatem.
1508 2790 1571 2852 Qua

327 2903 410 2956 super
422 2890 520 2941 lectum
533 2901 613 2941 suum
625 2899 768 2952 suspensa,
781 2887 891 2952 quidam
911 2886 1011 2938 infirmi
1031 2886 1314 2953 quantulumcumque
1335 2899 1368 2939 ex
1389 2898 1423 2939 ea
1446 2886 1502 2941 sibi
1516 2888 1570 2940 im·
1587 2888 1619 2941 id

327 2990 421 3057 partiri
433 2990 484 3041 sub
497 2987 610 3041 nomine
630 2987 749 3040 caritatis
771 2987 985 3053 postulaverunt,
1000 3000 1051 3039 nec
1073 2987 1220 3053 quicquam
1234 2986 1381 3052 impetrare
1398 2990 1571 3053 potuerunt.

328 3087 418 3139 Altera
437 3090 528 3137 autem
549 3085 593 3137 die
614 3084 767 3149 suspiciens
788 3085 892 3136 invenit
913 3097 943 3136 os
965 3084 1101 3150 ampullae
1121 3085 1215 3149 parieti
1237 3083 1446 3145 adhaerentem,
1460 3084 1568 3139 lectum

329 3199 394 3239 vero
407 3198 486 3237 suum
499 3184 581 3237 totius
593 3183 680 3236 laticis
702 3184 790 3235 inutili
808 3182 965 3248 perfusione
989 3184 1161 3248 madentem;
1175 3189 1202 3236 et
1210 3184 1284 3251 justo
1307 3183 1353 3236 liei
1362 3180 1483 3250 judicio,
1496 3188 1529 3238 ut
1547 3186 1572 3237 is

328 3286 376 3353 qui
389 3294 445 3337 non
458 3284 574 3336 aliorum
586 3282 634 3336 sed
655 3289 760 3335 tantum
773 3295 843 3349 quae
856 3294 904 3335 sua
917 3288 995 3334 erant
1007 3282 1164 3348 quaerebat,
1178 3295 1229 3335 nec
1241 3282 1292 3335 sibi
1306 3295 1358 3336 nec
1370 3281 1434 3336 aliis
1447 3283 1569 3350 prodes·

329 3389 370 3437 sot
381 3383 454 3450 quod
466 3383 592 3436 habebat.
605 3387 777 3449 cognoscens
790 3383 871 3449 igitur
884 3388 989 3434 reatum
1002 3395 1092 3444 suurn,
1106 3382 1139 3434 ad
1152 3383 1241 3434 virum
1253 3382 1300 3435 liei
1317 3394 1382 3435 cum
1395 3383 1568 3438 uerecundia
1587 3387 1619 3437 ³0

332 3484 420 3548 rediit,
434 3488 461 3536 et
472 3483 692 3536 benedictionem
716 3481 828 3534 alterius
841 3494 927 3548 aquae
949 3482 1083 3549 tlagitans,
1098 3482 1132 3534 de
1144 3487 1236 3535 cetero
1249 3482 1441 3536 humaniorem
1459 3495 1492 3535 se
1511 3483 1573 3537 iore

333 3582 466 3648 promisit.

367 3683 416 3735 13.
431 3686 476 3736 Do
487 3683 612 3736 caballo
624 3684 809 3734 excaecato.
823 3709 855 3718 -
867 3681 997 3734 Arnulius
1015 3680 1125 3748 quitiam
1136 3683 1254 3747 juvenis,
1268 3680 1436 3734 domesticus
1453 3681 1573 3736 illustris

178 3784 245 3846 ·(m.
259 3782 294 3845 a.)
334 3783 384 3834 viri
406 3782 522 3835 ilunaldi
544 3781 684 3847 principis,
698 3780 840 3846 cuiusdam
858 3781 956 3833 viduae
974 3781 1108 3833 modicam
1130 3782 1289 3834 annonam·
1312 3780 1444 3834 violenter
1465 3782 1570 3847 rapuit,

178 3850 292 3978 Ἰ·(ἑ“·5ἓ)·
335 3895 450 3949 eantque
462 3881 566 3934 caballo
579 3893 639 3943 suo,
653 3880 732 3932 vidua
746 3880 868 3945 plorante
880 3886 907 3932 ct
919 3881 1005 3932 sancti
1023 3881 1073 3932 viri
1092 3880 1240 3946 laudulphi
1257 3880 1387 3932 ancillam
1399 3893 1429 3933 se
1441 3881 1450 3898 ·
1464 3880 1573 3947 procla·
1590 3883 1622 3933 ³⁰

183 3994 211 4032 sc
224 3994 248 4033 a.
263 3982 286 4032 2.
333 3986 424 4034 mante
442 3994 494 4033 nec
511 3981 657 4046 quicquam
674 3979 791 4044 amplius
804 3980 925 4032 alimenti
949 3978 1050 4032 habere
1060 3981 1180 4046 jnranto,
1194 3978 1324 4032 audacter
1335 3980 1474 4046 apposuit.
1488 3982 1571 4035 cunr·

335 4094 388 4147 que
400 4092 534 4146 egressus,
547 4084 577 4130 ut
591 4077 690 4129 talibus
703 4090 761 4129 mos
774 4082 825 4141 ost,
839 4079 933 4131 oculos
953 4091 1017 4131 suos
1034 4079 1110 4130 ranis
1122 4079 1284 4144 spectaculis
1297 4078 1469 4145 aliquamdiu
1483 4083 1574 4147 paris·

335 4187 387 4245 set,
405 4187 431 4231 ot
453 4191 555 4244 equum
576 4190 656 4229 suum
677 4190 786 4229 annona
807 4177 907 4230 viduali
929 4176 1095 4230 sufficienter
1116 4184 1224 4243 pastum
1246 4183 1362 4244 putaret.
1384 4178 1574 4245 introgressus

335 4291 474 4332 annonam
488 4278 613 4329 intactam
636 4277 759 4340 inuenit3
773 4283 800 4329 et
814 4278 966 4343 quioculos
989 4278 1086 4332 viduae
1098 4278 1132 4330 ad
1147 4278 1272 4331 lacrimas
1285 4285 1493 4346 provocaverat,
1506 4282 1572 4348 eqni

336 4380 378 4431 sui
391 4378 484 4432 oculos
496 4377 579 4429 fronti
592 4377 650 4439 ejus
662 4377 721 4428 sine
735 4376 791 4427 visu
805 4390 940 4443 appensos
952 4391 1014 4429 cum
1027 4377 1122 4430 dolore
1134 4378 1248 4443 aspexit.
1263 4380 1340 4429 lunc
1357 4384 1571 4445 praesumptuo-
1590 4384 1623 4434 tc

337 4493 383 4531 sus
394 4477 502 4543 iuvenis
514 4489 548 4528 ox
561 4476 664 4528 ultione
678 4476 762 4543 inagis
775 4490 856 4542 quam
869 4491 902 4529 cx
915 4477 1031 4530 lectione
1044 4477 1139 4530 didicit
1150 4478 1214 4543 quia
1227 4477 1356 4530 lacrimae
1367 4477 1470 4532 viduae
1481 4494 1575 4548 usquc

336 4576 370 4627 ad
385 4576 523 4627 rrraxillam
535 4573 704 4626 descendunt
716 4581 742 4627 ct
756 4575 885 4627 ltonriuus
896 4575 1036 4627 exauditor
1049 4588 1104 4628 non
1117 4575 1268 4628 delectatur
1279 4576 1310 4627 in
1322 4574 1387 4628 illis.
1401 4577 1575 4647 intellegens
