3316 5482
383 363 451 432 398
730 372 857 425 carm.
876 371 1171 424 cono.nna10an.
1190 372 1271 424 uss.

384 549 435 602 boc
447 552 457 579 ⁸
470 548 662 615 argumentum
679 543 800 611 repperit
811 542 877 610 quia
888 533 1000 596 barbam
1011 543 1034 571 ¹⁰
1046 542 1123 609 quasi
1136 553 1279 597 onerosam
1292 539 1346 594 sibi
1358 539 1508 607 recidebat,
1517 544 1592 607 etque

384 648 460 701 niam
473 659 488 700 a
501 644 602 699 vertice
615 645 673 711 ejus
684 642 776 710 capilli
788 640 969 710 defluxerant,
984 642 1142 696 novaculam
1155 639 1273 707 desuper
1284 641 1400 694 trahens
1409 652 1535 694 eoronam
1543 638 1593 692 eda·

384 747 440 801 bat.
454 745 571 799 Pellicea
582 743 703 810 desuper
714 743 852 807 utebatur,
863 741 932 796 duas
942 746 1035 795 tamen
1047 753 1197 808 numquam
1208 741 1290 794 simul
1302 740 1425 794 babebat
1436 742 1467 792 ¹¹.
1480 742 1516 793 lte
1525 738 1592 792 balteo

383 845 426 900 uel
440 845 513 899 ensis
525 848 657 911 apparatu
669 855 779 896 crucem
800 854 912 895 auream
935 841 1007 894 feeit.
1029 840 1132 894 bebfnc
1151 842 1265 894 Romam
1290 840 1443 907 profectus,
1464 839 1593 893 tediosa

384 949 508 998 mentum
522 942 596 1009 quod
608 945 701 995 mente
712 944 884 1007 conceperat.
897 942 965 993 Tum
977 952 1042 994 uero
1057 938 1077 965 '⁸
1095 939 1292 992 monasterium
1307 937 1465 992 aedificavit
1480 942 1507 992 et
1516 934 1612 1005 qmlet

384 1045 500 1112 reperiri
521 1040 612 1110 potuit
633 1042 782 1095 monachos
802 1040 973 1109 aggregatim
986 1039 1021 1093 de
1041 1053 1071 1093 se
1092 1045 1184 1093 tamen
1204 1040 1289 1093 satius
1309 1039 1467 1093 aestimavit
1485 1039 1523 1092 sic
1536 1042 1592 1091 state

386 1157 469 1213 quarn
491 1142 513 1169 ¹¹
536 1142 640 1209 absque
662 1141 782 1207 probatis
802 1140 932 1193 fratribus
953 1139 1070 1193 sublime
1089 1139 1258 1206 propositum
1280 1143 1448 1205 attemptare
1463 1138 1496 1192 ¹⁶.
1515 1136 1596 1191 invius

385 1244 478 1310 itaque
489 1255 552 1296 curn
565 1241 639 1294 laicis
652 1239 880 1306 conversabatur;
889 1238 938 1292 sed
948 1237 1073 1307 quamvis
1085 1237 1175 1291 eidem
1185 1251 1245 1292 esse
1255 1239 1396 1292 videretur
1408 1237 1434 1265 ‘⁸
1442 1237 1597 1292 illudbonun

386 1341 574 1408 etlucundum
586 1352 642 1407 quo
662 1339 760 1391 fratres
781 1337 904 1390 babitant
922 1335 944 1362 ¹⁸
957 1338 986 1390 in
999 1351 1097 1404 unum,
1118 1341 1220 1406 amen,
1242 1337 1320 1405 quasi
1334 1336 1466 1392 columba
1476 1338 1594 1401 floccum

385 1453 442 1495 non
456 1440 592 1496 inueniret
603 1438 669 1493 foris
682 1436 704 1465 ⁴²
717 1437 765 1492 ubi
778 1438 972 1505 requiesceret,
986 1436 1020 1490 ad
1033 1437 1169 1491 Christum
1182 1442 1211 1491 et
1232 1437 1266 1490 ad
1287 1443 1428 1491 secretum
1445 1435 1533 1492 cordis
1542 1428 1626 1489 teldll

384 1540 420 1595 ad
440 1553 531 1594 aream
553 1551 710 1604 recurrens,
724 1537 839 1604 spiritali
856 1536 1037 1592 delectatione
1059 1536 1176 1591 feliciter
1197 1538 1372 1603 pascebatur.
1397 1536 1505 1605 ingenti
1522 1539 1594 1590 anon

383 1639 472 1695 studio
482 1652 592 1706 semper
603 1641 779 1706 procuratum
792 1650 842 1705 per
864 1637 964 1691 multos
986 1641 1050 1690 ante
1073 1650 1136 1690 eum
1157 1649 1247 1690 annos
1259 1634 1282 1663 '⁸
1294 1636 1345 1690 fuit
1357 1642 1390 1690 ut
1401 1631 1598 1704 oumqnannisi

382 1740 458 1807 juxta
472 1737 616 1792 ecelesiam
629 1740 760 1791 maneret.
773 1736 856 1803 Copia
867 1749 933 1791 uero
946 1735 1108 1790 elericorum
1121 1740 1149 1789 et
1161 1735 1251 1789 omnis
1263 1734 1376 1789 divinae
1388 1735 1528 1789 servitutis
1539 1743 1603 1800 appt-

386 1844 460 1893 ratus
470 1839 570 1907 jugiter
583 1836 605 1863 ⁶·
618 1842 726 1905 praesto
739 1842 808 1890 erat.
829 1840 967 1891 Nocturno
988 1843 1112 1903 tempore
1131 1842 1244 1890 cunctos
1265 1838 1294 1889 in
1316 1836 1439 1890 oratorio
1461 1832 1602 1903 praeuenire

387 1939 491 2006 solitus,
505 1950 569 1991 cum
580 1936 620 1989 illi
634 1936 801 1990 recedebant
815 1935 851 2004 ⁸⁰,
865 1936 1025 1989 remanebat
1036 1935 1121 2002 solus,
1132 1949 1193 1989 cum
1206 1933 1317 2002 quidem
1329 1940 1399 1988 tunc
1410 1937 1488 1988 tanto
1508 1924 1635 1987 bbenntt

388 2043 490 2106 quanto
502 2041 529 2091 et
540 2036 671 2091 secretius
682 2036 782 2089 divinis
799 2036 882 2089 rebus
894 2035 1064 2088 inhaerebat.
1085 2037 1170 2100 Quam
1191 2038 1350 2088 reverenter
1372 2044 1442 2086 sane
1462 2032 1492 2085 in
1510 2029 1606 2087 ecclesia

389 2137 528 2206 perstabat
539 2137 560 2164 ⁸¹
576 2149 632 2190 non
645 2137 709 2189 satis
721 2135 817 2189 referri
831 2139 927 2201 potest,
946 2134 993 2189 sed
1011 2140 1121 2202 putares
1132 2134 1211 2188 illum
1223 2134 1301 2202 quasi
1314 2133 1491 2200 majestatem
1503 2132 1606 2201 aliquan

388 2234 502 2290 intueri.

422 2334 454 2389 8.
466 2333 699 2389 Consuetudinem
711 2334 762 2388 sibi
775 2335 878 2388 fecerat
889 2337 920 2387 ut
931 2348 1040 2401 semper·
1051 2333 1175 2389 secundo
1186 2346 1261 2387 anno
1273 2336 1387 2387 liomam
1401 2335 1548 2402 pergerem
1558 2341 1609 2384 cen·

391 2446 452 2486 sum
464 2445 529 2488 vero
542 2433 693 2500 ‘praedicti
706 2433 831 2486 coenobii
844 2432 914 2486 collo
927 2445 1092 2500 suspensum
1112 2433 1190 2499 quasi
1209 2445 1303 2486 servus
1321 2431 1438 2484 domino
1452 2429 1462 2458 ¹
1475 2421 1645 2485 elambat!

392 2534 425 2586 lt
435 2532 497 2600 quis
508 2533 589 2601 digne
599 2533 717 2600 explicet
729 2545 812 2600 quarn
824 2533 922 2586 devote
933 2537 1020 2587 totum
1032 2534 1084 2587 lter
1092 2533 1161 2586 illud
1173 2532 1371 2599 percurrebatt
1384 2533 1454 2585 llam
1467 2543 1557 2598 paene
1565 2526 1613 2582 nul

391 2632 448 2685 lum
462 2644 610 2699 pauperem
622 2632 800 2699 praeteribat,
811 2633 879 2700 quin
891 2638 918 2685 et
930 2633 1103 2686 monasteriis
1126 2633 1169 2687 via
1184 2630 1195 2657 ⁸
1207 2631 1342 2699 contiguis
1352 2632 1440 2684 multa
1450 2631 1614 2698 largiebatur.

391 2733 603 2799 Nonnumquam
623 2744 688 2785 vero
710 2732 739 2784 in
759 2743 855 2785 uocem
869 2730 1030 2800 ‘plangoris
1053 2745 1202 2798 crumpens
1225 2739 1253 2785 et
1273 2745 1358 2798 super
1377 2743 1478 2785 omnes
1499 2718 1616 2799 quasit

392 2829 495 2883 malum
508 2830 642 2897 proclivos
653 2829 763 2884 videbat
771 2830 963 2899 ingemiscens,
977 2831 1054 2898 quasi
1067 2835 1095 2883 et
1107 2830 1117 2855 ⁸
1129 2829 1267 2897 quandam
1279 2830 1485 2898 querimoniam
1497 2828 1613 2889 facieba,

392 2929 466 2996 quod
477 2930 590 2996 quidem
603 2942 701 2982 omnes
712 2943 761 2997 pro
775 2943 869 2983 amore
881 2929 978 2983 mundi
992 2930 1123 2996 perirent,
1145 2929 1220 2996 quod
1233 2931 1318 2996 pictas
1329 2928 1470 2996 deiiceret,
1484 2927 1560 2996 quod
1573 2920 1649 2979 inl-fl

393 3027 482 3095 quitas
495 3026 662 3080 redundaret
673 3031 695 3093 ⁸,
708 3028 781 3094 quod
795 3041 880 3094 paene
891 3029 947 3094 jam
959 3029 1079 3081 universi
1092 3028 1248 3081 amitterent
1259 3041 1274 3081 a
1287 3028 1368 3082 corde
1380 3027 1579 3091 innocentiam,
1589 3024 1618 3076 ab

393 3137 441 3179 ore
454 3127 611 3193 ueritatem3
624 3127 692 3180 illud
703 3128 819 3181 subinde
829 3126 965 3194 replicans
980 3145 986 3181 :
1000 3129 1183 3196 oquacitate
1191 3127 1305 3196 defecit
1317 3131 1459 3196 sanctus,
1473 3127 1618 3195 precntum

394 3224 570 3279 diminutae
581 3228 653 3279 sunt
667 3226 676 3253 ⁷
690 3226 838 3281 ueritates
851 3240 870 3281 a
882 3228 960 3296 filiis
970 3227 1139 3283 bominum.
1153 3231 1237 3281 Porro
1249 3226 1416 3281 desiderium
1430 3227 1505 3294 quod
1518 3225 1554 3278 de
1564 3236 1619 3277 con·

392 3323 538 3392 gregandis
557 3326 697 3379 monacbis
709 3333 872 3394 conceperat
892 3326 1002 3394 explere
1023 3341 1079 3380 non
1098 3327 1203 3394 ualens,
1228 3327 1371 3381 nausiabat
1391 3339 1478 3393 super
1498 3324 1560 3378 illos
1577 3321 1619 3390 qui

394 3422 484 3476 locum
497 3436 553 3476 non
566 3425 726 3493 regulariter·
737 3426 904 3480 incolebant.
918 3429 1004 3492 saepe
1016 3427 1090 3479 enim
1102 3440 1164 3480 cum
1178 3427 1357 3480 familiaribus
1377 3426 1413 3479 de
1426 3427 1480 3479 bac
1492 3437 1523 3478 re
1534 3415 1650 3478 conte-ll

395 3523 507 3576 rebatur
519 3521 540 3590 ⁸,
554 3522 667 3577 dicens:
684 3525 790 3579 cetere
808 3537 887 3591 quae
907 3523 1094 3579 coenobitis·
1113 3525 1293 3580 necessario
1313 3525 1473 3590 videntur,
1491 3524 1553 3577 Deo
1565 3523 1621 3575 lar·

393 3621 497 3688 giente
510 3620 532 3648 ¹⁰
544 3636 607 3677 non
619 3624 731 3677 desunt
743 3641 752 3690 ,·
764 3626 817 3678 ceci
830 3624 849 3651 ¹·
859 3624 941 3691 prob
954 3625 1062 3678 dolor!
1082 3624 1228 3680 nzoaaebi
1246 3625 1307 3679 soli
1325 3636 1389 3678 non
1408 3623 1620 3691 repercussam,

395 3717 460 3786 ipsi
472 3717 493 3745 ¹¹
505 3721 567 3775 soli
577 3724 734 3788 nequeunt
746 3722 892 3777 inueniri.
903 3726 1023 3789 Quadam
1033 3721 1055 3748 '⁸
1068 3738 1187 3792 namque
1195 3724 1240 3777 die
1249 3723 1399 3790 respiciens
1412 3721 1434 3747 ‘⁸
1448 3721 1485 3775 ad
1497 3720 1621 3775 fabricam

395 3818 505 3885 domus,
514 3820 633 3874 ubertim
646 3822 736 3875 flebat.
750 3823 817 3875 cum
829 3822 940 3889 quidam
954 3823 976 3850 ¹⁸
989 3824 1195 3878 efamiliaribus
1207 3824 1360 3891 inquireret
1370 3835 1488 3876 curnam
1500 3821 1578 3875 fleret
1589 3817 1622 3869 ¹⁸:

400 3917 484 3978 Quod
497 3915 530 3984 ¹⁷,
544 3918 643 3986 inquit,
657 3920 758 3974 tecum
770 3919 867 3974 istum
879 3921 922 3975 ad
934 3921 1077 3989 effectum
1089 3935 1285 3990 raequcqecm
1297 3920 1319 3949 ¹⁸
1332 3920 1440 3975 venire
1459 3918 1623 3988 compicto,
1636 3915 1650 3967 3

397 4126 429 4137 -
442 4096 452 4122 ’
465 4100 539 4154 bunc
551 4103 576 4153 l.
588 4127 621 4138 -
634 4098 657 4125 ¹⁰
668 4099 752 4166 (qb.)
764 4111 823 4154 om.
837 4103 862 4154 f.
871 4129 905 4140 -
917 4101 937 4127 ¹¹
951 4101 1216 4166 (pellicea-babebat)
1236 4114 1295 4156 om.
1311 4102 1337 4167 Ξ,
1355 4103 1381 4153 3.
1397 4126 1426 4140 -
1440 4098 1463 4126 '⁸
1483 4113 1544 4156 om.
1562 4102 1589 4166 2,
1601 4101 1626 4152 3.

396 4208 431 4220 -
440 4183 462 4209 ⁴⁸
474 4197 557 4250 quem
570 4185 593 4236 f.
607 4210 638 4220 -
651 4180 675 4210 ‘⁴
687 4187 859 4249 attemptaret
870 4186 896 4250 2,
909 4189 934 4238 3.
948 4213 978 4224 -
992 4183 1014 4210 ¹⁵
1025 4191 1061 4253 (e.
1074 4188 1109 4249 v.)
1122 4200 1147 4239 v.
1161 4198 1186 4238 e.
1199 4188 1233 4251 33
1246 4181 1385 4249 (sed-vid.)
1398 4196 1458 4237 em.
1471 4186 1499 4237 Ξ.
1513 4211 1546 4223 -
1555 4183 1577 4209 “
1586 4185 1627 4236 ba·

398 4263 516 4318 bitarent
538 4267 564 4331 2,
588 4267 613 4317 3.
638 4293 670 4303 -
694 4264 714 4292 ¹⁷
740 4277 799 4319 om.
823 4269 847 4319 l.
869 4296 901 4305 -
925 4265 947 4294 ¹⁸
969 4270 1005 4333 (e.
1031 4269 1067 4334 a.)
1090 4268 1149 4334 ejus
1172 4267 1266 4322 oculos
1288 4269 1314 4331 2,
1335 4268 1361 4320 3.
1382 4293 1416 4304 -
1437 4264 1460 4292 ”
1482 4279 1545 4322 om.
1561 4271 1629 4321 3.-

399 4344 421 4373 ¹⁸
442 4347 606 4400 recederent
625 4349 651 4414 2,
664 4351 689 4400 3.
703 4376 733 4385 -
746 4345 767 4373 ¹¹
783 4351 935 4415 praestabat
945 4353 971 4404 2.

431 4429 593 4482 Numa·
610 4429 617 4455 ¹
632 4431 1114 4497 om.2.-'om.2,3.-⁸viae3.
1129 4432 1630 4488 -⁴vocef.-⁸om.3.—⁸inun·

397 4511 476 4564 daret
487 4514 512 4576 Ξ,
525 4509 607 4565 3.-’
622 4511 659 4576 (d.
673 4518 706 4577 s.)
717 4527 777 4567 om.
790 4516 815 4567 2.
832 4543 857 4552 -
869 4518 879 4543 ⁸
889 4515 1047 4568 conferebat
1058 4520 1083 4569 3.
1095 4515 1147 4556 -'
1161 4515 1315 4570 coenobiali
1326 4513 1398 4567 vitae
1410 4516 1437 4582 2,
1451 4519 1476 4569 3.
1488 4545 1522 4556 -
1534 4517 1632 4582 ⁸·(lt.l.)

398 4593 418 4647 1.
431 4597 461 4647 b.
474 4597 500 4648 3.
513 4623 545 4633 -
558 4595 578 4621 “
594 4597 647 4649 lieu
665 4596 738 4650 add.
751 4597 777 4662 ²,
790 4601 857 4651 3.-
870 4600 892 4627 ¹¹
904 4608 963 4652 om.
977 4600 1029 4663 33.
1043 4626 1076 4640 -
1088 4599 1110 4625 ⁴²
1124 4599 1238 4663 Quidam
1251 4601 1277 4652 Ξ.
1290 4626 1323 4639 -
1335 4595 1358 4623 “
1371 4599 1553 4667 respicientis
1563 4602 1590 4655 2.
1603 4626 1632 4639 -

398 4674 422 4707 ¹⁸
434 4676 545 4743 quidem
559 4680 583 4732 t.
594 4705 625 4718 -
638 4677 660 4705 ⁴⁸
673 4678 773 4746 quibus
782 4679 828 4734 ille
837 4680 910 4734 add.
926 4683 991 4734 f.—
1001 4679 1021 4706 ¹¹
1034 4683 1165 4751 quoniam
1174 4684 1199 4748 i,
1210 4686 1236 4736 3.
1244 4678 1300 4720 -¹⁸
1309 4680 1354 4747 (ad
1364 4693 1390 4736 e.
1402 4681 1445 4750 n.)
1455 4695 1485 4737 n.
1495 4683 1534 4737 ad
1544 4697 1571 4738 e.
1582 4683 1634 4749 ²2³·
