3316 5482
374 322 394 386 4
715 331 842 381 cxrxu.
862 330 964 380 conn.
983 329 1157 380 uxcroca.
1183 330 1263 380 uxr.

373 504 448 557 ricae
469 502 577 554 direxit.
597 503 670 553 llaec
682 500 756 552 enim
769 499 863 551 civitas
875 497 1022 551 admodum
1036 498 1167 564 populosa
1181 501 1208 550 et
1226 498 1378 564 frequentia
1392 498 1507 552 militum
1522 514 1613 554 roma·

374 615 473 656 norum
493 601 640 667 primatum
662 599 733 651 inter
749 598 816 650 alias
836 597 920 649 urbes
941 596 1053 662 Galliae,
1065 603 1096 650 ut
1110 598 1167 662 jam
1187 595 1382 662 praediximus.
1396 587 1473 664 quasi
1486 600 1613 653 secunda

373 703 457 755 Roma
470 698 621 752 obtinebat.

406 799 438 850 5.
454 797 598 863 Apostolus
610 808 675 863 ergo
688 794 787 862 Christi
800 793 939 857 Martialis,
953 794 1064 862 triginta
1081 799 1109 846 et
1125 808 1211 848 unum
1230 807 1318 847 annos
1331 796 1427 848 aetatis
1439 797 1556 863 babens,
1570 797 1612 849 ibi

373 896 531 963 praedicare
544 907 657 948 exorsus
670 900 720 953 est,
735 893 839 946 babens
860 906 953 946 secum
972 893 1042 946 duos
1063 907 1097 946 ex
1115 893 1256 960 discipulis
1273 894 1404 960 probatos
1416 895 1524 961 iratres,
1538 894 1613 962 Alpi·
1628 897 1647 948 5

375 998 488 1050 nianum
500 994 948 1060 3110311131111131111111,(1110310330
957 994 1030 1048 beati
1041 995 1112 1047 Petri
1123 1006 1215 1046 secum
1226 993 1379 1047 adduxerat
1388 995 1422 1047 ab
1431 995 1500 1048 urbe
1512 997 1611 1048 Roma.

373 1096 406 1146 lit
417 1099 530 1160 propter
541 1093 716 1145 securitatem
729 1093 925 1153 Romanorum,
944 1090 992 1155 qui
1009 1089 1181 1142 lemovicam
1200 1092 1342 1158 regebant,
1356 1092 1475 1157 primum
1488 1105 1609 1160 evange-

375 1194 440 1246 lium
454 1192 613 1258 praedicare
634 1191 725 1256 coepit
743 1191 771 1240 in
793 1187 894 1255 oppido
917 1188 1004 1252 Tullo,
1027 1188 1073 1241 ubi
1097 1196 1156 1242 erat
1178 1203 1307 1243 romanus
1326 1191 1453 1244 tribunus
1465 1193 1563 1255 Nerva,
1577 1204 1613 1244 ex

374 1305 475 1356 genere
485 1289 590 1343 Claudii
603 1293 630 1342 et
640 1289 766 1351 Neronis,
779 1289 826 1354 qui
840 1291 901 1352 post
914 1287 1003 1352 ipsum
1015 1287 1157 1340 Claudium
1174 1291 1274 1342 caesar
1292 1288 1447 1355 appellatus
1461 1294 1511 1342 est.
1525 1291 1613 1356 cujus

375 1393 477 1444 Nervae
490 1388 576 1441 lilium
590 1387 763 1441 resuscitavit
777 1385 917 1453 apostolus
929 1385 1028 1437 christi
1040 1399 1056 1438 a
1068 1387 1194 1452 mortuis,
1207 1392 1234 1440 et
1246 1400 1342 1440 omnes
1354 1388 1383 1440 in
1397 1387 1495 1441 eodem
1508 1388 1614 1454 oppido
1634 1392 1657 1443 l(

374 1488 514 1542 christiani
528 1487 590 1540 iacti
604 1493 668 1538 sunt
680 1491 707 1539 et
719 1485 754 1538 ab
767 1498 799 1538 3ο
813 1484 950 1551 baptizati.
970 1485 1020 1537 Ubi
1041 1482 1183 1537 christiani
1196 1485 1341 1539 ecclesiam
1351 1490 1568 1540 construxerunt
1581 1488 1613 1540 in

312 1582 314 1586 ’
375 1588 552 1642 veneratione
565 1586 637 1639 beati
650 1585 787 1637 Martialis.
802 1585 858 1646 Quo
872 1583 901 1635 in
921 1589 1013 1637 monte
1031 1583 1125 1651 [terra]
1144 1583 1276 1650 deinceps
1292 1599 1381 1652 usque
1399 1585 1481 1639 bodie
1493 1590 1616 1640 mortuo·

375 1702 435 1741 rurn
448 1688 580 1739 cadavera
601 1698 658 1738 non
673 1685 779 1750 recipit,
793 1685 822 1735 in
843 1684 1002 1736 testimonio
1019 1685 1105 1735 sancti
1124 1684 1263 1750 Martialis,
1277 1685 1324 1751 qui
1338 1686 1458 1751 primum
1472 1685 1509 1737 ibi
1522 1688 1611 1740 vitam

375 1785 527 1839 introduxit
538 1790 565 1836 et
585 1790 700 1836 mortem
723 1782 860 1835 idolorum
882 1782 1042 1834 eliminavit.
1065 1781 1132 1834 lude
1144 1782 1240 1835 beatus
1252 1783 1391 1849 apostolus
1406 1785 1535 1838 Martialis
1546 1788 1616 1854 lige·

373 1886 489 1947 dunum,
499 1881 578 1936 valde
592 1883 755 1948 populosum
768 1886 794 1933 ot
805 1879 883 1932 valde
897 1881 1068 1945 praeclarum
1082 1886 1191 1933 terrena
1203 1881 1358 1947 frequentia
1375 1884 1476 1948 vicum,
1489 1897 1611 1952 evange·
1630 1889 1657 1939 ti

374 1987 441 2039 lium
453 1984 563 2037 edocuit
578 1989 606 2036 ct
624 1986 737 2035 cunctos
758 1982 795 2034 ibi
817 1981 847 2032 in
869 1982 981 2034 nomine
993 1986 1103 2034 sanctae
1115 1981 1253 2034 Trinitatis
1265 1982 1420 2048 baptizavit.
1434 1983 1474 2036 lbi
1488 1996 1611 2038 commo·

374 2085 444 2139 ranti
458 2085 481 2136 ei
495 2083 625 2136 Dominus
638 2081 773 2148 apparuit,
786 2093 903 2134 monens
912 2093 947 2132 113
959 2086 1137 2132 cunctaretur
1146 2080 1260 2134 introire
1271 2082 1443 2135 Lemovicam
1454 2082 1606 2136 civitatem.

306 2169 308 2173 ¹
374 2189 404 2238 ln
417 2197 471 2251 qua
484 2181 587 2247 recepit
599 2194 661 2234 eum
674 2185 767 2233 sancta
779 2181 904 2232 susanna
916 2178 1006 2243 vidua,
1021 2185 1108 2231 mater
1121 2179 1243 2232 valeriae
1260 2180 1372 2247 virginis
1385 2182 1479 2246 etjam
1491 2193 1612 2247 sponsae

374 2282 504 2348 Stcpbani
517 2279 658 2346 principis.
672 2282 743 2331 11333
755 2291 819 2331 vero
830 2278 924 2330 civitas
936 2277 1160 2344 antiquissima...
1171 2280 1334 2346 (utsupra,
1346 2281 1416 2332 torn.
1424 2279 1450 2346 I,
1456 2293 1490 2346 p.
1503 2281 1611 2346 xt-tt).

783 2480 940 2546 Evusuau
961 2479 1072 2544 Virus
1093 2495 1196 2544 umus.
1231 2558 1235 2566 Ι
1629 2484 1657 2535 su

408 2691 434 2742 1.
448 2687 595 2741 Constituit
607 2686 680 2738 idem
693 2685 747 2737 dux
759 2685 913 2750 Stephanus
932 2683 1050 2736 alterum
1069 2683 1201 2749 hospitale
1219 2697 1269 2749 pro
1282 2697 1311 2737 sc
1323 2688 1351 2736 et
1362 2698 1411 2750 pro
1424 2688 1471 2739 lici
1484 2679 1612 2754 apostolo

375 2786 504 2847 Martiale,
517 2785 591 2853 quod
606 2785 635 2836 in
648 2788 753 2835 tantum
766 2781 989 2850 possessionibus
1001 2788 1136 2835 terrarum
1147 2784 1220 2836 dono
1231 2784 1363 2851 implevit,
1374 2792 1404 2837 ut
1416 2786 1516 2841 cotidie
1527 2788 1619 2842 turba.

375 2892 568 2939 sexcentorum
581 2885 695 2937 fratrum
710 2883 746 2934 ibi
769 2881 966 2946 reficerentur;
989 2887 1017 2935 ct
1035 2882 1064 2935 in
1082 2882 1141 2937 loco
1153 2883 1200 2936 ubi
1214 2885 1320 2951 sepulta
1332 2891 1373 2938 est
1385 2891 1479 2941 sancta
1491 2887 1611 2955 valeria,

375 2991 504 3039 monente
525 2989 620 3037 sancto
642 2982 772 3045 Martiale,
794 2981 937 3034 ecclesiam
959 2982 1119 3045 construxit,
1141 2995 1224 3048 quarn
1245 2984 1339 3037 multis
1358 2985 1439 3038 donis
1452 2986 1571 3052 ornavit,
1582 2992 1612 3040 et

375 3097 434 3136 cam
447 3087 557 3135 sanctus
570 3080 708 3146 apostolus
721 3081 750 3130 in
768 3080 871 3130 bonore
889 3078 974 3129 sancti
994 3078 1064 3130 Petri
1082 3081 1206 3144 apostoli,
1224 3081 1370 3148 propinqui
1394 3084 1446 3148 sui,
1465 3082 1613 3135 dedicavit.
1631 3084 1657 3136 M

374 3182 446 3235 Elin
459 3185 563 3234 tantum
584 3177 639 3231 dux
663 3178 829 3230 christianus
850 3175 963 3230 effectus
983 3182 1033 3241 est,
1056 3181 1188 3244 tantoque
1206 3178 1306 3232 ardore
1317 3186 1442 3232 sanctum
1455 3182 1612 3247 apostolum

372 3280 520 3332 Martialem
532 3278 637 3344 dilexit,
650 3283 682 3330 ut
693 3281 790 3329 cuncta
804 3289 875 3343 quac
887 3276 933 3329 ille
943 3277 1054 3343 juberet
1065 3270 1192 3343 ir'npleret
1204 3282 1231 3330 et
1244 3279 1355 3345 nuptias
1366 3284 1394 3332 et
1411 3292 1521 3332 omnem
1539 3292 1628 3335 uxo-¹

373 3379 440 3430 riam
454 3377 665 3430 oblectationem
687 3387 736 3440 pro
758 3374 857 3427 curisti
880 3387 975 3427 amore
996 3381 1148 3441 respueret.
1176 3375 1253 3428 tlnde
1277 3376 1438 3430 factumest
1459 3384 1489 3429 ut
1511 3379 1614 3432 beatus

373 3474 511 3540 apostolus
523 3474 679 3540 sepulcrum
692 3472 770 3526 ducis
779 3473 858 3540 Juxta
871 3472 1026 3539 sepulcrum
1040 3487 1121 3527 suum
1133 3479 1316 3538 construeret,
1328 3476 1375 3527 ubi
1395 3481 1423 3528 et
1433 3477 1612 3541 postmodum

371 3573 451 3627 ambo
466 3573 588 3626 tumulati
601 3576 677 3625 sunt.
691 3573 718 3624 Si
731 3570 841 3638 quando
854 3584 918 3625 vcro
937 3571 992 3625 dux
1010 3572 1165 3638 stephanus
1183 3574 1363 3638 processisset
1374 3574 1408 3626 ad
1423 3574 1526 3627 bellum
1539 3587 1608 3629 con·
1628 3578 1657 3629 31

372 3680 414 3725 113
425 3673 567 3737 barbaros,
580 3672 721 3724 victoriam
743 3670 900 3736 reportabat
920 3670 991 3723 sicut
1011 3671 1128 3735 volebat,
1143 3675 1169 3723 ct
1186 3684 1218 3723 eo
1231 3670 1339 3725 vivente
1351 3672 1441 3725 omnis
1453 3672 1540 3725 Gallia
1552 3686 1612 3727 ces·

373 3771 441 3823 savit
452 3784 468 3823 a
480 3771 569 3835 bellis,
583 3776 608 3823 et
622 3782 684 3823 curn
697 3783 796 3837 magna
808 3769 894 3835 gloria
908 3771 1062 3835 Stephanus
1080 3770 1212 3823 tributum
1236 3770 1395 3836 imperatori
1414 3773 1532 3839 Augusto
1546 3774 1613 3825 mit·

373 3869 454 3935 lebat,
468 3870 541 3935 quod
562 3869 718 3922 exsolvebat
740 3868 834 3921 Gallia.
856 3869 976 3921 ltocebat
996 3867 1070 3920 enim
1085 3869 1131 3921 bei
1153 3868 1294 3934 apostolus
1311 3869 1448 3922 Christum
1461 3871 1612 3927 bominum

374 3967 425 4018 boc
437 3967 607 4032 praecepisse
619 3965 732 4018 ludaeis
743 3965 898 4019 dicentem:
917 3965 1047 4020 Reddite
1067 3978 1149 4032 quae
1164 3969 1239 4019 sunt
1265 3967 1407 4022 Caesaris
1431 3966 1561 4020 0003031·
1581 3971 1613 4022 et

374 4064 609 4132 (0103311101)οιι
622 4064 691 4118 Deo.
1628 4068 1657 4120 tt

409 4165 442 4216 2.
458 4168 520 4217 Post
532 4169 647 4216 mortem
660 4176 725 4216 vero
739 4169 849 4217 sanctae
862 4164 983 4217 Valeriae
996 4164 1122 4230 martyris
1134 4165 1237 4217 exactis
1249 4173 1356 4231 septem
1374 4164 1464 4231 annis,
1477 4164 1613 4220 Claudius

373 4265 472 4315 caesar
493 4266 617 4315 mortuus
634 4268 683 4327 est,
697 4269 723 4315 et
736 4263 857 4329 suscepit
876 4276 925 4328 pro
939 4276 971 4316 eo
996 4264 1140 4328 imperium
1164 4266 1234 4317 Nero
1259 4265 1418 4330 imperator,
1439 4264 1486 4331 qui
1508 4266 1614 4320 caesar

372 4362 509 4428 Augustus
529 4361 682 4426 appellatus
704 4367 754 4414 cst.
776 4363 825 4425 Qui
848 4363 936 4413 statim
954 4363 1041 4428 primo
1063 4363 1169 4429 imperii
1183 4364 1223 4416 sui
1238 4377 1311 4415 anno
1326 4364 1492 4431 legationem
1506 4363 1614 4418 direxit

376 4461 512 4523 Stcpbano
525 4458 641 4524 principi
654 4459 812 4524 Galliarum,
826 4466 856 4511 ut
868 4465 1026 4512 occurreret
1043 4460 1093 4512 sibi
1113 4462 1223 4512 Rornae.
1238 4460 1314 4524 Quod
1328 4461 1495 4526 Stephanus,
1506 4474 1614 4517 ammo·

373 4563 456 4610 ncnte
468 4558 548 4612 beato
560 4559 690 4616 Martiale,
712 4557 865 4611 secundum
886 4557 959 4624 quod
978 4558 1003 4610 ei
1016 4561 1085 4612 b'ero
1098 4560 1282 4624 imperaverat
1294 4559 1408 4626 peregit.
1422 4559 1472 4623 Qui
1486 4561 1612 4616 monitus
1630 4565 1657 4617 11
