3316 5482
215 337 280 401 474
559 345 686 397 earm.
705 345 808 396 oeno.
828 342 1002 394 nloroon.
1022 342 1103 392 nar.

214 520 363 576 beatissimi
373 518 443 574 Petri
456 517 616 582 invenisset,
629 521 657 568 et
674 527 707 568 ea
728 514 872 582 ignorante
891 512 1003 579 propius
1021 511 1169 578 accedens,
1191 510 1274 579 quod
1295 511 1354 579 ipsa
1365 523 1436 565 servu

213 626 305 676 oraret
317 621 424 674 cautius
435 617 615 671 auscultabat.
638 619 717 669 Forte
738 613 850 681 contigit
867 617 897 665 ut
909 611 1005 665 eadem
1019 613 1085 665 bora
1098 611 1307 666 duodecimum
1326 613 1437 681 quinqua

212 721 307 790 gesimi
320 720 416 787 psalmi
429 717 594 772 versiculum
606 715 689 769 simul
701 728 749 770 ore
762 720 788 768 et
800 713 883 767 corde
895 712 1063 766 declamaret
1077 713 1113 765 ad
1127 712 1284 766 bominum
1299 728 1307 766 τ
1321 712 1437 780 Nepmi·

212 819 280 874 cies
294 831 351 884 me,
374 816 511 882 Domine,
533 829 554 868 a
575 813 659 882 faeie
681 817 735 867 tua
755 815 787 866 et
807 812 959 880 spiritum
971 815 1117 866 eductum
1130 815 1225 867 tuum
1237 825 1283 867 ue
1294 811 1439 881 auferere

212 930 269 972 me.
286 920 409 984 cumque
430 915 538 981 expleta
559 913 684 967 oratione
705 911 817 966 domum
845 911 946 979 pariter
968 910 1141 978 repedarent,
1163 912 1209 966 tir
1229 913 1296 980 elus
1316 912 1461 967 lirinensi

212 1017 337 1084 superius
350 1012 493 1068 memorati
506 1013 632 1066 versiculi
645 1011 679 1066 ab
692 1012 750 1078 ipsa
762 1011 942 1077 expositionis
951 1010 1105 1064 normulam
1116 1010 1230 1078 exigere
1240 1013 1348 1080 coepit
1362 1013 1441 1067 remu

212 1117 336 1185 quamvis
348 1116 416 1183 ipsa,
431 1112 558 1167 muliebri
572 1113 630 1182 lege
650 1115 767 1175 servata,
788 1111 866 1177 prius
879 1108 1037 1165 verecunde
1050 1110 1160 1164 silentio
1174 1111 1353 1181 indulgeret,
1364 1118 1441 1166 unta
1481 1098 1483 1117 ²

213 1218 313 1271 debinc
327 1216 455 1268 instincta
466 1219 536 1267 nutu
545 1212 649 1277 divino,
658 1211 806 1278 repentein
819 1211 976 1264 baecverba
989 1211 1132 1277 prorupit:
1144 1211 1442 1276 Oor'rdiiectieeime,

210 1317 240 1373 ai
252 1316 308 1370 tibi
318 1315 421 1368 divini
438 1313 526 1368 Verbi
537 1313 740 1381 coquoscendi
759 1310 937 1368 certissima
954 1310 1102 1365 voluutas
1110 1311 1276 1380 existeret,
1291 1311 1443 1367 ethered

212 1417 311 1472 multo
319 1416 363 1469 eis
375 1413 609 1479 excellentiora,
621 1415 802 1482 suppereutc
814 1414 920 1465 caueto
931 1410 1060 1478 Spiritu,
1074 1410 1159 1465 uitro
1167 1410 1226 1464 tibi
1234 1412 1441 1479 coqnesoettde
1454 1409 1476 1463 tt

211 1518 383 1571 occurrent.
396 1515 453 1569 Sed
464 1514 519 1582 qui
530 1514 656 1568 divinae
677 1513 752 1581 fidei
773 1510 992 1578 indignantur,
1007 1509 1228 1576 proculdubio
1242 1511 1302 1565 Dei
1312 1513 1436 1581 agnitio

211 1614 261 1668 uis
273 1613 468 1681 &eisdemque
484 1612 571 1666 Verbi
582 1610 798 1680 indignissimi
809 1611 1013 1679 deputontur.
1024 1610 1071 1663 cui
1083 1608 1228 1663 Africanus
1240 1625 1248 1664 z
1260 1611 1302 1665 tit
1313 1612 1396 1680 qued
1405 1613 1444 1666 evi

218 1712 345 1766 Verbum
358 1712 422 1781 Det,
435 1712 524 1778 eujus
536 1711 708 1779 uguitionis
722 1709 910 1779 ueqieqeudo
921 1721 970 1763 me
981 1709 1085 1776 ipsum
1097 1708 1362 1781 indignissimum
1373 1709 1443 1780 feu·

210 1813 280 1869 risi
291 1812 441 1879 Respondit
452 1812 608 1866 beatissima
621 1813 755 1878 Perpetua
769 1831 775 1865 ι
786 1809 912 1864 Verbum
923 1809 980 1863 Dei
991 1811 1037 1863 est
1048 1808 1149 1863 Filius
1160 1809 1227 1878 Dei,
1239 1810 1298 1878 qui
1310 1811 1394 1866 idem
1403 1814 1443 1866 est

211 1916 240 1967 et
253 1913 348 1967 Pater
356 1915 387 1967 et
397 1912 533 1979 spirtum
544 1913 683 1977 sauctus,
697 1911 732 1963 iu
748 1922 807 1978 quo
824 1910 930 1964 omuia
948 1911 977 1964 et
994 1922 1035 1963 ee
1051 1922 1111 1977 quo
1122 1909 1232 1964 omuia
1244 1913 1276 1965 et
1282 1924 1347 1979 per
1358 1926 1439 1982 quem
1453 1911 1475 1965 d

211 2013 317 2067 omnia
329 2011 511 2067 comittunt.
524 2011 564 2065 nd
576 2013 643 2064 baec
656 2010 800 2063 Africanus
813 2011 849 2063 ait
863 2026 870 2062 ε
885 2009 1043 2076 Numquid
1053 2012 1115 2063 tres
1128 2008 1202 2063 deos
1208 2011 1368 2078 proponis
1378 2011 1441 2066 edo
1479 2076 1483 2085 Ι

211 2113 329 2167 roridos
343 2114 399 2166 dut
412 2112 499 2165 trine
517 2111 614 2164 unius
629 2122 783 2178 personae
804 2110 933 2164 uomina
945 2121 1011 2163 ease
1021 2110 1269 2163 commemorari
1286 2111 1339 2164 (lui
1351 2110 1440 2166 beatis

211 2213 279 2266 sima
301 2214 434 2279 Perpetua
448 2228 456 2264 ε
470 2212 568 2265 mum
592 2209 713 2263 trinum
733 2222 799 2263 esse
820 2209 855 2262 iu
870 2207 1015 2275 persoms
1036 2209 1065 2262 et
1088 2220 1188 2261 uuum
1207 2207 1242 2260 iu
1266 2208 1440 2265 adstantia

211 2311 406 2366 devotissime
417 2309 595 2366 christiane
607 2308 728 2377 fatetur
737 2309 859 2377 religio.
872 2309 919 2361 llis
930 2306 1040 2375 auditis,
1052 2307 1198 2361 Africanus
1210 2307 1332 2362 nimium
1349 2311 1439 2363 ammi·

211 2424 285 2476 rans,
298 2410 466 2477 aliquamdiu
485 2423 515 2464 se
533 2423 549 2463 a
561 2409 715 2475 praesentia
724 2409 848 2476 conjugis
862 2408 986 2474 semovit,
998 2408 1122 2476 diligenti
1142 2407 1350 2464 examinatione
1362 2411 1473 2465 cordis!

212 2508 387 2576 perpendens
399 2515 556 2563 utrumnam
569 2508 620 2562 sibi
633 2508 743 2562 utiliora
755 2511 848 2561 essent
859 2521 930 2575 quae
941 2522 957 2562 a
974 2510 1092 2577 conjuge
1103 2507 1229 2563 audierat
1238 2521 1277 2563 an
1290 2512 1383 2577 potius
1394 2512 1439 2566 sub

210 2610 309 2664 veteris
322 2615 444 2662 maneret
456 2607 572 2662 formula
585 2608 661 2675 legis.

240 2710 272 2762 4.
286 2711 416 2776 sequenti
429 2721 495 2763 vero
508 2715 588 2762 nocte
600 2709 672 2761 cirea
697 2706 803 2760 mediae
825 2707 913 2762 noctis
925 2709 1059 2763 ambitum
1073 2709 1247 2766 beatissimus
1266 2716 1363 2768 Petrus
1384 2724 1439 2780 apo

208 2809 294 2863 stolus
306 2809 334 2861 in
347 2809 451 2863 somnis
463 2809 581 2861 eundem
593 2807 746 2861 ammonuit
767 2810 798 2858 ut
814 2806 993 2860 christianam
1015 2807 1097 2862 tidem
1113 2811 1252 2866 excoleret
1263 2818 1348 2881 atque
1358 2823 1441 2866 sacro

209 2910 295 2962 sancti
308 2909 477 2975 baptismatis
489 2908 563 2961 unda
575 2921 590 2961 a
605 2908 718 2974 pristina
728 2906 789 2959 labe
798 2911 968 2974 purgaretur,
980 2920 1097 2976 arguens
1105 2909 1183 2964 illurn
1194 2914 1298 2967 nimiae
1311 2914 1436 2981 ignauiae,
1449 2907 1470 2961 ii

208 3013 238 3062 ut
250 3009 350 3075 quibus
363 3008 404 3060 vel
419 3009 594 3074 provectioris
606 3021 688 3060 cursu
706 3006 801 3059 aetatis
823 3007 865 3058 vel
880 3005 992 3060 firmiori
1006 3021 1071 3061 sexu
1086 3022 1244 3075 praecessor
1256 3010 1345 3066 videri
1359 3013 1437 3066 debe·

207 3112 258 3172 ret,
272 3120 413 3159 successor
426 3107 563 3158 existeret.
578 3106 668 3158 Altera
681 3105 725 3159 die
740 3107 827 3172 primo
840 3106 962 3161 diluculo
975 3109 1129 3164 lucescente
1142 3125 1295 3182 exsurgens
1312 3126 1433 3181 praeme-

209 3210 330 3259 moratus
342 3206 484 3258 Africanus
502 3205 568 3258 adiit
588 3206 776 3258 beatissimum
799 3207 954 3272 praesulem
976 3209 1084 3276 Linum,
1108 3216 1134 3262 et
1152 3224 1290 3278 proruens
1307 3218 1372 3267 ante
1384 3213 1439 3278 ejus

208 3306 331 3372 vestigia,
350 3320 397 3370 per
410 3307 500 3357 ornnia
514 3306 565 3357 sibi
587 3306 712 3371 exposuit
733 3306 850 3372 qualiter
873 3309 1046 3361 beatissimus
1069 3312 1164 3362 Petrus
1182 3310 1261 3364 illum
1273 3325 1326 3378 per
1338 3313 1440 3366 somnia

209 3404 391 3458 ammonuerit
402 3410 433 3456 ut
451 3404 503 3455 ritu
515 3405 613 3455 veteris
627 3404 692 3471 legis
710 3405 821 3469 exploso
841 3419 937 3459 novam
956 3409 1071 3475 gratiam
1083 3409 1134 3462 sub
1156 3416 1333 3464 sacrosancto
1354 3412 1437 3477 bapti·
1454 3410 1479 3460 to

210 3510 297 3555 smate
310 3509 511 3570 assequeretur.
522 3504 579 3567 Quo
602 3503 706 3565 audito,
728 3505 826 3556 beatus
847 3506 955 3571 praesul
975 3508 1068 3570 Linus,
1081 3509 1181 3575 gratias
1193 3511 1248 3562 beo
1262 3522 1360 3577 agens.
1375 3511 1442 3563 sacri

211 3602 380 3667 baptismatis
401 3603 475 3656 sonte
496 3604 615 3655 eundem
639 3602 801 3668 purificavit,
824 3608 906 3670 atque
928 3605 1091 3657 inst-ructum
1113 3605 1222 3659 divinae
1234 3605 1298 3660 ddei
1313 3608 1445 3676 religione

211 3715 318 3754 summo
332 3716 393 3754 cunr
406 3702 504 3770 gaudio
517 3702 627 3755 tlornunr
642 3702 758 3754 remisit.

242 3802 273 3854 5.
299 3800 398 3853 Eodem
424 3808 556 3866 ternpore,
578 3815 639 3854 eum
661 3801 773 3853 servilia
795 3803 940 3867 quaedam,
963 3803 1133 3856 nobilissima
1152 3808 1287 3867 matrona,
1311 3807 1442 3860 morbum

210 3900 328 3964 narium,
342 3899 415 3965 quod
428 3900 508 3966 vulgo
519 3913 616 3952 cancer
628 3900 739 3963 dicitur,
755 3905 901 3966 pateretur,
917 3913 964 3966 per
979 3902 1181 3967 impositionem
1195 3915 1328 3955 manuum
1343 3903 1442 3958 beatis·
1459 3906 1486 3958 oi

210 4001 295 4054 simae
308 4002 457 4065 Perpetuae
469 4000 600 4065 pristinae
613 4000 693 4053 saluti
710 4000 814 4052 reddita
827 4007 876 4052 est.
892 4000 1025 4054 l'oltennii
1040 4002 1217 4054 illustrissimi
1229 4001 1280 4053 viri
1297 4001 1366 4069 tilia,
1380 4018 1443 4058 cum

210 4099 244 4151 ab
256 4097 425 4150 atrocissimo
437 4097 571 4150 daemone
583 4097 737 4150 diutissime
750 4098 909 4161 laniaretur,
922 4101 957 4152 ab
967 4099 1063 4152 eadem
1073 4103 1167 4152 sancta
1177 4099 1322 4167 Perpetua,
1332 4103 1446 4169 expulso

210 4196 354 4259 daemone,
367 4201 459 4249 curata
472 4201 523 4248 est.
538 4199 595 4260 Quo
607 4198 683 4264 signo
697 4199 764 4262 viso,
779 4205 855 4264 pater
874 4200 934 4265 ejus
956 4197 1116 4250 Foliennius
1137 4211 1199 4251 cum
1220 4203 1277 4251 tota
1294 4199 1379 4254 domo
1397 4214 1445 4255 sua

210 4295 360 4361 baptizatus
373 4303 422 4348 est.
443 4298 492 4348 Per
513 4295 585 4347 idem
603 4301 719 4362 tempus,
741 4310 802 4349 curn
831 4297 937 4350 Tiberis
951 4297 1049 4349 tlurius
1061 4303 1138 4349 extra
1150 4295 1219 4349 alvei
1229 4299 1272 4350 sui
1286 4299 1363 4365 ripas
1376 4302 1445 4355 ultra

210 4393 322 4446 modurn
335 4394 469 4447 detineret
480 4401 506 4446 et
519 4393 627 4460 publice
640 4397 793 4461 periculum
805 4398 881 4451 urbis
894 4412 908 4450 a
922 4398 1029 4450 cunctis
1041 4397 1202 4450 concivibus
1214 4398 1373 4463 timeretur,
1387 4416 1446 4457 ora·
1462 4406 1487 4457 lt

211 4492 331 4544 tionibus
351 4491 474 4558 ejusdem
492 4493 582 4546 subito
604 4493 675 4546 inira
696 4497 767 4562 ripas
788 4496 891 4564 proprii
909 4497 978 4549 alvei
993 4500 1035 4550 est
1047 4495 1181 4563 redditus,
1194 4503 1226 4550 ut
1239 4499 1352 4556 brevior
1366 4503 1447 4556 solito

210 4589 357 4644 videretur.
