3316 5482
280 339 374 389 BIBL.
393 340 475 390 Nau.
494 339 611 390 PARIS.
631 360 674 369 -
692 339 835 389 APPEND
852 338 899 388 ab
916 338 994 389 COD.
1013 336 1090 389 5³47.
1228 318 1293 386 291

66 506 163 573 tentia,
176 507 271 562 omnia
282 521 353 575 quae
365 509 467 562 babere
479 508 567 576 potuit
584 509 707 562 eeclesiis
719 513 746 562 et
758 509 924 576 pauperibus
946 508 1019 576 larga
1032 520 1116 561 manu
1127 506 1228 561 divisit.
1241 509 1298 570 Quo

65 612 189 675 peracto,
202 607 250 675 qui
272 608 365 675 egenis
381 621 431 662 sua
450 608 563 676 largiter
583 608 768 672 distribuerat,
783 622 934 675 pauperum
955 609 1045 674 coepit
1065 608 1181 662 existere
1198 606 1299 660 socius.

66 704 151 772 lgitur
162 706 305 760 mundana
324 720 390 761 cura
401 708 564 774 postposita,
577 708 606 761 in
628 712 763 776 quantum
784 708 868 761 valuit
888 720 988 774 corpus
1010 720 1091 760 suum
1103 705 1222 773 ailigere
1242 717 1300 759 non

62 798 180 856 distulit.
192 806 268 858 inter
281 818 349 872 quas
360 804 525 859 atilictiones
537 807 589 859 boc
613 806 695 859 etiam
715 819 795 874 agere
808 806 906 872 coepit,
929 818 1096 873 unaquaque
1116 808 1197 859 nocte
1215 802 1297 858 nudls

26 902 45 953 5
62 903 180 972 genibus
196 909 224 958 et
236 904 333 971 palmis
344 909 409 959 ante
421 905 566 959 ecclesiam
578 906 728 959 beatissimi
741 906 835 959 venire
847 905 993 959 leonardi.

98 1004 130 1058 2.
138 1006 216 1069 Quod
225 1018 288 1059 cum
298 1019 354 1060 non
363 1019 446 1073 parvo
454 1011 579 1074 tempore
590 1008 750 1075 peregisset,
765 1007 884 1074 quadam
892 1012 981 1073 nocte,
988 1007 1054 1060 dum
1063 1005 1183 1072 idipsum
1195 1010 1297 1074 ageret,

61 1104 131 1158 vidit
138 1105 251 1171 scalam,
264 1106 342 1172 cujus
351 1106 493 1160 summitas
501 1108 593 1161 caelos
603 1108 740 1174 tangebat,
749 1113 869 1160 extrema
878 1119 942 1161 vero
952 1119 1014 1173 pars
1024 1118 1108 1172 super
1117 1106 1202 1159 altare
1211 1104 1298 1159 sancti

62 1205 216 1270 eratposita
224 1205 513 1273 beonardi,perquam
524 1205 1299 1274 angelosascendentcsetdescendentesvidit,cantantes

62 1303 249 1369 etpsallentes
260 1302 371 1359 Gloria
381 1304 416 1357 ia
425 1304 628 1369 eccemtsoui
641 1318 739 1372 magno
749 1307 848 1359 timore
866 1304 1038 1372 perterritus,
1047 1304 1137 1371 coepit
1146 1306 1232 1359 beum
1242 1302 1299 1356 lau·

10 1401 44 1456 to
63 1399 132 1455 dare
142 1402 171 1455 in
184 1404 285 1457 sanctis
296 1404 363 1469 suis,
376 1404 464 1457 oravit
475 1408 502 1457 et
519 1404 610 1457 rediit.
625 1407 680 1458 lloc
693 1405 775 1457 etiam
793 1417 855 1458 cum
875 1416 923 1470 per
935 1403 1034 1457 multas
1052 1406 1148 1456 noctes
1159 1406 1296 1469 cerneret,

62 1501 155 1555 timuit
166 1516 202 1556 ne
214 1507 288 1556 tana
300 1507 394 1556 ettam
406 1503 692 1570 incomprehensibilis
700 1504 786 1556 virtus
799 1503 947 1556 divinitatis
957 1515 1023 1555 suae
1034 1501 1200 1555 infirmitatis
1212 1501 1298 1554 fetore

61 1603 141 1656 suive
150 1604 253 1669 peceati
265 1617 347 1658 causa
360 1604 525 1671 aliquotiens
536 1586 706 1671 remaneret3
717 1604 869 1671 relictoque
880 1604 965 1670 priori
981 1603 1147 1670 habitaculo,
1156 1601 1299 1670 cttjusdam

60 1700 168 1756 montis
178 1704 258 1769 petiit
268 1702 458 1767 solitudinem,
471 1703 518 1770 qui
530 1716 546 1756 a
559 1701 630 1757 beati
643 1703 777 1757 Leonardi
795 1703 907 1756 basilica
919 1715 975 1756 una
987 1701 1105 1757 distabat
1116 1704 1203 1771 leuga.
1217 1703 1296 1754 Cum·

61 1813 118 1867 que
130 1801 169 1854 ibi
185 1806 320 1868 maneret,
333 1807 438 1855 tantum
458 1802 517 1868 ejus
535 1801 653 1855 excrevit
664 1799 809 1855 infirmitas
820 1807 850 1855 ut
870 1815 968 1855 nasum
988 1807 1016 1854 et
1033 1801 1132 1870 digitos
1149 1806 1176 1854 et
1193 1799 1295 1868 pedum

12 1902 45 1954 15
61 1902 194 1957 articulos
208 1903 322 1956 omnino
333 1903 470 1971 perderet.
485 1903 533 1956 llic
551 1903 642 1970 itaque
663 1902 816 1957 infirmatus
838 1916 1013 1971 nequaquam
1034 1903 1085 1956 iter
1097 1901 1132 1956 ad
1151 1901 1295 1956 ecclesiam

62 2002 150 2054 sancti
163 2002 306 2069 leonardi,
319 2001 394 2069 quod
414 2003 490 2068 prius
510 2015 590 2070 agere
610 2009 798 2068 consueverat,
811 2002 916 2069 perpeti
935 2003 1040 2070 potuit;
1053 2001 1102 2055 sed
1114 2000 1189 2069 quod
1207 2013 1294 2068 paene

60 2101 144 2152 morti
164 2101 305 2168 proximus
316 2101 433 2167 valebat,
447 2113 559 2154 carnem
581 2101 689 2168 spiritui
711 2103 814 2157 servire
834 2103 957 2171 cogebat,
970 2109 997 2155 et
1011 2114 1087 2155 mare
1108 2101 1188 2155 solito
1206 2101 1293 2154 noctis

61 2200 157 2267 quieto
169 2208 292 2267 tempore
309 2203 411 2254 montis
428 2213 561 2254 cacttmen
578 2201 752 2267 ascendebat,
765 2202 840 2255 unde
860 2203 1056 2255 monasterium
1076 2201 1170 2254 videre
1188 2206 1295 2266 poterat

60 2305 89 2353 et
98 2301 235 2354 visionem
246 2302 409 2370 angelicam,
423 2302 452 2354 in
465 2306 600 2369 quantum
612 2314 642 2355 se
653 2301 872 2370 prolongaverat,
886 2306 962 2355 tanto
981 2301 1162 2368 frequentius,
1176 2298 1293 2353 lucidius

10 2399 44 2451 id
61 2404 89 2452 et
100 2399 218 2453 vicinius
229 2401 396 2455 intuebatur.

96 2497 130 2551 8.
143 2499 265 2565 cumque
286 2499 338 2552 boc
355 2499 513 2565 saepissime
533 2503 660 2552 cerneret
671 2501 698 2551 et
717 2498 816 2551 choros
837 2510 1019 2564 supernorum
1031 2498 1132 2553 civium
1145 2497 1293 2565 psallentes

61 2596 182 2664 audiret,
194 2597 317 2664 nullique
336 2603 391 2651 tam
411 2598 582 2665 spiritualem
603 2598 797 2651 revelationem
817 2597 931 2651 auderet
950 2598 1124 2651 manifestare
1133 2599 1152 2665 ⁶,
1174 2596 1291 2665 quadam
1308 2591 1395 2645 ‘cod
1408 2605 1464 2646 ma·

60 2702 153 2762 nocte,
165 2709 229 2750 cum
240 2697 276 2750 ab
292 2698 416 2751 oratione
428 2702 558 2750 consueta
578 2709 705 2750 reversus
716 2697 813 2750 diisset
826 2702 852 2750 et
865 2697 893 2749 in
906 2697 949 2749 sui
963 2696 1073 2750 thalami
1094 2697 1193 2750 lectulo
1212 2698 1291 2764 quie·

60 2798 161 2861 sceret,
167 2792 312 2862 adbucque
324 2795 405 2861 plene
417 2795 550 2863 vigilaret,
558 2794 661 2848 adstitit
670 2799 734 2848 ante
747 2808 810 2849 eum
820 2793 856 2860 (1)
865 2794 895 2846 in
906 2793 1099 2849 candidissima
1112 2798 1184 2848 veste
1194 2795 1291 2848 beatus

10 2895 40 2948 itt
56 2894 226 2961 leonardus,
239 2895 411 2961 praecinctus
422 2908 490 2948 zona
511 2907 604 2960 aurea,
618 2894 751 2947 subnixus
763 2897 869 2960 sceptro
888 2905 990 2959 aureo;
1015 2894 1044 2945 in
1061 2895 1140 2961 cujus
1157 2894 1291 2947 comitatu

56 2992 119 3059 plus
138 3005 222 3059 quam
236 2997 346 3046 centum
354 2994 471 3059 juvenes
484 2997 679 3060 apparuerunt,
693 2991 781 3045 induti
802 2991 872 3045 albis
886 2992 1016 3057 vestibus,
1029 2993 1147 3060 quisque
1165 2992 1293 3046 deterens

60 3105 176 3146 aureum
189 3092 396 3159 candelabrum,
415 3093 444 3145 in
461 3104 579 3159 quorum
600 3091 803 3145 summitatibus
821 3091 894 3144 cerei
908 3096 986 3145 erant
998 3092 1115 3159 accensi,
1129 3092 1162 3145 de
1174 3104 1292 3158 quorum

56 3191 210 3244 luminibus
229 3197 284 3244 tota
297 3190 467 3258 resplenduit
488 3191 598 3245 domus.
612 3192 735 3258 cumque
754 3192 805 3244 boc
826 3190 952 3244 indrmus
971 3190 1017 3244 ille
1035 3191 1188 3258 miraretur,
1201 3197 1294 3245 tamen

58 3303 94 3343 ex
104 3292 151 3344 bei
165 3297 241 3357 parte
253 3292 376 3345 sentiens
389 3293 460 3344 banc
472 3304 533 3344 csse
544 3290 688 3355 visionem,
702 3290 741 3342 sic
759 3303 822 3343 eum
846 3290 995 3357 alloquitur
1006 3290 1103 3343 beatus
1115 3291 1273 3344 leonardus
1287 3305 1294 3342 ε

10 3391 41 3443 ld
60 3389 142 3450 Quid
163 3391 243 3457 agis,
263 3389 316 3459 fili
327 3390 501 3455 carissime,
515 3389 715 3456 dispensator
734 3388 941 3457 fidelissime?
958 3390 1005 3444 Ne
1016 3388 1177 3458 formides,
1185 3389 1293 3457 potios

53 3489 233 3556 gratulare.
245 3489 321 3544 Eece
340 3490 456 3544 adsum
473 3489 666 3554 Leortordas,
681 3490 811 3541 tuorum
826 3501 959 3556 precam
976 3488 1294 3557 metamaucensi

51 3601 207 3656 praesens
223 3589 423 3656 recuperabis
433 3589 613 3655 sanitatem,
630 3591 662 3642 ct
672 3600 746 3642 coro
762 3591 817 3641 tcta
830 3588 865 3641 ia
886 3590 915 3641 te
931 3589 1123 3657 restituetur,
1137 3589 1220 3643 sicut
1228 3587 1294 3657 fuit

55 3690 162 3743 antea.
171 3688 253 3742 Vade
263 3692 369 3743 autem
383 3689 427 3743 ad
438 3689 602 3742 ecclesiam
613 3699 725 3753 amam,
738 3689 769 3740 ct
783 3688 948 3742 servitores
959 3700 1041 3742 awos
1057 3702 1098 3742 eoo
1109 3692 1206 3756 parte
1225 3702 1296 3744 meo

53 3787 360 3855 accesseramus
376 3788 411 3841 itt
423 3787 564 3842 omnibus
580 3785 659 3840 ratiti
670 3785 808 3854 fideliter
828 3786 1036 3854 obtemperent
1046 3790 1076 3842 et
1087 3791 1171 3843 caste
1182 3800 1220 3843 ac
1234 3788 1296 3842 siro

10 3890 34 3943 ὅ
52 3899 125 3942 cere
140 3886 220 3941 mitti
230 3888 461 3942 administrent.
474 3890 608 3954 Factaque
631 3885 686 3939 tine
699 3885 841 3954 loquendi,
855 3892 884 3939 et
904 3885 967 3940 dato
980 3892 1040 3941 octo
1059 3888 1166 3942 dierum
1183 3888 1293 3942 sanitati

59 3987 122 4052 ejus
133 3987 232 4052 spatio,
244 3999 328 4039 manu
341 3986 450 4053 propria
463 3985 560 4038 taciem
572 3986 632 4052 ejus
645 3982 734 4052 tetigit
745 3989 773 4037 et
784 3998 847 4038 cum
860 3985 988 4038 omnibus
1000 3986 1047 4052 qui
1067 3999 1162 4040 secum
1177 3985 1294 4041 advene·

58 4089 124 4139 rant
134 4085 169 4139 ad
181 4086 250 4139 caeli
261 4087 392 4153 palatium
406 4085 545 4140 remeavit.

94 4185 127 4238 4.
140 4188 218 4240 llane
230 4194 319 4241 autem
333 4187 413 4252 meto,
431 4198 487 4239 non
500 4186 646 4238 immemor
657 4185 770 4238 visionis
782 4186 956 4253 praeteritae,
976 4186 1091 4240 asellum
1103 4199 1185 4254 quem
1198 4187 1295 4241 sedere

54 4289 240 4339 consueverat
250 4284 385 4351 ascendit,
411 4290 439 4338 et
461 4285 495 4338 ad
516 4284 660 4338 ecclesiam
683 4285 769 4337 sancti
787 4284 923 4338 Leonardi
941 4285 1026 4338 veloci
1047 4286 1146 4340 itinere
1164 4287 1293 4353 perrexit.

87 4499 126 4563 (l)
143 4498 191 4551 llic
203 4498 299 4552 mutila
311 4497 413 4551 desinit
424 4498 545 4551 narratio
558 4497 587 4549 in
603 4496 698 4549 codice
718 4497 771 4549 boc
790 4497 866 4550 sati.
885 4497 1000 4564 Reliqua
1012 4500 1172 4565 supplemus
1184 4513 1218 4553 ex
1230 4501 1291 4555 cod.

51 4585 152 4648 111113,
164 4583 212 4636 ubi
224 4581 297 4636 idem
311 4581 472 4635 miraculum
485 4581 653 4646 descriptum
668 4579 776 4647 legitur.

1317 2659 1468 2714 nilestaret.
