3316 5482
351 363 417 429 328
698 377 824 428 cursu.
844 377 947 428 conb.
966 375 1141 427 moroan.
1160 374 1241 427 nir.

352 603 471 670 Passio
489 601 523 669 S.
543 603 704 678 Qurnrrnr
719 620 891 669 nsarvnrs
907 602 1118 671 'l'unounusrs
1134 597 1213 676 (Cir.
1232 621 1344 688 supra,
1363 600 1595 694 p'.3]0,70⁰).

435 818 564 892 Incipit
577 821 748 893 prologus
762 817 800 879 in
814 818 982 891 passione
996 817 1114 880 suncti
1130 815 1291 891 Quintini
1308 818 1510 893 martyris.

384 1000 645 1055 Gloriosissimorum
657 1004 808 1065 martyrum
820 999 993 1064 trophaeum,
1012 997 1110 1050 iratres
1127 996 1272 1063 carissimi,
1290 1009 1404 1064 semper
1420 1011 1492 1066 prae
1504 1000 1593 1055 oculis

351 1113 402 1155 nos
416 1101 516 1154 habere
529 1112 642 1152 necesse
652 1104 702 1163 est,
725 1111 795 1165 quos
815 1111 911 1165 agnus,
934 1098 981 1165 qui
1001 1098 1029 1150 in
1042 1096 1133 1151 medio
1145 1097 1237 1150 throni
1250 1102 1300 1161 est,
1313 1097 1423 1166 fulgore
1436 1100 1591 1168 majestatis

352 1214 417 1254 suae
429 1199 546 1253 illustrat
557 1205 584 1251 et
595 1211 643 1252 eos
655 1199 765 1252 coronis
777 1196 902 1252 candidis
914 1202 940 1250 et
953 1195 1065 1250 boribus
1077 1196 1350 1250 immarcescibilibus
1362 1204 1540 1255 remunerat.
1553 1202 1591 1254 lie
1604 1202 1620 1254 i

352 1301 451 1368 quibus
463 1300 593 1365 scripturn
606 1299 733 1365 estquod
755 1303 908 1365 sequuntur
931 1310 1030 1365 agnum
1052 1309 1226 1364 quocumque
1247 1297 1319 1365 ierit,
1337 1303 1477 1353 canentes
1490 1299 1591 1354 cotidie

352 1399 498 1453 indefessis
507 1397 618 1452 vocibus
629 1398 765 1450 canticum
784 1409 885 1451 novum
905 1402 970 1449 ante
993 1395 1088 1450 sedem
1101 1395 1148 1447 liei
1165 1400 1192 1449 et
1209 1395 1372 1463 segnitiam
1387 1396 1590 1465 viventespro·

352 1499 398 1553 eui
408 1498 503 1563 dubio,
516 1510 631 1563 corpore
644 1498 738 1550 mortis
750 1497 864 1562 ablatos,
875 1497 1014 1549 credimus
1025 1495 1083 1548 iore
1095 1508 1157 1548 cum
1174 1493 1308 1571 bominoj
1321 1495 1384 1549 illos
1393 1507 1468 1563 quos
1480 1497 1550 1551 olim
1562 1499 1591 1552 in

354 1598 407 1653 hoc
419 1598 522 1652 mundo
534 1598 691 1650 babuerunt
703 1598 730 1650 in
744 1595 837 1650 derisu
849 1601 877 1649 et
889 1595 1065 1661 improperio.
1079 1596 1198 1658 Quorum
1212 1595 1296 1647 etiam
1308 1594 1449 1649 humanus
1457 1606 1590 1652 excessus

353 1699 451 1752 natalis
463 1697 646 1765 potiusquam
659 1709 733 1750 mors
754 1701 795 1749 est
805 1695 957 1748 dicendus:
977 1708 1059 1762 quam
1073 1693 1160 1747 evasit
1171 1693 1263 1747 anima
1272 1695 1363 1747 omnis
1375 1695 1520 1763 martyris,
1542 1710 1591 1765 pro
1607 1700 1633 1752 lo

353 1798 450 1851 Christi
464 1797 576 1851 nomine
588 1796 716 1861 patientis
728 1797 757 1848 in
770 1800 843 1848 terra
855 1795 1009 1848 vibrantem
1018 1792 1150 1862 gladium,
1160 1799 1187 1847 et
1196 1794 1427 1860 pervenitviotrix
1439 1794 1476 1849 ad
1489 1796 1590 1852 Christi

353 1898 492 1964 palatium.
505 1896 545 1948 hd
558 1896 693 1948 christum
706 1895 790 1947 subiit
802 1894 903 1947 athleta
915 1898 1063 1962 gratanter,
1083 1906 1165 1960 quem
1184 1899 1318 1961 tyrannus
1329 1893 1445 1949 rabidus
1456 1898 1591 1951 onustant

352 1996 469 2050 fortiter.
483 1996 605 2048 christus
617 1995 663 2060 qui
676 1993 800 2047 condidit
811 1994 894 2047 habet
906 1994 933 2046 in
947 2006 1002 2060 quo
1015 1992 1149 2061 gaudeat;
1164 1992 1301 2047 homicida
1314 1998 1450 2048 tartarum
1461 1997 1589 2051 crucian-

352 2096 404 2149 dus
417 2096 526 2161 retinet,
540 2095 568 2147 in
580 2108 635 2161 quo
648 2093 823 2147 aeternaliter
836 2093 930 2160 poenis
942 2091 1055 2145 affectus
1068 2091 1167 2146 doleat.
1182 2092 1259 2155 Quod
1271 2093 1322 2146 sibi
1335 2104 1392 2147 non
1404 2095 1498 2161 potnit
1507 2095 1589 2164 lupus

353 2208 448 2261 rapax,
462 2195 573 2260 martyri
583 2194 717 2260 praebuit,
731 2198 758 2246 et
778 2194 804 2246 ei
825 2205 909 2259 quem
929 2192 1101 2258 exstinguere
1123 2193 1227 2258 putavit
1244 2193 1358 2259 januam
1371 2195 1450 2263 regni
1463 2195 1592 2250 cadmus
1606 2198 1634 2251 {5

353 2297 476 2362 aperuit;
490 2308 627 2362 quemque
636 2295 770 2362 jugulavit
789 2291 875 2347 hostis
896 2293 1007 2359 invidia,
1030 2293 1152 2361 gaudens
1172 2293 1276 2360 reecpit
1297 2294 1417 2359 paradisi
1439 2295 1517 2351 aula.
1538 2299 1591 2352 isla

354 2396 464 2448 interim
485 2395 550 2447 dum
569 2393 753 2456 meminimus,
775 2404 869 2458 preces
890 2392 923 2445 ad
946 2394 1029 2445 lieum
1051 2404 1114 2444 eum
1133 2392 1253 2445 lacrimis
1272 2391 1432 2457 tundimus,
1454 2394 1591 2464 illumque

156 2514 330 2582 ·00d‚q,105‚
354 2496 486 2560 [oramus]
500 2498 508 2515 ·
521 2500 551 2547 ut
563 2507 613 2547 nos
625 2508 687 2547 enm
700 2495 801 2546 sanctis
813 2494 870 2547 suis
884 2494 1046 2561 martyribus
1064 2493 1213 2546 sublimare
1229 2498 1258 2546 et
1269 2505 1404 2548 coronare
1413 2493 1549 2564 dignetur
1561 2497 1589 2551 in

214 2593 295 2635 coru.

189 2660 317 2713 quorum.

205 2814 213 2832 ·
227 2811 294 2865 cod.

356 2596 528 2659 caelestibus,
541 2606 694 2661 eorumque
705 2607 823 2661 quorum
845 2595 1005 2647 memoriam
1026 2593 1131 2662 agimus
1152 2591 1313 2660 adjuvemur
1330 2593 1591 2652 intercessionibus.

355 2699 422 2749 lium
435 2696 508 2748 enirn
522 2691 666 2749 scribenda
679 2699 725 2747 aut
738 2694 853 2761 legenda
866 2700 1021 2748 sanctorum
1044 2695 1176 2747 rimamur
1195 2699 1264 2761 acta,
1277 2693 1417 2749 credimus
1429 2697 1496 2763 qnia
1508 2698 1593 2766 Spiri-
1605 2699 1632 2753 bi

352 2800 395 2848 tus
407 2796 493 2848 saneti
507 2795 635 2848 adventui
646 2807 840 2860 praeparamus
849 2793 1019 2846 liabitarula:
1037 2794 1096 2853 Qui
1107 2805 1169 2860 vos,
1183 2793 1272 2860 lnquit
1284 2793 1312 2846 in
1325 2794 1471 2863 evangello
1480 2798 1499 2863 ',
1512 2798 1592 2853 reci·

150 2877 333 2945 ⁰V³¹¹80¹¹¹¹¹¹¹·
348 2895 407 2961 pit,
422 2905 470 2946 me
481 2892 602 2960 recipit.
616 2892 685 2945 llihil
699 2892 890 2958 imperfectum
903 2896 1019 2945 tractare
1037 2892 1118 2945 debet
1130 2892 1164 2945 de
1181 2904 1259 2945 servo
1271 2889 1346 2944 ddeli
1360 2897 1389 2945 et
1400 2898 1530 2963 strenuo,
1543 2898 1590 2965 qui

353 2994 497 3047 bominum
510 2993 597 3061 diligit
611 2993 693 3046 corde
706 2994 779 3046 bono
792 2999 817 3046 et
829 2994 942 3059 optimo.
956 2997 1008 3046 llos
1018 2994 1093 3046 enim
1102 2993 1137 3046 ad
1147 3007 1178 3047 ea
1187 3007 1258 3061 quae
1267 2995 1404 3048 exaranda
1414 2996 1592 3065 devovimus,

352 3094 416 3147 lieet
428 3094 549 3160 indigne.
563 3106 708 3160 properare
721 3093 836 3146 bomine
848 3093 992 3160 adjuvante
1005 3094 1176 3146 conabimur.
1259 3136 1262 3140 .

796 3202 952 3274 nxpncrt
966 3205 1146 3276 prologus.
1605 3209 1633 3260 ss

572 3418 700 3492 Incipit
716 3418 839 3492 passio
855 3418 971 3479 sancd
987 3418 1146 3492 Quintini
1159 3420 1348 3493 martyris.

386 3637 412 3688 1.
427 3634 593 3704 igiturbeati
609 3632 734 3698 martyris
755 3632 874 3696 Quintini
896 3632 1041 3700 originem,
1063 3638 1092 3684 ut
1113 3634 1293 3700 repperimus,
1315 3632 1443 3688 fidelibus
1458 3635 1591 3692 intimare

352 3741 487 3802 optamus.
502 3736 561 3787 Fuit
574 3732 646 3786 idem
660 3733 794 3801 gloriosus
808 3740 910 3800 martyr
930 3745 1030 3800 genere
1047 3732 1219 3788 nobilissimo
1236 3740 1322 3787 ortus.
1337 3736 1421 3797 Quem
1434 3735 1589 3799 eredimus,

350 3842 380 3889 ui
393 3835 538 3888 multorum
552 3833 667 3885 habetur
680 3833 785 3891 nolitia,
800 3844 868 3898 pago
882 3831 961 3884 nobis
973 3831 1108 3885 barisiaco
1127 3833 1273 3899 prolatum,
1292 3831 1386 3905 lieldis
1398 3846 1465 3887 vero
1477 3835 1591 3891 civitate

348 3936 479 4003 genitum.
494 3933 543 3998 Qui
557 3946 618 3985 cum
631 3937 701 3983 osset
714 3932 742 3983 in
760 3932 860 3984 decore
879 3932 998 3998 juvenali
1018 3932 1147 3999 fulgidus,
1167 3932 1323 3997 praeclarus
1340 3939 1423 3999 atque
1441 3939 1587 3993 strenuus.
1604 3940 1636 3989 su

350 4035 459 4086 militari
472 4033 582 4100 cingulo
595 4031 729 4096 astrictus,
743 4031 840 4083 balteis
854 4045 915 4083 cum
929 4031 1080 4099 margaritis
1100 4031 1283 4084 renitentibus
1301 4031 1456 4099 decoratus,
1471 4048 1590 4106 evange·

351 4134 418 4186 lirae
431 4133 512 4185 tubae
526 4144 581 4183 non
595 4130 702 4182 auditor
714 4130 863 4185 obliviosus
884 4132 979 4195 iactus,
1005 4130 1052 4182 sed
1075 4132 1160 4185 iactor
1183 4132 1284 4199 operis,
1307 4130 1440 4184 reddebat
1452 4148 1528 4200 quae
1541 4138 1589 4190 liei

349 4238 428 4285 erant
442 4236 505 4293 lieo,
520 4235 627 4295 atquae
640 4230 762 4283 caesaris
774 4231 881 4283 Caesari
895 4230 1076 4283 libentissime
1090 4230 1274 4295 impendebat.
1288 4229 1327 4281 hd
1340 4242 1372 4283 ea
1385 4243 1510 4300 namque
1523 4249 1592 4290 ven·

349 4337 408 4384 turn
420 4336 469 4394 est,
483 4334 513 4382 ut
525 4327 600 4380 idem
612 4329 654 4380 vir
667 4330 768 4381 nobilis
780 4334 861 4393 atque
880 4328 1087 4392 famosissimus,
1105 4328 1192 4381 solum
1206 4328 1367 4395 relinquens
1379 4332 1538 4401 proprium,
1551 4336 1586 4389 ad

349 4444 448 4498 pagum
462 4433 622 4495 properaret
634 4430 810 4491 Turonicum,
834 4427 927 4493 ibique
949 4429 1090 4495 eujusdam
1112 4429 1265 4481 (lantranni
1283 4428 1362 4482 ducis
1380 4443 1412 4482 ae
1433 4433 1589 4489 comitisse
1605 4438 1637 4490 35

348 4529 425 4582 dedit
438 4526 580 4593 obsequio.
594 4528 711 4593 Eratque
725 4525 797 4578 idern
810 4532 919 4579 sanetus
933 4533 1063 4581 strenuus
1083 4529 1109 4580 in
1123 4529 1239 4591 eunetis,
1254 4534 1283 4580 ul
1294 4527 1426 4596 diximus,
1439 4537 1465 4584 et
1480 4537 1589 4600 praeci.

349 4642 428 4693 riuus.
443 4628 527 4688 Quem
541 4624 669 4678 dominus
683 4625 839 4693 temporalis
852 4626 908 4678 suis
922 4626 1051 4690 praeierit
1064 4627 1152 4692 equis.
