3316 5482
350 329 415 396 112
690 347 815 398 caran.
835 346 937 397 conn.
958 346 1132 397 usercen.
1152 345 1231 396 nar.

390 525 442 581 De
456 526 572 593 cappe
586 521 717 582 ibidem
737 522 885 598 emissa,
902 537 968 595 per
986 524 1133 583 beatum
1154 519 1336 582 Hilasium
1352 518 1538 581 restitute.

382 719 613 773 apostatando
635 720 705 773 beati
728 721 821 773 llilarii
842 720 1016 787 miraculum,
1031 725 1057 773 et
1079 718 1152 773 aliud
1175 732 1223 785 par
1244 719 1306 771 huic
1321 721 1349 771 et
1368 717 1441 770 circa
1461 716 1579 769 similem

349 819 490 871 materiam
504 818 639 884 peridem
656 824 765 886 tempus
782 825 929 874 versatum.
943 820 1049 874 Perdita
1068 820 1159 887 itaque
1181 818 1299 886 quadam
1312 817 1340 870 in
1353 816 1450 871 eadem
1464 816 1578 870 ecclesia

347 929 443 983 cappa,
457 917 564 970 cuidam
586 931 672 985 egeno
693 923 720 972 et
732 920 825 987 ignoto
846 920 946 972 clerico
965 919 1088 972 obiciunt
1110 919 1214 971 crimen
1226 922 1294 970 etot
1306 928 1420 982 cappam
1433 914 1508 968 illam
1526 915 1578 968 cito

346 1014 444 1069 reddat
455 1021 584 1084 urgentes
605 1017 725 1085 exigunt.
740 1021 830 1085 isque,
844 1019 994 1072 immunem
1016 1024 1043 1072 et
1055 1018 1159 1071 salvum
1175 1016 1210 1069 de
1229 1018 1280 1069 hac
1297 1015 1376 1082 culpa
1391 1027 1421 1068 se
1441 1013 1574 1077 sentiens,
1591 1015 1609 1066 ll

347 1120 375 1168 et
396 1114 432 1168 de
453 1116 500 1168 liei
517 1117 631 1184 justitia,
642 1130 713 1184 quae
733 1118 829 1171 fallere
841 1118 884 1171 vel
905 1119 961 1171 ialli
983 1119 1088 1186 nequit,
1096 1116 1247 1175 conlidens,
1269 1120 1349 1184 negat
1369 1115 1484 1181 crimen,
1498 1118 1526 1168 et
1544 1112 1579 1166 ad

346 1225 429 1267 omne
438 1214 573 1281 judicium
595 1217 766 1284 purgationis
786 1231 816 1271 se
836 1217 965 1283 offerens,
978 1217 1078 1285 adjecit
1098 1216 1215 1270 iidcliter
1236 1215 1325 1269 fidelis
1337 1214 1412 1282 quod
1434 1215 1516 1268 etiam
1529 1225 1578 1280 pro

346 1312 397 1365 bac
409 1326 491 1366 causa
505 1319 613 1381 praesto
625 1315 660 1367 sit
673 1329 768 1384 rogum
780 1317 947 1382 pertransire
959 1317 1112 1370 ardentem.
1126 1318 1209 1370 Porro
1223 1317 1260 1369 ibi
1270 1318 1348 1383 juxta
1363 1327 1411 1381 pro
1424 1310 1577 1380 ecclesia[e]

346 1413 509 1466 necessitate
521 1426 603 1481 rogus
615 1427 748 1468 accensus
760 1416 939 1470 vehementer
959 1417 1081 1482 ardebat,
1095 1417 1194 1471 clerico
1216 1417 1367 1470 nesciente.
1380 1416 1411 1467 ln
1432 1427 1498 1481 quo,
1517 1426 1577 1466 cru·

345 1509 401 1564 deli
413 1511 525 1578 quidem
546 1513 595 1566 sed
607 1527 656 1580 pro
678 1517 787 1582 proprio
805 1517 861 1570 oris
870 1517 974 1583 judicio
993 1518 1046 1580 sui,
1060 1516 1178 1571 clericus
1190 1517 1236 1570 ille
1248 1514 1406 1584 purgandus
1428 1512 1574 1567 addicitur.
1596 1513 1627 1564 lit

347 1610 395 1673 Qui
409 1611 455 1663 ubi
468 1624 497 1664 se
510 1625 576 1680 rogo
597 1614 753 1679 proximum
771 1614 849 1680 vidit,
863 1615 945 1667 nimis
967 1616 1018 1669 luit
1041 1616 1232 1683 expavefactus
1244 1632 1251 1681 ;
1264 1620 1292 1668 ct
1317 1612 1456 1680 paulisper
1468 1616 1578 1666 cuncta·

345 1713 399 1776 tus,
414 1724 508 1765 rursus
521 1711 575 1765 ilde
589 1714 732 1766 roboratus
743 1719 772 1767 et
782 1716 905 1769 animum
919 1728 1072 1781 resumens,
1081 1715 1114 1768 ad
1129 1716 1199 1769 beati
1214 1715 1306 1768 llilarii
1319 1713 1488 1780 sepulcrum,
1502 1710 1577 1779 quod

346 1821 412 1876 prae
425 1810 512 1862 oculis
523 1816 591 1877 erat,
605 1812 783 1879 convertitur,
797 1814 942 1881 ipsumque
962 1829 1058 1882 parum
1079 1816 1127 1870 sed
1144 1817 1241 1869 devote
1262 1820 1397 1881 precatus,
1411 1811 1532 1879 postulat
1547 1814 1579 1864 ut

346 1921 416 1975 aqua
428 1909 572 1963 benedicta
585 1909 657 1964 idem
670 1925 752 1979 rogus
764 1919 917 1982 spargatur,
929 1920 957 1968 et
968 1916 1005 1968 ait
1018 1930 1024 1967 :
1039 1915 1124 1970 δίεπε
1135 1914 1174 1968 ab
1192 1914 1247 1969 boc
1259 1913 1392 1968 crimine
1402 1925 1475 1966 sum
1487 1911 1577 1965 inno·

344 2007 429 2074 aius,
442 2007 553 2076 itaper
565 2008 647 2063 beati
657 2011 780 2065 Hilarii
794 2014 920 2077 merita,
938 2014 972 2093 in
989 2015 1076 2080 majus
1092 2028 1162 2068 sunt
1182 2015 1253 2068 licei
1270 2013 1419 2081 indipisces
1426 2023 1576 2080 praesen-
1596 2010 1627 2061 {5

345 2107 401 2173 iia,
422 2119 530 2175 rapum
551 2107 632 2164 banc
652 2110 813 2165 ardentem
829 2115 1051 2180 pertranseam
1071 2114 1212 2168 illatenus.
1234 2116 1265 2165 Et
1286 2113 1375 2166 crucis
1395 2112 1485 2180 signo·
1494 2122 1579 2177 super

344 2211 430 2260 tolano
441 2219 540 2274 corpus
553 2192 633 2273 iacto,
647 2222 742 2278 rogum
754 2211 876 2264 ascendit
894 2213 1049 2279 intrepidus
1060 2222 1087 2267 et
1099 2227 1148 2280 per
1166 2213 1288 2266 dammas
1300 2214 1372 2279 ipsas
1391 2210 1496 2264 medias
1508 2210 1577 2263 abiit

343 2307 415 2360 ultra
426 2307 624 2372 incombustus,
638 2316 668 2363 ut
681 2323 730 2363 nec
745 2311 879 2364 fimbriam
893 2314 1047 2366 vestimenti
1065 2316 1125 2381 ejus
1145 2315 1215 2382 ignis
1235 2312 1416 2367 combusserit
1429 2324 1481 2365 nec
1493 2309 1579 2364 ardor

344 2404 464 2458 incendii
477 2419 540 2459 eum
552 2408 772 2474 apprehenderit.
787 2412 844 2474 Quo
856 2412 924 2473 viso,
938 2412 1094 2479 omnesqui
1107 2411 1222 2466 aderant
1241 2412 1457 2465 ammirabantur
1469 2422 1501 2462 ac
1519 2414 1576 2461 mm

344 2504 774 2576 crudelissententiacalulctores
782 2511 973 2565 causabantur.
981 2514 1033 2564 llec
1042 2512 1127 2566 multo
1137 2518 1197 2578 post
1206 2524 1291 2578 cappa
1300 2511 1396 2564 eadem
1404 2510 1573 2575 estimenta,
1595 2507 1627 2560 at

344 2607 371 2657 et
383 2611 447 2658 tunc
461 2605 545 2659 multo
558 2608 642 2674 magis
662 2607 815 2675 glorificant
827 2613 922 2673 baum,
936 2612 983 2678 qui
1004 2625 1053 2678 per
1064 2613 1175 2665 beatum
1187 2611 1319 2664 Hilarium
1331 2610 1416 2663 salvat
1428 2612 1576 2676 sperantes

344 2703 373 2756 in
385 2718 415 2759 se
427 2705 500 2759 etde
518 2720 567 2760 sua
583 2708 681 2762 virtute
696 2716 903 2775 praesumentes
921 2712 1053 2765 humiliat.
1068 2715 1087 2766 0
1105 2713 1183 2766 beate
1202 2712 1295 2775 liilari,
1309 2712 1337 2762 in
1355 2711 1434 2777 cujus
1451 2708 1576 2763 conlisus

343 2803 448 2870 justitia
460 2805 488 2857 in
501 2818 549 2857 soa
562 2806 649 2872 ipsius
660 2810 815 2873 praesentia
826 2809 941 2863 clericus
953 2817 980 2863 et
991 2812 1125 2864 innocens
1138 2817 1166 2865 et
1175 2809 1329 2877 intrepidus
1342 2811 1398 2878 rogi
1412 2807 1577 2863 conscendit

346 2902 472 2955 examina
485 2909 512 2955 ct
524 2903 633 2957 illaesus
650 2907 747 2960 exiens
768 2907 940 2961 flammarum
962 2910 1099 2975 superavit
1118 2909 1254 2963 incendia.
1269 2909 1318 2961 libi
1331 2909 1406 2960 enim
1420 2907 1478 2973 ipsc
1491 2904 1577 2959 voluit

345 2999 485 3068 cohibere,
499 3003 570 3070 ignis
583 3016 639 3056 non
652 3006 741 3070 potuit
753 3011 866 3060 naturae
878 3020 943 3060 suae
954 3009 1009 3061 vim
1022 3009 1149 3062 retinere.
1593 3003 1626 3056 ²5

347 3207 399 3264 De
422 3206 520 3264 muto
535 3207 571 3265 et
585 3209 695 3267 surdo
710 3222 775 3280 per
799 3211 946 3270 beatum
971 3211 1152 3271 Hilarium
1171 3210 1420 3271 metanensem
1442 3207 1576 3280 episco-

407 3317 491 3375 pum
506 3305 542 3363 et
555 3307 702 3366 beatum
724 3309 922 3369 Martinam
944 3313 1184 3372 'turonensem
1209 3308 1515 3381 arcldeptscopum

890 3409 1030 3467 sanato

379 3594 411 3647 a.
424 3595 554 3661 Superest
571 3596 660 3650 adbuc
678 3597 712 3651 de
734 3598 818 3651 surdo
831 3604 858 3652 et
869 3605 944 3653 muto
957 3600 1056 3666 duplex
1073 3600 1235 3654 miraculum
1248 3600 1276 3651 in
1289 3612 1346 3652 uno
1359 3599 1470 3651 bomine
1483 3596 1575 3650 multi·

345 3695 451 3761 pliciter
463 3696 622 3764 gloriosum,
636 3712 685 3764 per
696 3699 766 3752 duos
778 3701 941 3766 praecipuos
958 3702 1129 3755 consessores
1141 3703 1251 3755 beatum
1263 3700 1395 3753 llilarium
1408 3702 1436 3752 et
1447 3705 1573 3752 sanctum
1591 3697 1623 3750 ³⁰

344 3794 487 3847 llartinum
499 3797 601 3849 nostris
613 3797 711 3851 diebus
732 3799 892 3852 mirabiliter
910 3806 1061 3867 operatum.
1074 3799 1188 3865 Quidam
1201 3814 1320 3867 namque
1337 3800 1371 3852 ab
1389 3803 1468 3851 utero
1481 3796 1574 3850 matris

343 3905 409 3947 suae
420 3893 521 3947 surdus
532 3901 559 3948 ct
571 3903 671 3964 mutus,
684 3911 750 3950 cum
768 3899 837 3950 nibil
856 3906 1002 3966 antequam
1023 3899 1058 3952 dc
1076 3898 1138 3955 ndei
1160 3899 1294 3968 religione
1310 3897 1460 3962 didicisset,
1473 3897 1575 3964 quippe

343 3993 389 4058 oui
403 4005 456 4046 ncc
468 3994 563 4048 auditu
582 4009 633 4048 nec
644 3997 790 4050 verborum
804 3998 943 4051 intellectu
954 4000 1101 4065 quicquam
1114 3998 1262 4065 aliquando
1276 3998 1449 4065 percepisset,
1463 4009 1497 4050 ex
1516 3995 1574 4050 solo

342 4092 401 4144 visu
421 4106 452 4145 ac
469 4095 671 4148 consuetudine
684 4097 791 4150 vivendi
805 4097 949 4151 ecclesiam
961 4099 1033 4151 beati
1047 4098 1140 4151 llilarii
1155 4098 1355 4166 frequentabat,
1369 4096 1493 4162 exemplo
1505 4095 1573 4149 alio-

341 4204 401 4244 rum
414 4193 472 4244 solo
485 4200 647 4259 prostratus,
662 4201 689 4248 et
701 4196 723 4248 si
735 4211 790 4250 non
803 4197 891 4262 labiis,
901 4199 974 4264 quod
987 4210 1073 4252 unum
1085 4206 1199 4265 poterat,
1211 4199 1352 4252 voluntate
1365 4197 1422 4252 sola
1434 4201 1462 4250 et
1474 4194 1572 4250 adactu
1589 4199 1623 4250 at

341 4290 464 4343 secundo
485 4291 524 4343 illi
537 4292 650 4347 devotus
668 4297 810 4349 existebat
825 4299 894 4350 llaec
913 4298 1022 4363 saepius
1042 4311 1135 4365 agens,
1148 4298 1306 4352 custodibus
1325 4298 1398 4351 illius
1416 4297 1470 4350 loci
1491 4308 1572 4349 carus

340 4387 465 4456 edicitur,
480 4398 506 4445 et
518 4405 613 4446 corum
626 4393 713 4449 cilicio
726 4409 756 4449 se
768 4402 908 4466 coaptans,
922 4398 951 4449 in
965 4398 1007 4450 bis
1019 4411 1090 4465 quae
1104 4404 1206 4465 poterat
1220 4399 1375 4452 famulatur.
1386 4399 1451 4450 Nam
1462 4402 1489 4451 et
1499 4395 1570 4464 pavi·

340 4494 462 4542 mentum
482 4492 613 4546 ecclesiae
634 4507 697 4547 cum
716 4496 783 4561 ipsis
802 4495 979 4562 emundabat,
1001 4498 1118 4563 parietes
1139 4498 1263 4565 ornabat,
1281 4500 1357 4566 signa
1378 4511 1411 4550 cx
1431 4495 1568 4551 consortio

338 4588 473 4657 pulsabat,
486 4591 628 4646 ecclesiam
642 4595 803 4661 excubabat,
817 4602 844 4649 et
865 4597 889 4648 si
907 4597 1087 4664 occupatione
1106 4599 1145 4652 rei
1158 4599 1299 4653 familiaris
1311 4596 1456 4653 custodum
1467 4597 1567 4665 aliquis
