3316 5482
280 338 371 390 amn.
390 337 474 389 nar.
493 338 609 390 rums.
628 357 675 372 -
690 338 846 391 urrann.
864 339 913 391 an
929 339 1006 391 con.
1026 334 1102 388 saie.
1244 319 1308 386 185

140 506 162 558 l.
174 508 235 561 fone
249 509 345 563 beatus
364 507 500 562 Gildasius
511 511 667 564 Ravennam
688 508 755 563 adiit
766 509 850 578 gratia
868 507 1000 564 orationis
1011 506 1161 561 beatissimi
1173 505 1307 573 apollina-

13 614 20 647 ἑ
116 605 213 661 mern
230 614 317 663 autem
334 610 568 678 appropinquaret
588 613 682 677 portae
703 611 830 675 civitatis,
849 610 969 664 occurrit
989 608 1015 662 ei
1034 608 1146 675 quidam
1165 620 1263 661 caecus
1281 611 1309 660 et

116 712 191 773 nutus,
201 714 303 776 portans
323 710 444 763 tabulam
465 710 495 762 in
514 723 607 777 manu,
626 711 783 775 percutiens
804 724 865 764 eam
881 710 1007 762 malleolo
1025 709 1060 763 ob
1083 706 1309 775 significationem

115 810 269 881 eleemosynae
281 813 443 881 poscendae,
457 826 540 882 quem
552 815 650 868 ductor
662 828 729 867 suus
741 827 825 867 manu
838 813 970 866 trahebat.
985 815 1016 864 Et
1026 810 1123 866 videns
1135 824 1200 863 eum
1212 810 1309 862 beatus

19 926 22 931 ·
92 908 228 977 idildasius,
239 912 425 967 misericordia
438 918 539 978 motus,
553 913 642 980 eoepit
654 913 737 980 dere;
751 918 778 966 et
792 912 933 978 postulans
945 911 1048 965 deferri
1061 910 1113 963 sibi
1126 922 1235 977 aquam,
1248 921 1309 961 san-

113 1006 210 1064 cliicauit
219 1025 274 1066 eam
288 1018 315 1065 et
327 1013 426 1079 sparsit
438 1026 522 1079 super
534 1013 629 1067 faeiem
643 1014 717 1066 caeci
731 1028 738 1064 τ
751 1011 800 1080 qni
814 1013 903 1065 statim
920 1015 973 1065 beo
991 1011 1112 1065 donante
1129 1009 1224 1062 iumen
1237 1022 1309 1061 rece·

113 1106 148 1171 pit.
158 1111 320 1178 litaoeipiens
333 1112 383 1177 sal,
396 1111 470 1164 misit
483 1112 511 1165 in
523 1125 554 1165 os
567 1113 626 1180 ejus
638 1130 645 1179 ;
658 1117 686 1165 et
698 1113 789 1165 statim
806 1112 913 1166 loeutus
931 1116 981 1178 est,
997 1109 1164 1164 benedicens
1180 1111 1264 1162 Deum
1283 1110 1311 1159 et

112 1204 197 1281 beatum
206 1211 289 1264 tirum
302 1210 489 1279 magnificans,
502 1212 549 1279 qui
562 1216 664 1264 tantam
679 1212 838 1278 sospitatem
850 1212 875 1264 ei
888 1211 1051 1264 contulerat.

137 1303 161 1360 8.
172 1310 266 1363 laetum
278 1315 321 1364 est
332 1318 434 1378 autem,
447 1325 510 1364 eum
523 1311 588 1366 inde
606 1316 800 1375 reverteretur,
813 1312 943 1364 incidisse
956 1324 1018 1364 eum
1036 1310 1109 1362 inter
1120 1307 1307 1375 latrunculos3

74 1400 99 1451 fd
112 1404 263 1468 quividentes
275 1424 339 1463 eum
360 1411 495 1464 nitentem
516 1411 616 1464 decore
637 1410 858 1477 pulchritudinis,
872 1410 917 1463 alii
935 1410 1025 1464 eonati
1044 1412 1108 1462 suunt
1125 1420 1189 1461 eum
1201 1418 1307 1473 rapere,

111 1500 148 1553 alif
158 1507 267 1563 volebant
278 1510 443 1564 interficere.
457 1512 529 1575 Quos
541 1516 571 1564 ut
583 1510 650 1565 vidit
661 1511 712 1564 sibi
725 1512 955 1578 appropinquare,
967 1509 1098 1563 continuo
1110 1511 1178 1561 nutu
1188 1506 1234 1560 liei
1247 1506 1311 1558 feeit

111 1603 199 1671 resliqia
213 1622 305 1663 eorum
322 1611 473 1664 adhaerere
485 1614 574 1664 terrae
587 1610 716 1678 ipsosque
729 1611 902 1679 obrigescere
913 1610 987 1663 velut
998 1609 1103 1676 lapides
1118 1626 1125 1675 ;
1139 1612 1165 1661 et
1177 1605 1310 1660 recedens

110 1698 186 1772 abeis,
196 1714 310 1777 coeptam
329 1711 458 1777 carpebat
469 1710 549 1763 riam.
563 1712 631 1767 Cum
649 1716 740 1763 autem
758 1710 853 1776 procui
871 1711 1030 1764 recessisset
1048 1709 1083 1762 ab
1100 1708 1148 1775 eis,
1162 1717 1311 1761 conversus

10 1854 12 1879 Ι
110 1804 242 1877 ramnum,
255 1809 354 1863 leuauit
373 1822 486 1863 manum
507 1816 603 1864 centra
625 1810 725 1864 illoset
742 1810 821 1864 solvit
842 1823 899 1863 eos.
913 1810 962 1874 Qui
983 1809 1074 1874 soluti,
1089 1819 1152 1861 mor
1172 1807 1201 1859 in
1220 1806 1310 1873 fugam

10 1904 13 1957 ἶ
67 1891 94 1942 15
109 1907 209 1959 conuersi
221 1913 322 1962 suntet
334 1923 469 1977 nusquam
481 1910 598 1977 amplius
611 1911 739 1977 cuiquam
753 1913 974 1977 comparuerunt.

137 1997 162 2052 θ.
173 2004 264 2062 deinde
276 2009 352 2063 uenit
363 2000 562 2064 Tornotensem
573 2010 681 2073 urbem,
694 2015 722 2064 et
739 2011 849 2064 beatum
862 2010 982 2077 repperit
995 2009 1154 2063 Filibertum
1172 2009 1310 2074 abbatem,

109 2096 210 2159 (ilicum
221 2109 246 2161 in
260 2110 375 2176 pueritia
388 2109 559 2164 educaverat.
567 2114 653 2175 Quem
663 2112 759 2164 beatus
768 2111 1041 2165 abbaslibentissimc
1054 2110 1173 2175 suscepit
1182 2113 1311 2162 etseoum

106 2191 194 2263 aliquot
210 2207 304 2263 diebus
323 2223 435 2263 manere
455 2211 527 2277 fecit,
540 2216 569 2263 et
588 2211 622 2264 de
637 2210 738 2263 divinis
759 2216 786 2265 et
806 2211 971 2265 caelestibus
991 2209 1107 2277 eloquiis
1125 2209 1226 2275 pariter
1247 2213 1311 2260 sunt

104 2287 185 2355 locuti,
196 2310 248 2373 Quo
269 2315 390 2377 tempore
411 2315 531 2376 peracto,
545 2324 670 2364 reuersus
692 2316 734 2365 est
747 2311 775 2364 in
796 2310 910 2378 patriam
924 2324 1001 2363 suam
1014 2316 1040 2364 et
1052 2311 1080 2363 in
1099 2309 1188 2362 insula
1200 2306 1310 2361 Riuensi

53 2377 85 2429 Ἄ)
99 2392 232 2460 solitariam
245 2409 322 2463 duxit
333 2411 425 2463 uitam.
440 2412 470 2463 ln
491 2415 596 2464 tantum
613 2412 714 2465 etenim
734 2413 793 2479 ejus
810 2411 922 2464 emicuit
939 2411 993 2463 uita
1014 2417 1044 2463 ut
1059 2423 1155 2464 omnes
1169 2408 1270 2462 infirmi
1283 2411 1310 2459 et

91 2480 191 2589 flebiles
201 2513 225 2561 et
236 2508 347 2576 leprosi,
360 2511 407 2575 qui
420 2511 634 2578 circumquaque
646 2517 733 2580 erant,
749 2513 783 2565 ad
796 2525 859 2565 euin
871 2511 1023 2577 uenientes
1037 2511 1144 2563 sanitati
1157 2510 1217 2577 eius
1230 2510 1309 2562 rneri-

88 2582 121 2633 [Β
132 2603 323 2661 reddebantur.
333 2611 409 2662 Tune
421 2608 549 2676 deinceps
561 2611 713 2664 construxit
724 2611 775 2663 sibi
789 2611 981 2677 parvissimum
993 2611 1142 2663 oratorium
1154 2623 1237 2676 super
1246 2609 1311 2662 litus

80 2688 317 2787 ¹f¹²riscujusdam
340 2708 421 2774 aluei,
434 2710 546 2764 nomine
559 2711 669 2777 Blaueti,
680 2712 707 2763 in
726 2710 844 2777 quadam
858 2723 925 2778 rupe
943 2710 1136 2775 eminentiori3
1150 2715 1177 2763 et
1195 2710 1223 2762 in
1244 2709 1312 2762 inf·

39 2866 54 2881 „
73 2786 234 2869 ¹¹⁰riparte
256 2807 445 2862 molendinum
465 2810 539 2876 feeit,
552 2811 596 2863 cui
617 2812 700 2864 semel
715 2811 833 2864 triticum
856 2811 977 2875 immisit,
990 2810 1065 2878 quod
1085 2810 1178 2862 multis
1199 2823 1309 2877 supera·

69 2870 317 2973 bundaritannis,
330 2908 491 2975 cunctisque
503 2910 538 2963 ad
556 2923 585 2962 se
605 2909 779 2963 uenientibus
798 2910 971 2963 abundanter
988 2910 1146 2962 alimoniam
1164 2910 1313 2976 praebebat

64 2980 90 3023 ⁰¹
108 3000 216 3057 0mnes
228 3006 353 3060 infirmos
374 3021 469 3062 eorum
491 3009 615 3062 sanabat.
630 3012 694 3062 b'am
716 3024 773 3062 non
791 3010 873 3078 longo
890 3016 952 3077 post
964 3015 1095 3075 tempore,
1109 3023 1171 3062 cum
1182 3011 1238 3076 jam
1255 3022 1312 3062 non

58 3082 174 3154 p‘'Sset
184 3116 299 3159 aceensa
313 3108 426 3161 lucerna
441 3109 491 3162 sub
505 3108 597 3162 modio
611 3122 733 3176 manere,
746 3110 793 3163 sed
806 3123 888 3176 super
900 3110 1105 3175 candelabrum,
1117 3117 1145 3161 ut
1158 3107 1239 3163 vieini
1253 3109 1311 3175 qui·

55 3182 127 3239 (ΨΒ
150 3209 174 3254 et
187 3206 242 3258 noti
255 3205 317 3273 eius
330 3211 384 3259 tam
396 3220 482 3275 prope
494 3221 576 3276 quarn
591 3209 671 3278 longe
684 3210 812 3263 claritatis
825 3210 911 3276 ipsius
924 3210 1028 3262 lumine
1042 3210 1208 3276 fruerentur,
1220 3222 1313 3275 eoepe-

50 3280 145 3348 ΝΜ
157 3303 219 3358 bine
231 3311 258 3358 el
271 3306 336 3359 inde
350 3309 444 3362 venire
457 3309 488 3361 ad
503 3323 565 3362 eum
578 3316 606 3362 et
619 3310 677 3375 ejus
691 3311 845 3377 magisterio
860 3314 887 3363 et
905 3309 1046 3363 doctrinae
1064 3309 1134 3362 filios
1148 3321 1213 3362 suos
1234 3322 1305 3362 com-

48 3381 210 3457 mendare
230 3405 398 3460 crudiendos
413 3424 420 3472 ;
434 3421 503 3475 quos
524 3422 621 3462 ornnes
638 3410 756 3462 libenter
774 3410 938 3475 suscipiebat
961 3415 988 3462 et
1006 3410 1139 3475 spirituaii
1158 3410 1311 3463 emditione

43 3468 252 3558 delicatissime
266 3506 428 3559 instruebat.
439 3511 514 3561 Tune
526 3509 639 3575 potioris
649 3510 767 3563 fabricae
781 3510 977 3562 monasterium
990 3510 1152 3575 construxit,
1164 3513 1191 3562 et
1200 3513 1312 3563 cunetas

41 3569 200 3655 ⁰meinos
212 3604 325 3657 claustri
337 3607 501 3661 coenobitali
514 3609 569 3661 ritu
581 3610 706 3674 perfecit.

50 3767 55 3778 .
69 3678 159 3753 ¹0.
173 3704 292 3771 contigit
304 3704 404 3771 itaque,
418 3718 480 3758 cum
493 3705 630 3761 fenestrae
641 3708 769 3761 basilicae
781 3709 867 3762 vitreo
880 3722 963 3775 opere
975 3708 1178 3774 clauderentur,
1190 3709 1311 3761 eminen-

10 3863 15 3877 .
39 3772 131 3845 ¹¹⁰¹'i
151 3803 289 3856 fenestrae
302 3802 402 3857 vitrum
415 3805 557 3859 defecisse.
571 3808 648 3873 Quod
668 3808 764 3861 videns
784 3810 880 3862 beatus
897 3809 1043 3875 Gildasius‚
1057 3810 1123 3862 abiit
1136 3822 1270 3874 seorsum,
1284 3813 1311 3861 et

10 3863 23 3915 ὅ
39 3880 232 3978 ¹{sostratus
245 3903 273 3955 in
294 3907 405 3967 terram,
418 3906 563 3959 bominum
576 3908 677 3960 obnixe
689 3906 853 3974 deprecatur
869 3915 899 3961 ut
912 3910 1039 3962 incohato
1053 3910 1129 3976 operi
1152 3908 1312 3962 munificen-

38 3974 143 4051 ¹¹²¹¹1
164 4015 231 4055 suae
249 4001 380 4068 largitatis
398 4005 534 4059 immittat.
556 4008 676 4073 surgens
702 4014 793 4061 autem
816 4009 850 4060 ab
872 4008 1006 4074 eratione,
1028 4008 1095 4061 abiit
1115 4008 1149 4061 ad
1171 4009 1311 4076 quandam

13 4138 16 4143 .
38 4082 175 4153 fustem
187 4107 215 4154 et
226 4101 261 4154 de
273 4107 350 4168 petm
362 4104 496 4169 optimum
508 4105 610 4158 vitrum
623 4106 695 4159 iecit.

69 4180 101 4234 ¹
112 4197 156 4253 1.
170 4203 238 4255 Cum
251 4213 306 4255 non
324 4202 409 4256 multo
421 4211 483 4270 post
495 4218 558 4258 oum
571 4204 699 4258 fratribus
711 4206 739 4259 in
752 4206 871 4274 (quadam
884 4208 953 4260 cella
967 4213 1129 4275 moraretur,
1145 4223 1310 4276 supervene-

10 4370 11 4375 ἵ
40 4283 140 4346 ωῐὶῑ
163 4301 188 4353 ei
210 4302 340 4367 hospites.
355 4304 427 4367 Quos
446 4303 563 4357 libenter
575 4306 737 4371 suscipiens,
751 4319 862 4359 omnem
882 4309 921 4359 eis
934 4308 1058 4361 exhibuit
1079 4309 1269 4375 bumilitatem,
1284 4317 1311 4364 et

10 4368 27 4417 ὓ
43 4370 175 4452 la‘''ssrrs
186 4400 270 4467 pedes
282 4414 389 4463 eorum,
403 4402 477 4469 quod
497 4406 590 4458 babuit
601 4405 677 4459 dedit
696 4407 744 4472 eis,
758 4408 891 4459 exbibens
903 4421 1012 4460 omnem
1033 4410 1228 4461 humanitatem
1246 4424 1308 4462 cum

43 4471 186 4553 fervore
196 4501 317 4554 caritatis
328 4519 335 4569 ;
349 4503 396 4555 sed
409 4502 495 4556 defuit
507 4506 548 4557 eis
560 4506 633 4570 potio
646 4507 711 4559 uini.
721 4510 796 4559 Tunc
807 4514 916 4559 sanctus
927 4508 966 4559 uir
977 4522 1052 4561 more
1062 4508 1141 4561 solito
1152 4509 1306 4562 bominum·

44 4580 133 4639 brec
140 4603 213 4665 atur,
227 4605 254 4653 ct
262 4601 343 4667 jussit
357 4601 462 4668 impleri
481 4616 552 4669 atqua
572 4618 636 4657 rusa
657 4605 749 4658 onrrria
770 4606 884 4672 uinaria,
898 4607 1066 4661 benedicens
1086 4621 1146 4661 cam
1159 4620 1167 4660 ε
1179 4620 1261 4674 quam
1280 4608 1308 4660 in

1365 4509 1374 4528 ⁶
1385 4507 1451 4561 cod.

1350 4588 1464 4627 summa.
