<?xml version="1.0" encoding="UTF-8"?>
<!DOCTYPE html PUBLIC "-//W3C//DTD XHTML 1.0 Transitional//EN"
    "http://www.w3.org/TR/xhtml1/DTD/xhtml1-transitional.dtd">
<html xmlns="http://www.w3.org/1999/xhtml" xml:lang="en" lang="en">
 <head>
  <title>
</title>
<meta http-equiv="Content-Type" content="text/html;charset=utf-8" />
  <meta name='ocr-system' content='tesseract 3.04.00' />
  <meta name='ocr-capabilities' content='ocr_page ocr_carea ocr_par ocr_line ocrx_word'/>
</head>
<body>
  <div class='ocr_page' id='page_1' title='image "./cataloguscodicu02manugoog_0468.png"; bbox 0 0 3316 5482; ppageno 0'>
   <div class='ocr_carea' id='block_1_1' title="bbox 441 348 1468 415">
    <p class='ocr_par' dir='ltr' id='par_1_1' title="bbox 441 348 1468 415">
     <span class='ocr_line' id='line_1_1' title="bbox 441 348 1468 415; baseline 0.001 -4"><span class='ocrx_word' id='word_1_1' title='bbox 441 362 535 411; x_wconf 80' lang='lat' dir='ltr'><em>amu.</em></span> <span class='ocrx_word' id='word_1_2' title='bbox 555 363 632 413; x_wconf 87' lang='lat' dir='ltr'><em>cau.</em></span> <span class='ocrx_word' id='word_1_3' title='bbox 652 364 1165 415; x_wconf 76' lang='lat' dir='ltr'><em>PARIS.—Al²l³btl1&gt;.aucou.</em></span> <span class='ocrx_word' id='word_1_4' title='bbox 1185 362 1261 414; x_wconf 76' lang='lat' dir='ltr'><em>saus.</em></span> <span class='ocrx_word' id='word_1_5' title='bbox 1401 348 1468 412; x_wconf 85' lang='lat'><em>443</em></span> 
     </span>
    </p>
   </div>
   <div class='ocr_carea' id='block_1_2' title="bbox 186 533 1479 4690">
    <p class='ocr_par' dir='ltr' id='par_1_2' title="bbox 186 533 1479 4690">
     <span class='ocr_line' id='line_1_2' title="bbox 234 533 1467 604; baseline 0 -19"><span class='ocrx_word' id='word_1_6' title='bbox 234 546 330 600; x_wconf 85' lang='lat' dir='ltr'><em>qnam</em></span> <span class='ocrx_word' id='word_1_7' title='bbox 354 534 597 601; x_wconf 63' lang='lat' dir='ltr'><strong><em>imperatricem,</em></strong></span> <span class='ocrx_word' id='word_1_8' title='bbox 621 549 715 602; x_wconf 86' lang='lat' dir='ltr'><em>quam</em></span> <span class='ocrx_word' id='word_1_9' title='bbox 740 536 853 589; x_wconf 90' lang='lat' dir='ltr'><em>mundi</em></span> <span class='ocrx_word' id='word_1_10' title='bbox 874 539 1019 604; x_wconf 85' lang='lat' dir='ltr'><em>salutem,</em></span> <span class='ocrx_word' id='word_1_11' title='bbox 1041 549 1137 603; x_wconf 89' lang='lat' dir='ltr'><em>quam</em></span> <span class='ocrx_word' id='word_1_12' title='bbox 1152 533 1304 602; x_wconf 74' lang='lat' dir='ltr'><em>paradisi</em></span> <span class='ocrx_word' id='word_1_13' title='bbox 1318 533 1467 600; x_wconf 81' lang='lat' dir='ltr'><em>januam,</em></span> 
     </span>
     <span class='ocr_line' id='line_1_3' title="bbox 234 631 1469 698; baseline 0.001 -16"><span class='ocrx_word' id='word_1_14' title='bbox 234 644 331 698; x_wconf 87' lang='lat' dir='ltr'><em>quam</em></span> <span class='ocrx_word' id='word_1_15' title='bbox 351 632 477 685; x_wconf 85' lang='lat' dir='ltr'><em>tandem</em></span> <span class='ocrx_word' id='word_1_16' title='bbox 497 635 645 688; x_wconf 79' lang='lat' dir='ltr'><em>aeternae</em></span> <span class='ocrx_word' id='word_1_17' title='bbox 664 634 866 689; x_wconf 72' lang='lat' dir='ltr'><em>beatitudinis</em></span> <span class='ocrx_word' id='word_1_18' title='bbox 885 635 1032 688; x_wconf 89' lang='lat' dir='ltr'><em>meritum</em></span> <span class='ocrx_word' id='word_1_19' title='bbox 1053 646 1119 688; x_wconf 89' lang='lat' dir='ltr'><em>esse</em></span> <span class='ocrx_word' id='word_1_20' title='bbox 1139 632 1305 687; x_wconf 87' lang='lat' dir='ltr'><em>credimus.</em></span> <span class='ocrx_word' id='word_1_21' title='bbox 1320 631 1469 697; x_wconf 73' lang='lat' dir='ltr'><em>sequium</em></span> 
     </span>
     <span class='ocr_line' id='line_1_4' title="bbox 235 730 1468 801; baseline 0.001 -20"><span class='ocrx_word' id='word_1_22' title='bbox 235 743 306 784; x_wconf 79' lang='lat' dir='ltr'><em>ocio</em></span> <span class='ocrx_word' id='word_1_23' title='bbox 318 730 493 784; x_wconf 87' lang='lat' dir='ltr'><em>doctissimi</em></span> <span class='ocrx_word' id='word_1_24' title='bbox 506 733 756 800; x_wconf 75' lang='lat' dir='ltr'><em>sanctissimique</em></span> <span class='ocrx_word' id='word_1_25' title='bbox 767 734 901 788; x_wconf 89' lang='lat' dir='ltr'><em>doctoris</em></span> <span class='ocrx_word' id='word_1_26' title='bbox 918 734 1086 801; x_wconf 76' lang='lat' dir='ltr'><em>tuqustini</em></span> <span class='ocrx_word' id='word_1_27' title='bbox 1097 732 1302 798; x_wconf 79' lang='lat' dir='ltr'><em>observamus,</em></span> <span class='ocrx_word' id='word_1_28' title='bbox 1315 742 1436 784; x_wconf 80' lang='lat' dir='ltr'><em>rwcnon</em></span> <span class='ocrx_word' id='word_1_29' title='bbox 1445 743 1468 782; x_wconf 90' lang='lat' dir='ltr'><em>a</em></span> 
     </span>
     <span class='ocr_line' id='line_1_5' title="bbox 233 828 1469 900; baseline 0 -19"><span class='ocrx_word' id='word_1_30' title='bbox 233 829 353 884; x_wconf 86' lang='lat' dir='ltr'><em>sanctis</em></span> <span class='ocrx_word' id='word_1_31' title='bbox 365 831 514 896; x_wconf 85' lang='lat' dir='ltr'><em>apostolis</em></span> <span class='ocrx_word' id='word_1_32' title='bbox 526 831 682 886; x_wconf 84' lang='lat' dir='ltr'><em>decretam</em></span> <span class='ocrx_word' id='word_1_33' title='bbox 693 833 791 887; x_wconf 88' lang='lat' dir='ltr'><em>vitam</em></span> <span class='ocrx_word' id='word_1_34' title='bbox 804 834 973 900; x_wconf 87' lang='lat' dir='ltr'><em>ditiqenter</em></span> <span class='ocrx_word' id='word_1_35' title='bbox 985 833 1160 887; x_wconf 83' lang='lat' dir='ltr'><em>imitamur.</em></span> <span class='ocrx_word' id='word_1_36' title='bbox 1174 831 1216 884; x_wconf 93' lang='lat' dir='ltr'><em>llli</em></span> <span class='ocrx_word' id='word_1_37' title='bbox 1229 843 1294 884; x_wconf 84' lang='lat' dir='ltr'><em>vero</em></span> <span class='ocrx_word' id='word_1_38' title='bbox 1308 843 1371 882; x_wconf 90' lang='lat' dir='ltr'><em>cum</em></span> <span class='ocrx_word' id='word_1_39' title='bbox 1384 828 1469 881; x_wconf 87' lang='lat' dir='ltr'><em>multa</em></span> 
     </span>
     <span class='ocr_line' id='line_1_6' title="bbox 196 927 1470 994; baseline -0.002 -13"><span class='ocrx_word' id='word_1_40' title='bbox 196 931 213 981; x_wconf 85' lang='lat' dir='ltr'><em>ii</em></span> <span class='ocrx_word' id='word_1_41' title='bbox 231 928 260 981; x_wconf 93' lang='lat' dir='ltr'><em>in</em></span> <span class='ocrx_word' id='word_1_42' title='bbox 273 928 396 982; x_wconf 90' lang='lat' dir='ltr'><em>medium</em></span> <span class='ocrx_word' id='word_1_43' title='bbox 408 927 546 991; x_wconf 79' lang='lat' dir='ltr'><em>afferrent,</em></span> <span class='ocrx_word' id='word_1_44' title='bbox 560 930 672 985; x_wconf 81' lang='lat' dir='ltr'><em>assidue</em></span> <span class='ocrx_word' id='word_1_45' title='bbox 684 934 782 985; x_wconf 86' lang='lat' dir='ltr'><em>cbristi</em></span> <span class='ocrx_word' id='word_1_46' title='bbox 797 932 891 986; x_wconf 82' lang='lat' dir='ltr'><em>fideles</em></span> <span class='ocrx_word' id='word_1_47' title='bbox 904 932 1089 986; x_wconf 82' lang='lat' dir='ltr'><em>venerabilem</em></span> <span class='ocrx_word' id='word_1_48' title='bbox 1101 944 1131 984; x_wconf 89' lang='lat' dir='ltr'><em>ao</em></span> <span class='ocrx_word' id='word_1_49' title='bbox 1149 932 1256 984; x_wconf 80' lang='lat' dir='ltr'><em>beatam</em></span> <span class='ocrx_word' id='word_1_50' title='bbox 1276 927 1322 981; x_wconf 89' lang='lat' dir='ltr'><em>bei</em></span> <span class='ocrx_word' id='word_1_51' title='bbox 1341 940 1470 994; x_wconf 84' lang='lat' dir='ltr'><em>sponsam</em></span> 
     </span>
     <span class='ocr_line' id='line_1_7' title="bbox 234 1026 1469 1098; baseline 0 -20"><span class='ocrx_word' id='word_1_52' title='bbox 234 1026 359 1092; x_wconf 88' lang='lat' dir='ltr'><em>laudare,</em></span> <span class='ocrx_word' id='word_1_53' title='bbox 373 1028 530 1092; x_wconf 86' lang='lat' dir='ltr'><em>praedicare</em></span> <span class='ocrx_word' id='word_1_54' title='bbox 552 1035 579 1083; x_wconf 90' lang='lat' dir='ltr'><em>et</em></span> <span class='ocrx_word' id='word_1_55' title='bbox 600 1031 634 1083; x_wconf 89' lang='lat' dir='ltr'><em>ad</em></span> <span class='ocrx_word' id='word_1_56' title='bbox 652 1029 741 1083; x_wconf 89' lang='lat' dir='ltr'><em>sidera</em></span> <span class='ocrx_word' id='word_1_57' title='bbox 755 1045 842 1098; x_wconf 85' lang='lat' dir='ltr'><em>usque</em></span> <span class='ocrx_word' id='word_1_58' title='bbox 862 1032 1003 1084; x_wconf 83' lang='lat' dir='ltr'><em>extollere.</em></span> <span class='ocrx_word' id='word_1_59' title='bbox 1017 1034 1102 1083; x_wconf 83' lang='lat' dir='ltr'><em>Tanta</em></span> <span class='ocrx_word' id='word_1_60' title='bbox 1123 1029 1196 1083; x_wconf 88' lang='lat' dir='ltr'><em>euim</em></span> <span class='ocrx_word' id='word_1_61' title='bbox 1219 1026 1387 1093; x_wconf 81' lang='lat' dir='ltr'><em>eloquentia,</em></span> <span class='ocrx_word' id='word_1_62' title='bbox 1401 1030 1469 1090; x_wconf 85' lang='lat' dir='ltr'><em>arte,</em></span> 
     </span>
     <span class='ocr_line' id='line_1_8' title="bbox 232 1125 1470 1198; baseline -0.001 -22"><span class='ocrx_word' id='word_1_63' title='bbox 232 1127 435 1179; x_wconf 85' lang='lat' dir='ltr'><em>sententiarum</em></span> <span class='ocrx_word' id='word_1_64' title='bbox 455 1129 585 1194; x_wconf 78' lang='lat' dir='ltr'><em>gravitate</em></span> <span class='ocrx_word' id='word_1_65' title='bbox 605 1142 637 1182; x_wconf 91' lang='lat' dir='ltr'><em>ac</em></span> <span class='ocrx_word' id='word_1_66' title='bbox 656 1132 878 1198; x_wconf 76' lang='lat' dir='ltr'><em>gravissimarum</em></span> <span class='ocrx_word' id='word_1_67' title='bbox 891 1145 982 1184; x_wconf 89' lang='lat' dir='ltr'><em>rerum</em></span> <span class='ocrx_word' id='word_1_68' title='bbox 995 1128 1147 1183; x_wconf 88' lang='lat' dir='ltr'><em>disserendi</em></span> <span class='ocrx_word' id='word_1_69' title='bbox 1161 1127 1267 1181; x_wconf 90' lang='lat' dir='ltr'><em>ratione</em></span> <span class='ocrx_word' id='word_1_70' title='bbox 1289 1125 1425 1190; x_wconf 87' lang='lat' dir='ltr'><em>utebatur,</em></span> <span class='ocrx_word' id='word_1_71' title='bbox 1439 1130 1470 1177; x_wconf 92' lang='lat' dir='ltr'><em>ut</em></span> 
     </span>
     <span class='ocr_line' id='line_1_9' title="bbox 234 1223 1470 1296; baseline 0 -19"><span class='ocrx_word' id='word_1_72' title='bbox 234 1225 317 1278; x_wconf 91' lang='lat' dir='ltr'><em>ambo</em></span> <span class='ocrx_word' id='word_1_73' title='bbox 330 1225 524 1292; x_wconf 82' lang='lat' dir='ltr'><em>obstupescere</em></span> <span class='ocrx_word' id='word_1_74' title='bbox 538 1228 699 1295; x_wconf 79' lang='lat' dir='ltr'><em>inciperent,</em></span> <span class='ocrx_word' id='word_1_75' title='bbox 713 1231 815 1296; x_wconf 86' lang='lat' dir='ltr'><em>quippe</em></span> <span class='ocrx_word' id='word_1_76' title='bbox 828 1232 874 1296; x_wconf 85' lang='lat' dir='ltr'><em>qui</em></span> <span class='ocrx_word' id='word_1_77' title='bbox 887 1235 914 1283; x_wconf 90' lang='lat' dir='ltr'><em>et</em></span> <span class='ocrx_word' id='word_1_78' title='bbox 925 1230 1099 1283; x_wconf 88' lang='lat' dir='ltr'><em>doctissimus</em></span> <span class='ocrx_word' id='word_1_79' title='bbox 1119 1233 1191 1281; x_wconf 87' lang='lat' dir='ltr'><em>essct</em></span> <span class='ocrx_word' id='word_1_80' title='bbox 1203 1232 1232 1280; x_wconf 88' lang='lat' dir='ltr'><em>et</em></span> <span class='ocrx_word' id='word_1_81' title='bbox 1243 1225 1352 1279; x_wconf 86' lang='lat' dir='ltr'><em>divinae</em></span> <span class='ocrx_word' id='word_1_82' title='bbox 1364 1223 1470 1291; x_wconf 84' lang='lat' dir='ltr'><em>religio·</em></span> 
     </span>
     <span class='ocr_line' id='line_1_10' title="bbox 234 1323 1471 1396; baseline 0 -22"><span class='ocrx_word' id='word_1_83' title='bbox 234 1324 280 1375; x_wconf 89' lang='lat' dir='ltr'><em>nis</em></span> <span class='ocrx_word' id='word_1_84' title='bbox 293 1325 554 1380; x_wconf 80' lang='lat' dir='ltr'><em>observantissimus</em></span> <span class='ocrx_word' id='word_1_85' title='bbox 566 1334 593 1381; x_wconf 87' lang='lat' dir='ltr'><em>et</em></span> <span class='ocrx_word' id='word_1_86' title='bbox 606 1329 673 1382; x_wconf 88' lang='lat' dir='ltr'><em>mira</em></span> <span class='ocrx_word' id='word_1_87' title='bbox 688 1330 827 1396; x_wconf 85' lang='lat' dir='ltr'><em>praeditus</em></span> <span class='ocrx_word' id='word_1_88' title='bbox 839 1330 1019 1382; x_wconf 88' lang='lat' dir='ltr'><em>humanitate.</em></span> <span class='ocrx_word' id='word_1_89' title='bbox 1034 1330 1054 1381; x_wconf 89' lang='lat' dir='ltr'><em>li</em></span> <span class='ocrx_word' id='word_1_90' title='bbox 1072 1340 1138 1381; x_wconf 85' lang='lat' dir='ltr'><em>vero</em></span> <span class='ocrx_word' id='word_1_91' title='bbox 1156 1326 1268 1394; x_wconf 86' lang='lat' dir='ltr'><em>quando</em></span> <span class='ocrx_word' id='word_1_92' title='bbox 1290 1325 1398 1378; x_wconf 89' lang='lat' dir='ltr'><em>beatum</em></span> <span class='ocrx_word' id='word_1_93' title='bbox 1412 1323 1471 1375; x_wconf 86' lang='lat' dir='ltr'><em>Pbi·</em></span> 
     </span>
     <span class='ocr_line' id='line_1_11' title="bbox 186 1423 1469 1493; baseline 0 -18"><span class='ocrx_word' id='word_1_94' title='bbox 186 1425 215 1475; x_wconf 85' lang='lat' dir='ltr'><em>lll</em></span> <span class='ocrx_word' id='word_1_95' title='bbox 234 1423 342 1491; x_wconf 91' lang='lat' dir='ltr'><em>lippum</em></span> <span class='ocrx_word' id='word_1_96' title='bbox 356 1439 406 1492; x_wconf 87' lang='lat' dir='ltr'><em>per</em></span> <span class='ocrx_word' id='word_1_97' title='bbox 416 1427 547 1493; x_wconf 88' lang='lat' dir='ltr'><em>Spiritum</em></span> <span class='ocrx_word' id='word_1_98' title='bbox 559 1435 684 1483; x_wconf 90' lang='lat' dir='ltr'><em>sanctum</em></span> <span class='ocrx_word' id='word_1_99' title='bbox 701 1431 794 1484; x_wconf 90' lang='lat' dir='ltr'><em>omnia</em></span> <span class='ocrx_word' id='word_1_100' title='bbox 813 1429 956 1483; x_wconf 80' lang='lat' dir='ltr'><em>effundere</em></span> <span class='ocrx_word' id='word_1_101' title='bbox 974 1435 1101 1493; x_wconf 89' lang='lat' dir='ltr'><em>cernunt,</em></span> <span class='ocrx_word' id='word_1_102' title='bbox 1114 1428 1188 1482; x_wconf 84' lang='lat' dir='ltr'><em>velut</em></span> <span class='ocrx_word' id='word_1_103' title='bbox 1210 1426 1313 1479; x_wconf 82' lang='lat' dir='ltr'><em>flumen</em></span> <span class='ocrx_word' id='word_1_104' title='bbox 1331 1423 1469 1492; x_wconf 88' lang='lat' dir='ltr'><em>quoddam</em></span> 
     </span>
     <span class='ocr_line' id='line_1_12' title="bbox 235 1521 1470 1596; baseline -0.001 -21"><span class='ocrx_word' id='word_1_105' title='bbox 235 1524 429 1577; x_wconf 88' lang='lat' dir='ltr'><em>auctoritatum</em></span> <span class='ocrx_word' id='word_1_106' title='bbox 442 1525 671 1595; x_wconf 86' lang='lat' dir='ltr'><em>eloquentiaeque</em></span> <span class='ocrx_word' id='word_1_107' title='bbox 690 1530 858 1596; x_wconf 85' lang='lat' dir='ltr'><em>redundans,</em></span> <span class='ocrx_word' id='word_1_108' title='bbox 872 1531 931 1581; x_wconf 92' lang='lat' dir='ltr'><em>sine</em></span> <span class='ocrx_word' id='word_1_109' title='bbox 949 1529 1040 1595; x_wconf 88' lang='lat' dir='ltr'><em>aliqua</em></span> <span class='ocrx_word' id='word_1_110' title='bbox 1058 1527 1188 1593; x_wconf 90' lang='lat' dir='ltr'><em>temporis</em></span> <span class='ocrx_word' id='word_1_111' title='bbox 1206 1524 1337 1578; x_wconf 87' lang='lat' dir='ltr'><em>dilatione</em></span> <span class='ocrx_word' id='word_1_112' title='bbox 1356 1521 1390 1576; x_wconf 88' lang='lat' dir='ltr'><em>ad</em></span> <span class='ocrx_word' id='word_1_113' title='bbox 1410 1523 1470 1588; x_wconf 73' lang='lat' dir='ltr'><em>eius</em></span> 
     </span>
     <span class='ocr_line' id='line_1_13' title="bbox 234 1623 1467 1693; baseline -0.001 -19"><span class='ocrx_word' id='word_1_114' title='bbox 234 1624 365 1689; x_wconf 69' lang='lat' dir='ltr'><em>prodesse</em></span> <span class='ocrx_word' id='word_1_115' title='bbox 378 1632 557 1692; x_wconf 80' lang='lat' dir='ltr'><em>prostravere,</em></span> <span class='ocrx_word' id='word_1_116' title='bbox 572 1635 681 1682; x_wconf 85' lang='lat' dir='ltr'><em>orantes</em></span> <span class='ocrx_word' id='word_1_117' title='bbox 693 1631 801 1683; x_wconf 79' lang='lat' dir='ltr'><em>veniam</em></span> <span class='ocrx_word' id='word_1_118' title='bbox 814 1635 841 1683; x_wconf 89' lang='lat' dir='ltr'><em>et</em></span> <span class='ocrx_word' id='word_1_119' title='bbox 853 1631 887 1682; x_wconf 93' lang='lat' dir='ltr'><em>ab</em></span> <span class='ocrx_word' id='word_1_120' title='bbox 900 1642 932 1683; x_wconf 91' lang='lat' dir='ltr'><em>eo</em></span> <span class='ocrx_word' id='word_1_121' title='bbox 945 1629 1165 1682; x_wconf 85' lang='lat' dir='ltr'><em>benedictionem</em></span> <span class='ocrx_word' id='word_1_122' title='bbox 1179 1631 1311 1693; x_wconf 90' lang='lat' dir='ltr'><em>petentes.</em></span> <span class='ocrx_word' id='word_1_123' title='bbox 1325 1623 1467 1689; x_wconf 86' lang='lat' dir='ltr'><em>Philippus</em></span> 
     </span>
     <span class='ocr_line' id='line_1_14' title="bbox 235 1723 1471 1795; baseline -0.001 -22"><span class='ocrx_word' id='word_1_124' title='bbox 235 1735 303 1775; x_wconf 77' lang='lat' dir='ltr'><em>vcro</em></span> <span class='ocrx_word' id='word_1_125' title='bbox 322 1737 377 1776; x_wconf 92' lang='lat' dir='ltr'><em>non</em></span> <span class='ocrx_word' id='word_1_126' title='bbox 395 1723 502 1779; x_wconf 87' lang='lat' dir='ltr'><em>modica</em></span> <span class='ocrx_word' id='word_1_127' title='bbox 517 1727 628 1780; x_wconf 88' lang='lat' dir='ltr'><em>caritate</em></span> <span class='ocrx_word' id='word_1_128' title='bbox 647 1732 728 1795; x_wconf 86' lang='lat' dir='ltr'><em>atque</em></span> <span class='ocrx_word' id='word_1_129' title='bbox 749 1728 896 1783; x_wconf 83' lang='lat' dir='ltr'><em>dilectione</em></span> <span class='ocrx_word' id='word_1_130' title='bbox 914 1742 960 1782; x_wconf 92' lang='lat' dir='ltr'><em>eos</em></span> <span class='ocrx_word' id='word_1_131' title='bbox 979 1727 1120 1795; x_wconf 89' lang='lat' dir='ltr'><em>amplexus</em></span> <span class='ocrx_word' id='word_1_132' title='bbox 1137 1730 1218 1793; x_wconf 87' lang='lat' dir='ltr'><em>atque</em></span> <span class='ocrx_word' id='word_1_133' title='bbox 1231 1723 1368 1778; x_wconf 88' lang='lat' dir='ltr'><em>osculatus</em></span> <span class='ocrx_word' id='word_1_134' title='bbox 1379 1728 1430 1787; x_wconf 87' lang='lat' dir='ltr'><em>est,</em></span> <span class='ocrx_word' id='word_1_135' title='bbox 1444 1725 1471 1774; x_wconf 92' lang='lat' dir='ltr'><em>et</em></span> 
     </span>
     <span class='ocr_line' id='line_1_15' title="bbox 240 1822 1468 1897; baseline -0.002 -22"><span class='ocrx_word' id='word_1_136' title='bbox 240 1825 432 1891; x_wconf 87' lang='lat' dir='ltr'><em>unusquisque</em></span> <span class='ocrx_word' id='word_1_137' title='bbox 444 1826 496 1879; x_wconf 88' lang='lat' dir='ltr'><em>iter</em></span> <span class='ocrx_word' id='word_1_138' title='bbox 508 1841 588 1880; x_wconf 90' lang='lat' dir='ltr'><em>suum</em></span> <span class='ocrx_word' id='word_1_139' title='bbox 602 1828 732 1896; x_wconf 75' lang='lat' dir='ltr'><em>dirigens,</em></span> <span class='ocrx_word' id='word_1_140' title='bbox 747 1842 868 1882; x_wconf 87' lang='lat' dir='ltr'><em>summas</em></span> <span class='ocrx_word' id='word_1_141' title='bbox 880 1829 980 1897; x_wconf 78' lang='lat' dir='ltr'><em>gratias</em></span> <span class='ocrx_word' id='word_1_142' title='bbox 998 1828 1122 1881; x_wconf 89' lang='lat' dir='ltr'><em>omnium</em></span> <span class='ocrx_word' id='word_1_143' title='bbox 1141 1838 1234 1878; x_wconf 87' lang='lat' dir='ltr'><em>rerum</em></span> <span class='ocrx_word' id='word_1_144' title='bbox 1246 1822 1350 1877; x_wconf 75' lang='lat' dir='ltr'><em>aucwri</em></span> <span class='ocrx_word' id='word_1_145' title='bbox 1363 1822 1468 1888; x_wconf 85' lang='lat' dir='ltr'><em>agebat,</em></span> 
     </span>
     <span class='ocr_line' id='line_1_16' title="bbox 186 1922 1468 1997; baseline -0.002 -21"><span class='ocrx_word' id='word_1_146' title='bbox 186 1924 220 1976; x_wconf 75' lang='lat' dir='ltr'><em>ld</em></span> <span class='ocrx_word' id='word_1_147' title='bbox 238 1923 287 1989; x_wconf 88' lang='lat' dir='ltr'><em>qui</em></span> <span class='ocrx_word' id='word_1_148' title='bbox 308 1930 414 1977; x_wconf 84' lang='lat' dir='ltr'><em>tantum</em></span> <span class='ocrx_word' id='word_1_149' title='bbox 433 1927 461 1979; x_wconf 91' lang='lat' dir='ltr'><em>iu</em></span> <span class='ocrx_word' id='word_1_150' title='bbox 482 1940 530 1980; x_wconf 87' lang='lat' dir='ltr'><em>cos</em></span> <span class='ocrx_word' id='word_1_151' title='bbox 549 1929 713 1983; x_wconf 78' lang='lat' dir='ltr'><em>beneficium</em></span> <span class='ocrx_word' id='word_1_152' title='bbox 733 1930 896 1997; x_wconf 88' lang='lat' dir='ltr'><em>contulerat,</em></span> <span class='ocrx_word' id='word_1_153' title='bbox 908 1935 940 1982; x_wconf 90' lang='lat' dir='ltr'><em>ut</em></span> <span class='ocrx_word' id='word_1_154' title='bbox 962 1942 1018 1981; x_wconf 92' lang='lat' dir='ltr'><em>non</em></span> <span class='ocrx_word' id='word_1_155' title='bbox 1040 1927 1122 1981; x_wconf 90' lang='lat' dir='ltr'><em>modo</em></span> <span class='ocrx_word' id='word_1_156' title='bbox 1140 1925 1235 1992; x_wconf 90' lang='lat' dir='ltr'><em>optimi</em></span> <span class='ocrx_word' id='word_1_157' title='bbox 1253 1924 1302 1977; x_wconf 87' lang='lat' dir='ltr'><em>viri</em></span> <span class='ocrx_word' id='word_1_158' title='bbox 1314 1922 1468 1976; x_wconf 89' lang='lat' dir='ltr'><em>doctrinam</em></span> 
     </span>
     <span class='ocr_line' id='line_1_17' title="bbox 238 2021 1467 2093; baseline -0.002 -17"><span class='ocrx_word' id='word_1_159' title='bbox 238 2029 322 2088; x_wconf 88' lang='lat' dir='ltr'><em>atque</em></span> <span class='ocrx_word' id='word_1_160' title='bbox 340 2025 511 2093; x_wconf 90' lang='lat' dir='ltr'><em>sapientiam,</em></span> <span class='ocrx_word' id='word_1_161' title='bbox 526 2041 621 2082; x_wconf 81' lang='lat' dir='ltr'><em>uerum</em></span> <span class='ocrx_word' id='word_1_162' title='bbox 642 2027 806 2083; x_wconf 79' lang='lat' dir='ltr'><em>ineffabilem</em></span> <span class='ocrx_word' id='word_1_163' title='bbox 818 2029 852 2083; x_wconf 92' lang='lat' dir='ltr'><em>ad</em></span> <span class='ocrx_word' id='word_1_164' title='bbox 865 2030 947 2083; x_wconf 91' lang='lat' dir='ltr'><em>totius</em></span> <span class='ocrx_word' id='word_1_165' title='bbox 964 2027 1070 2082; x_wconf 89' lang='lat' dir='ltr'><em>ordinis</em></span> <span class='ocrx_word' id='word_1_166' title='bbox 1090 2026 1171 2092; x_wconf 73' lang='lat' dir='ltr'><em>iubar</em></span> <span class='ocrx_word' id='word_1_167' title='bbox 1183 2021 1357 2077; x_wconf 83' lang='lat' dir='ltr'><em>sanctitatem</em></span> <span class='ocrx_word' id='word_1_168' title='bbox 1368 2033 1467 2088; x_wconf 80' lang='lat' dir='ltr'><em>cogno·</em></span> 
     </span>
     <span class='ocr_line' id='line_1_18' title="bbox 239 2131 511 2180; baseline 0.026 -8"><span class='ocrx_word' id='word_1_169' title='bbox 239 2133 317 2174; x_wconf 90' lang='lat' dir='ltr'><em>scere</em></span> <span class='ocrx_word' id='word_1_170' title='bbox 330 2131 511 2180; x_wconf 88' lang='lat' dir='ltr'><em>mererentur.</em></span> 
     </span>
     <span class='ocr_line' id='line_1_19' title="bbox 272 2218 1468 2294; baseline -0.004 -19"><span class='ocrx_word' id='word_1_171' title='bbox 272 2218 305 2272; x_wconf 86' lang='grc'><em>8.</em></span> <span class='ocrx_word' id='word_1_172' title='bbox 326 2222 449 2290; x_wconf 84' lang='lat' dir='ltr'><em>Cumque</em></span> <span class='ocrx_word' id='word_1_173' title='bbox 469 2238 484 2277; x_wconf 92' lang='lat' dir='ltr'><em>a</em></span> <span class='ocrx_word' id='word_1_174' title='bbox 505 2226 586 2294; x_wconf 80' lang='lat' dir='ltr'><em>longe</em></span> <span class='ocrx_word' id='word_1_175' title='bbox 603 2234 714 2291; x_wconf 89' lang='lat' dir='ltr'><em>essent,</em></span> <span class='ocrx_word' id='word_1_176' title='bbox 733 2241 826 2282; x_wconf 89' lang='lat' dir='ltr'><em>comes</em></span> <span class='ocrx_word' id='word_1_177' title='bbox 847 2226 920 2282; x_wconf 89' lang='lat' dir='ltr'><em>beati</em></span> <span class='ocrx_word' id='word_1_178' title='bbox 941 2226 991 2281; x_wconf 85' lang='lat' dir='ltr'><em>viri</em></span> <span class='ocrx_word' id='word_1_179' title='bbox 1013 2226 1191 2292; x_wconf 83' lang='lat' dir='ltr'><em>stupetactus,</em></span> <span class='ocrx_word' id='word_1_180' title='bbox 1213 2223 1284 2275; x_wconf 89' lang='lat' dir='ltr'><em>intra</em></span> <span class='ocrx_word' id='word_1_181' title='bbox 1306 2234 1337 2274; x_wconf 87' lang='lat' dir='ltr'><em>se</em></span> <span class='ocrx_word' id='word_1_182' title='bbox 1355 2220 1468 2274; x_wconf 86' lang='lat' dir='ltr'><em>volvens</em></span> 
     </span>
     <span class='ocr_line' id='line_1_20' title="bbox 238 2320 1466 2393; baseline -0.002 -22"><span class='ocrx_word' id='word_1_183' title='bbox 238 2330 327 2385; x_wconf 84' lang='lat' dir='ltr'><em>aquo</em></span> <span class='ocrx_word' id='word_1_184' title='bbox 340 2325 441 2374; x_wconf 89' lang='lat' dir='ltr'><em>tantam</em></span> <span class='ocrx_word' id='word_1_185' title='bbox 455 2324 605 2378; x_wconf 85' lang='lat' dir='ltr'><em>doctrinam</em></span> <span class='ocrx_word' id='word_1_186' title='bbox 619 2332 701 2393; x_wconf 85' lang='lat' dir='ltr'><em>atque</em></span> <span class='ocrx_word' id='word_1_187' title='bbox 722 2327 907 2393; x_wconf 86' lang='lat' dir='ltr'><em>eloquentiam</em></span> <span class='ocrx_word' id='word_1_188' title='bbox 930 2325 1031 2379; x_wconf 85' lang='lat' dir='ltr'><em>babere</em></span> <span class='ocrx_word' id='word_1_189' title='bbox 1051 2321 1249 2391; x_wconf 62' lang='lat' dir='ltr'><em>polluentem</em></span> <span class='ocrx_word' id='word_1_190' title='bbox 1270 2320 1304 2374; x_wconf 93' lang='lat' dir='ltr'><em>ob</em></span> <span class='ocrx_word' id='word_1_191' title='bbox 1326 2320 1466 2384; x_wconf 70' lang='lat' dir='ltr'><em>ingentem</em></span> 
     </span>
     <span class='ocr_line' id='line_1_21' title="bbox 187 2416 1468 2502; baseline 0 -34"><span class='ocrx_word' id='word_1_192' title='bbox 187 2418 220 2470; x_wconf 76' lang='lat' dir='ltr'><em>iu</em></span> <span class='ocrx_word' id='word_1_193' title='bbox 239 2417 420 2473; x_wconf 89' lang='lat' dir='ltr'><em>bumilitatem</em></span> <span class='ocrx_word' id='word_1_194' title='bbox 434 2424 502 2477; x_wconf 89' lang='lat' dir='ltr'><em>nibil</em></span> <span class='ocrx_word' id='word_1_195' title='bbox 514 2439 543 2478; x_wconf 86' lang='lat' dir='ltr'><em>se</em></span> <span class='ocrx_word' id='word_1_196' title='bbox 555 2427 625 2479; x_wconf 87' lang='lat' dir='ltr'><em>scire</em></span> <span class='ocrx_word' id='word_1_197' title='bbox 638 2427 776 2493; x_wconf 79' lang='lat' dir='ltr'><em>fateretur,</em></span> <span class='ocrx_word' id='word_1_198' title='bbox 790 2426 900 2480; x_wconf 84' lang='lat' dir='ltr'><em>tandem</em></span> <span class='ocrx_word' id='word_1_199' title='bbox 919 2438 1028 2502; x_wconf 86' lang='lat' dir='ltr'><em>omnem</em></span> <span class='ocrx_word' id='word_1_200' title='bbox 1040 2436 1168 2491; x_wconf 87' lang='lat' dir='ltr'><em>pavorem</em></span> <span class='ocrx_word' id='word_1_201' title='bbox 1183 2422 1364 2485; x_wconf 88' lang='lat' dir='ltr'><em>timoremque</em></span> <span class='ocrx_word' id='word_1_202' title='bbox 1381 2416 1468 2482; x_wconf 90' lang='lat' dir='ltr'><em>depo-</em></span> 
     </span>
     <span class='ocr_line' id='line_1_22' title="bbox 240 2516 1469 2594; baseline -0.001 -25"><span class='ocrx_word' id='word_1_203' title='bbox 240 2519 296 2571; x_wconf 88' lang='lat' dir='ltr'><em>suit</em></span> <span class='ocrx_word' id='word_1_204' title='bbox 316 2526 344 2572; x_wconf 89' lang='lat' dir='ltr'><em>et</em></span> <span class='ocrx_word' id='word_1_205' title='bbox 363 2520 451 2588; x_wconf 91' lang='lat' dir='ltr'><em>ipsum</em></span> <span class='ocrx_word' id='word_1_206' title='bbox 473 2524 512 2577; x_wconf 90' lang='lat' dir='ltr'><em>sic</em></span> <span class='ocrx_word' id='word_1_207' title='bbox 531 2525 697 2593; x_wconf 86' lang='lat' dir='ltr'><em>alloquitur:</em></span> <span class='ocrx_word' id='word_1_208' title='bbox 712 2528 825 2581; x_wconf 87' lang='lat' dir='ltr'><em>Laetor</em></span> <span class='ocrx_word' id='word_1_209' title='bbox 845 2527 969 2594; x_wconf 89' lang='lat' dir='ltr'><em>quidem</em></span> <span class='ocrx_word' id='word_1_210' title='bbox 990 2527 1021 2578; x_wconf 94' lang='lat' dir='ltr'><em>et</em></span> <span class='ocrx_word' id='word_1_211' title='bbox 1030 2524 1138 2577; x_wconf 78' lang='lat' dir='ltr'><em>eaulto</em></span> <span class='ocrx_word' id='word_1_212' title='bbox 1152 2524 1180 2575; x_wconf 90' lang='lat' dir='ltr'><em>te</em></span> <span class='ocrx_word' id='word_1_213' title='bbox 1192 2519 1289 2574; x_wconf 74' lang='lat' dir='ltr'><em>tantis</em></span> <span class='ocrx_word' id='word_1_214' title='bbox 1302 2516 1469 2572; x_wconf 85' lang='lat' dir='ltr'><em>uirtutibus</em></span> 
     </span>
     <span class='ocr_line' id='line_1_23' title="bbox 236 2617 1469 2691; baseline -0.002 -21"><span class='ocrx_word' id='word_1_215' title='bbox 236 2620 331 2685; x_wconf 87' lang='lat' dir='ltr'><em>atque</em></span> <span class='ocrx_word' id='word_1_216' title='bbox 342 2623 509 2677; x_wconf 76' lang='lat' dir='ltr'><em>sanctitate</em></span> <span class='ocrx_word' id='word_1_217' title='bbox 515 2627 699 2691; x_wconf 84' lang='lat' dir='ltr'><em>praeditum</em></span> <span class='ocrx_word' id='word_1_218' title='bbox 711 2640 786 2681; x_wconf 82' lang='lat' dir='ltr'><em>csse.</em></span> <span class='ocrx_word' id='word_1_219' title='bbox 804 2627 915 2680; x_wconf 70' lang='lat' dir='ltr'><em>imum</em></span> <span class='ocrx_word' id='word_1_220' title='bbox 926 2638 1026 2678; x_wconf 89' lang='lat' dir='ltr'><em>unum</em></span> <span class='ocrx_word' id='word_1_221' title='bbox 1037 2623 1121 2676; x_wconf 88' lang='lat' dir='ltr'><em>iliud</em></span> <span class='ocrx_word' id='word_1_222' title='bbox 1133 2633 1226 2688; x_wconf 87' lang='lat' dir='ltr'><em>aeqre</em></span> <span class='ocrx_word' id='word_1_223' title='bbox 1238 2619 1307 2685; x_wconf 89' lang='lat' dir='ltr'><em>tuli,</em></span> <span class='ocrx_word' id='word_1_224' title='bbox 1326 2617 1469 2670; x_wconf 82' lang='lat' dir='ltr'><em>diuinam</em></span> 
     </span>
     <span class='ocr_line' id='line_1_24' title="bbox 239 2717 1469 2790; baseline -0.002 -20"><span class='ocrx_word' id='word_1_225' title='bbox 239 2718 328 2771; x_wconf 87' lang='lat' dir='ltr'><em>tuam</em></span> <span class='ocrx_word' id='word_1_226' title='bbox 348 2720 525 2776; x_wconf 86' lang='lat' dir='ltr'><em>doctrinam</em></span> <span class='ocrx_word' id='word_1_227' title='bbox 545 2726 638 2790; x_wconf 85' lang='lat' dir='ltr'><em>atque</em></span> <span class='ocrx_word' id='word_1_228' title='bbox 657 2725 799 2778; x_wconf 88' lang='lat' dir='ltr'><em>omnibus</em></span> <span class='ocrx_word' id='word_1_229' title='bbox 821 2724 854 2777; x_wconf 90' lang='lat' dir='ltr'><em>in</em></span> <span class='ocrx_word' id='word_1_230' title='bbox 874 2723 965 2778; x_wconf 88' lang='lat' dir='ltr'><em>rebus</em></span> <span class='ocrx_word' id='word_1_231' title='bbox 984 2725 1145 2776; x_wconf 87' lang='lat' dir='ltr'><em>maturam</em></span> <span class='ocrx_word' id='word_1_232' title='bbox 1162 2717 1361 2787; x_wconf 89' lang='lat' dir='ltr'><em>sapientiam,</em></span> <span class='ocrx_word' id='word_1_233' title='bbox 1374 2727 1469 2783; x_wconf 90' lang='lat' dir='ltr'><em>quam</em></span> 
     </span>
     <span class='ocr_line' id='line_1_25' title="bbox 235 2816 1470 2891; baseline -0.003 -20"><span class='ocrx_word' id='word_1_234' title='bbox 235 2818 346 2884; x_wconf 86' lang='lat' dir='ltr'><em>potius</em></span> <span class='ocrx_word' id='word_1_235' title='bbox 357 2820 511 2876; x_wconf 84' lang='lat' dir='ltr'><em>divinitus</em></span> <span class='ocrx_word' id='word_1_236' title='bbox 522 2825 615 2891; x_wconf 90' lang='lat' dir='ltr'><em>atque</em></span> <span class='ocrx_word' id='word_1_237' title='bbox 627 2823 812 2877; x_wconf 77' lang='lat' dir='ltr'><em>burnanitus</em></span> <span class='ocrx_word' id='word_1_238' title='bbox 823 2825 931 2878; x_wconf 88' lang='lat' dir='ltr'><em>datam</em></span> <span class='ocrx_word' id='word_1_239' title='bbox 949 2835 1013 2877; x_wconf 88' lang='lat' dir='ltr'><em>esse</em></span> <span class='ocrx_word' id='word_1_240' title='bbox 1024 2833 1140 2886; x_wconf 76' lang='lat' dir='ltr'><em>causeo,</em></span> <span class='ocrx_word' id='word_1_241' title='bbox 1153 2816 1363 2887; x_wconf 83' lang='lat' dir='ltr'><em>a[b]scondere</em></span> <span class='ocrx_word' id='word_1_242' title='bbox 1379 2827 1470 2869; x_wconf 90' lang='lat' dir='ltr'><em>cona·</em></span> 
     </span>
     <span class='ocr_line' id='line_1_26' title="bbox 187 2915 1468 2989; baseline -0.004 -19"><span class='ocrx_word' id='word_1_243' title='bbox 187 2918 224 2970; x_wconf 75' lang='lat'><em>2‘5</em></span> <span class='ocrx_word' id='word_1_244' title='bbox 245 2918 311 2969; x_wconf 88' lang='lat' dir='ltr'><em>tum</em></span> <span class='ocrx_word' id='word_1_245' title='bbox 319 2930 397 2973; x_wconf 86' lang='lat' dir='ltr'><em>esse.</em></span> <span class='ocrx_word' id='word_1_246' title='bbox 412 2920 518 2988; x_wconf 85' lang='lat' dir='ltr'><em>Neque</em></span> <span class='ocrx_word' id='word_1_247' title='bbox 527 2923 611 2976; x_wconf 89' lang='lat' dir='ltr'><em>enim</em></span> <span class='ocrx_word' id='word_1_248' title='bbox 623 2924 781 2989; x_wconf 84' lang='lat' dir='ltr'><em>majorum</em></span> <span class='ocrx_word' id='word_1_249' title='bbox 799 2926 977 2977; x_wconf 85' lang='lat' dir='ltr'><em>nostrorum</em></span> <span class='ocrx_word' id='word_1_250' title='bbox 990 2921 1078 2976; x_wconf 88' lang='lat' dir='ltr'><em>cordi</em></span> <span class='ocrx_word' id='word_1_251' title='bbox 1095 2919 1171 2973; x_wconf 88' lang='lat' dir='ltr'><em>baec</em></span> <span class='ocrx_word' id='word_1_252' title='bbox 1187 2915 1342 2972; x_wconf 90' lang='lat' dir='ltr'><em>sententia</em></span> <span class='ocrx_word' id='word_1_253' title='bbox 1354 2915 1468 2979; x_wconf 78' lang='lat' dir='ltr'><em>exstat,</em></span> 
     </span>
     <span class='ocr_line' id='line_1_27' title="bbox 237 3012 1472 3090; baseline -0.006 -19"><span class='ocrx_word' id='word_1_254' title='bbox 237 3021 428 3086; x_wconf 85' lang='lat' dir='ltr'><em>pracsertim</em></span> <span class='ocrx_word' id='word_1_255' title='bbox 448 3021 500 3075; x_wconf 91' lang='lat' dir='ltr'><em>ubi</em></span> <span class='ocrx_word' id='word_1_256' title='bbox 521 3023 688 3090; x_wconf 81' lang='lat' dir='ltr'><em>retiqiosus</em></span> <span class='ocrx_word' id='word_1_257' title='bbox 712 3026 817 3077; x_wconf 89' lang='lat' dir='ltr'><em>noster</em></span> <span class='ocrx_word' id='word_1_258' title='bbox 840 3023 916 3076; x_wconf 94' lang='lat' dir='ltr'><em>ordo</em></span> <span class='ocrx_word' id='word_1_259' title='bbox 939 3020 1027 3076; x_wconf 88' lang='lat' dir='ltr'><em>bonis</em></span> <span class='ocrx_word' id='word_1_260' title='bbox 1048 3032 1086 3074; x_wconf 92' lang='lat' dir='ltr'><em>ao</em></span> <span class='ocrx_word' id='word_1_261' title='bbox 1106 3017 1221 3086; x_wconf 89' lang='lat' dir='ltr'><em>peritis</em></span> <span class='ocrx_word' id='word_1_262' title='bbox 1241 3016 1320 3070; x_wconf 83' lang='lat' dir='ltr'><em>viris</em></span> <span class='ocrx_word' id='word_1_263' title='bbox 1345 3012 1472 3068; x_wconf 88' lang='lat' dir='ltr'><em>omnino</em></span> 
     </span>
     <span class='ocr_line' id='line_1_28' title="bbox 241 3112 1471 3190; baseline -0.007 -18"><span class='ocrx_word' id='word_1_264' title='bbox 241 3127 360 3172; x_wconf 83' lang='lat' dir='ltr'><em>careat.</em></span> <span class='ocrx_word' id='word_1_265' title='bbox 370 3121 521 3186; x_wconf 85' lang='lat' dir='ltr'><em>Deus,cui</em></span> <span class='ocrx_word' id='word_1_266' title='bbox 532 3123 638 3176; x_wconf 88' lang='lat' dir='ltr'><em>omnia</em></span> <span class='ocrx_word' id='word_1_267' title='bbox 649 3127 723 3177; x_wconf 89' lang='lat' dir='ltr'><em>sunt</em></span> <span class='ocrx_word' id='word_1_268' title='bbox 734 3136 850 3190; x_wconf 88' lang='lat' dir='ltr'><em>coram,</em></span> <span class='ocrx_word' id='word_1_269' title='bbox 864 3123 991 3175; x_wconf 86' lang='lat' dir='ltr'><em>nostrae</em></span> <span class='ocrx_word' id='word_1_270' title='bbox 1000 3119 1147 3173; x_wconf 78' lang='lat' dir='ltr'><em>risisertns</em></span> <span class='ocrx_word' id='word_1_271' title='bbox 1158 3115 1322 3183; x_wconf 80' lang='lat' dir='ltr'><em>retipionis</em></span> <span class='ocrx_word' id='word_1_272' title='bbox 1335 3112 1471 3180; x_wconf 87' lang='lat' dir='ltr'><em>inopiae,</em></span> 
     </span>
     <span class='ocr_line' id='line_1_29' title="bbox 242 3213 1474 3288; baseline -0.006 -15"><span class='ocrx_word' id='word_1_273' title='bbox 242 3220 408 3274; x_wconf 79' lang='lat' dir='ltr'><em>nouissime</em></span> <span class='ocrx_word' id='word_1_274' title='bbox 427 3223 599 3288; x_wconf 83' lang='lat' dir='ltr'><em>opitulatus</em></span> <span class='ocrx_word' id='word_1_275' title='bbox 610 3226 663 3275; x_wconf 86' lang='lat' dir='ltr'><em>est.</em></span> <span class='ocrx_word' id='word_1_276' title='bbox 680 3223 736 3276; x_wconf 85' lang='lat' dir='ltr'><em>Cui</em></span> <span class='ocrx_word' id='word_1_277' title='bbox 754 3236 894 3276; x_wconf 87' lang='lat' dir='ltr'><em>summas</em></span> <span class='ocrx_word' id='word_1_278' title='bbox 912 3221 1036 3288; x_wconf 85' lang='lat' dir='ltr'><em>qratios</em></span> <span class='ocrx_word' id='word_1_279' title='bbox 1048 3231 1116 3285; x_wconf 86' lang='lat' dir='ltr'><em>aqu,</em></span> <span class='ocrx_word' id='word_1_280' title='bbox 1130 3217 1185 3284; x_wconf 91' lang='lat' dir='ltr'><em>qui</em></span> <span class='ocrx_word' id='word_1_281' title='bbox 1198 3219 1226 3270; x_wconf 88' lang='lat' dir='ltr'><em>te</em></span> <span class='ocrx_word' id='word_1_282' title='bbox 1238 3215 1324 3269; x_wconf 91' lang='lat' dir='ltr'><em>nobis</em></span> <span class='ocrx_word' id='word_1_283' title='bbox 1347 3213 1474 3267; x_wconf 87' lang='lat' dir='ltr'><em>tradere</em></span> 
     </span>
     <span class='ocr_line' id='line_1_30' title="bbox 240 3315 1475 3390; baseline -0.006 -17"><span class='ocrx_word' id='word_1_284' title='bbox 240 3320 390 3387; x_wconf 84' lang='lat' dir='ltr'><em>diquatus</em></span> <span class='ocrx_word' id='word_1_285' title='bbox 402 3325 455 3375; x_wconf 92' lang='lat' dir='ltr'><em>est.</em></span> <span class='ocrx_word' id='word_1_286' title='bbox 469 3323 637 3390; x_wconf 85' lang='lat' dir='ltr'><em>Postremo,</em></span> <span class='ocrx_word' id='word_1_287' title='bbox 651 3324 741 3390; x_wconf 86' lang='lat' dir='ltr'><em>inquit</em></span> <span class='ocrx_word' id='word_1_288' title='bbox 761 3337 852 3376; x_wconf 90' lang='lat' dir='ltr'><em>comes</em></span> <span class='ocrx_word' id='word_1_289' title='bbox 870 3320 1090 3375; x_wconf 81' lang='lat' dir='ltr'><em>excellentissimi</em></span> <span class='ocrx_word' id='word_1_290' title='bbox 1109 3318 1212 3385; x_wconf 80' lang='lat' dir='ltr'><em>ingenii</em></span> <span class='ocrx_word' id='word_1_291' title='bbox 1232 3315 1359 3382; x_wconf 83' lang='lat' dir='ltr'><em>Philippi,</em></span> <span class='ocrx_word' id='word_1_292' title='bbox 1379 3315 1475 3368; x_wconf 86' lang='lat' dir='ltr'><em>Deum</em></span> 
     </span>
     <span class='ocr_line' id='line_1_31' title="bbox 188 3412 1476 3490; baseline -0.007 -16"><span class='ocrx_word' id='word_1_293' title='bbox 188 3423 223 3474; x_wconf 82' lang='lat'><em>50</em></span> <span class='ocrx_word' id='word_1_294' title='bbox 242 3419 441 3488; x_wconf 81' lang='lat' dir='ltr'><em>bmiitnesque</em></span> <span class='ocrx_word' id='word_1_295' title='bbox 461 3425 554 3476; x_wconf 88' lang='lat' dir='ltr'><em>testor</em></span> <span class='ocrx_word' id='word_1_296' title='bbox 574 3425 643 3487; x_wconf 78' lang='lat' dir='ltr'><em>[ine]</em></span> <span class='ocrx_word' id='word_1_297' title='bbox 654 3436 776 3490; x_wconf 77' lang='lat' dir='ltr'><em>seiroper</em></span> <span class='ocrx_word' id='word_1_298' title='bbox 787 3424 870 3475; x_wconf 77' lang='lat' dir='ltr'><em>vettii</em></span> <span class='ocrx_word' id='word_1_299' title='bbox 882 3420 988 3475; x_wconf 85' lang='lat' dir='ltr'><em>tubam</em></span> <span class='ocrx_word' id='word_1_300' title='bbox 1010 3422 1141 3472; x_wconf 89' lang='lat' dir='ltr'><em>tuarum</em></span> <span class='ocrx_word' id='word_1_301' title='bbox 1160 3415 1292 3470; x_wconf 70' lang='lat' dir='ltr'><em>latmtem</em></span> <span class='ocrx_word' id='word_1_302' title='bbox 1310 3412 1388 3481; x_wconf 78' lang='lat' dir='ltr'><em>sore,</em></span> <span class='ocrx_word' id='word_1_303' title='bbox 1401 3425 1476 3480; x_wconf 90' lang='lat' dir='ltr'><em>qno-</em></span> 
     </span>
     <span class='ocr_line' id='line_1_32' title="bbox 242 3512 1477 3589; baseline -0.006 -16"><span class='ocrx_word' id='word_1_304' title='bbox 242 3519 332 3573; x_wconf 88' lang='lat' dir='ltr'><em>niam</em></span> <span class='ocrx_word' id='word_1_305' title='bbox 344 3522 408 3573; x_wconf 90' lang='lat' dir='ltr'><em>tam</em></span> <span class='ocrx_word' id='word_1_306' title='bbox 416 3522 590 3589; x_wconf 84' lang='lat' dir='ltr'><em>perspicua</em></span> <span class='ocrx_word' id='word_1_307' title='bbox 603 3526 727 3588; x_wconf 87' lang='lat' dir='ltr'><em>iamque</em></span> <span class='ocrx_word' id='word_1_308' title='bbox 738 3525 851 3575; x_wconf 73' lang='lat' dir='ltr'><em>aestiuis</em></span> <span class='ocrx_word' id='word_1_309' title='bbox 864 3520 906 3573; x_wconf 87' lang='lat' dir='ltr'><em>ad</em></span> <span class='ocrx_word' id='word_1_310' title='bbox 920 3519 1090 3584; x_wconf 78' lang='lat' dir='ltr'><em>theotoqiac</em></span> <span class='ocrx_word' id='word_1_311' title='bbox 1108 3516 1368 3583; x_wconf 87' lang='lat' dir='ltr'><em>reliquarumque</em></span> <span class='ocrx_word' id='word_1_312' title='bbox 1380 3512 1477 3566; x_wconf 90' lang='lat' dir='ltr'><em>scien·</em></span> 
     </span>
     <span class='ocr_line' id='line_1_33' title="bbox 242 3612 1479 3689; baseline -0.008 -16"><span class='ocrx_word' id='word_1_313' title='bbox 242 3621 362 3674; x_wconf 86' lang='lat' dir='ltr'><em>tiorum</em></span> <span class='ocrx_word' id='word_1_314' title='bbox 383 3623 586 3689; x_wconf 70' lang='lat' dir='ltr'><em>captationem</em></span> <span class='ocrx_word' id='word_1_315' title='bbox 599 3624 826 3677; x_wconf 85' lang='lat' dir='ltr'><em>declarandam</em></span> <span class='ocrx_word' id='word_1_316' title='bbox 844 3619 1147 3687; x_wconf 86' lang='lat' dir='ltr'><em>inpraesentiarum</em></span> <span class='ocrx_word' id='word_1_317' title='bbox 1160 3613 1341 3683; x_wconf 85' lang='lat' dir='ltr'><em>perstitisti,</em></span> <span class='ocrx_word' id='word_1_318' title='bbox 1365 3612 1479 3680; x_wconf 89' lang='lat' dir='ltr'><em>quippe</em></span> 
     </span>
     <span class='ocr_line' id='line_1_34' title="bbox 241 3711 1474 3790; baseline -0.007 -17"><span class='ocrx_word' id='word_1_319' title='bbox 241 3721 324 3787; x_wconf 90' lang='lat' dir='ltr'><em>quod</em></span> <span class='ocrx_word' id='word_1_320' title='bbox 344 3720 388 3774; x_wconf 90' lang='lat' dir='ltr'><em>ad</em></span> <span class='ocrx_word' id='word_1_321' title='bbox 405 3720 565 3774; x_wconf 81' lang='lat' dir='ltr'><em>borninum</em></span> <span class='ocrx_word' id='word_1_322' title='bbox 585 3736 683 3789; x_wconf 77' lang='lat' dir='ltr'><em>penus</em></span> <span class='ocrx_word' id='word_1_323' title='bbox 707 3720 895 3790; x_wconf 87' lang='lat' dir='ltr'><em>impossibile</em></span> <span class='ocrx_word' id='word_1_324' title='bbox 916 3732 982 3773; x_wconf 91' lang='lat' dir='ltr'><em>esse</em></span> <span class='ocrx_word' id='word_1_325' title='bbox 1002 3719 1127 3771; x_wconf 86' lang='lat' dir='ltr'><em>uidetur</em></span> <span class='ocrx_word' id='word_1_326' title='bbox 1149 3719 1270 3769; x_wconf 79' lang='lat' dir='ltr'><em>tortium</em></span> <span class='ocrx_word' id='word_1_327' title='bbox 1283 3711 1474 3780; x_wconf 90' lang='lat' dir='ltr'><em>sapientiam</em></span> 
     </span>
     <span class='ocr_line' id='line_1_35' title="bbox 243 3811 1478 3888; baseline -0.007 -17"><span class='ocrx_word' id='word_1_328' title='bbox 243 3820 488 3886; x_wconf 86' lang='lat' dir='ltr'><em>atqucomnium</em></span> <span class='ocrx_word' id='word_1_329' title='bbox 507 3833 614 3874; x_wconf 83' lang='lat' dir='ltr'><em>rerum</em></span> <span class='ocrx_word' id='word_1_330' title='bbox 630 3821 833 3888; x_wconf 72' lang='lat' dir='ltr'><em>domuitionem</em></span> <span class='ocrx_word' id='word_1_331' title='bbox 854 3819 1037 3871; x_wconf 78' lang='lat' dir='ltr'><em>bunia-uitus</em></span> <span class='ocrx_word' id='word_1_332' title='bbox 1058 3829 1124 3870; x_wconf 84' lang='lat' dir='ltr'><em>esse</em></span> <span class='ocrx_word' id='word_1_333' title='bbox 1146 3816 1264 3868; x_wconf 82' lang='lat' dir='ltr'><em>datanl.</em></span> <span class='ocrx_word' id='word_1_334' title='bbox 1284 3816 1317 3866; x_wconf 82' lang='lat' dir='ltr'><em>bt</em></span> <span class='ocrx_word' id='word_1_335' title='bbox 1337 3811 1478 3877; x_wconf 85' lang='lat' dir='ltr'><em>Philippus</em></span> 
     </span>
     <span class='ocr_line' id='line_1_36' title="bbox 189 3912 1478 3987; baseline -0.009 -13"><span class='ocrx_word' id='word_1_336' title='bbox 189 3922 226 3974; x_wconf 72' lang='lat' dir='ltr'><em>iiii</em></span> <span class='ocrx_word' id='word_1_337' title='bbox 243 3919 367 3972; x_wconf 83' lang='lat' dir='ltr'><em>funditus</em></span> <span class='ocrx_word' id='word_1_338' title='bbox 379 3919 505 3973; x_wconf 84' lang='lat' dir='ltr'><em>lacrimas</em></span> <span class='ocrx_word' id='word_1_339' title='bbox 517 3923 642 3974; x_wconf 89' lang='lat' dir='ltr'><em>emittere</em></span> <span class='ocrx_word' id='word_1_340' title='bbox 655 3927 718 3975; x_wconf 91' lang='lat' dir='ltr'><em>ante</em></span> <span class='ocrx_word' id='word_1_341' title='bbox 738 3921 821 3987; x_wconf 90' lang='lat' dir='ltr'><em>pedes</em></span> <span class='ocrx_word' id='word_1_342' title='bbox 833 3921 952 3984; x_wconf 80' lang='lat' dir='ltr'><em>cernitis,</em></span> <span class='ocrx_word' id='word_1_343' title='bbox 967 3924 1041 3971; x_wconf 87' lang='lat' dir='ltr'><em>tanto</em></span> <span class='ocrx_word' id='word_1_344' title='bbox 1054 3917 1138 3970; x_wconf 87' lang='lat' dir='ltr'><em>animi</em></span> <span class='ocrx_word' id='word_1_345' title='bbox 1152 3927 1277 3968; x_wconf 89' lang='lat' dir='ltr'><em>maerore</em></span> <span class='ocrx_word' id='word_1_346' title='bbox 1289 3917 1371 3979; x_wconf 84' lang='lat' dir='ltr'><em>atque</em></span> <span class='ocrx_word' id='word_1_347' title='bbox 1385 3912 1478 3965; x_wconf 84' lang='lat' dir='ltr'><em>auxie·</em></span> 
     </span>
     <span class='ocr_line' id='line_1_37' title="bbox 245 4011 1475 4085; baseline -0.007 -14"><span class='ocrx_word' id='word_1_348' title='bbox 245 4023 310 4082; x_wconf 86' lang='lat' dir='ltr'><em>tate,</em></span> <span class='ocrx_word' id='word_1_349' title='bbox 325 4019 434 4085; x_wconf 90' lang='lat' dir='ltr'><em>quodsi</em></span> <span class='ocrx_word' id='word_1_350' title='bbox 456 4021 500 4072; x_wconf 87' lang='lat' dir='ltr'><em>cui</em></span> <span class='ocrx_word' id='word_1_351' title='bbox 521 4020 587 4072; x_wconf 88' lang='lat' dir='ltr'><em>baec</em></span> <span class='ocrx_word' id='word_1_352' title='bbox 609 4019 637 4072; x_wconf 90' lang='lat' dir='ltr'><em>in</em></span> <span class='ocrx_word' id='word_1_353' title='bbox 660 4020 820 4072; x_wconf 91' lang='lat' dir='ltr'><em>memoriam</em></span> <span class='ocrx_word' id='word_1_354' title='bbox 834 4018 957 4085; x_wconf 73' lang='lat' dir='ltr'><em>redigere</em></span> <span class='ocrx_word' id='word_1_355' title='bbox 970 4018 1062 4069; x_wconf 89' lang='lat' dir='ltr'><em>animo</em></span> <span class='ocrx_word' id='word_1_356' title='bbox 1085 4020 1165 4080; x_wconf 88' lang='lat' dir='ltr'><em>esset,</em></span> <span class='ocrx_word' id='word_1_357' title='bbox 1181 4014 1209 4066; x_wconf 91' lang='lat' dir='ltr'><em>in</em></span> <span class='ocrx_word' id='word_1_358' title='bbox 1230 4012 1341 4066; x_wconf 88' lang='lat' dir='ltr'><em>easdem</em></span> <span class='ocrx_word' id='word_1_359' title='bbox 1353 4011 1475 4077; x_wconf 84' lang='lat' dir='ltr'><em>protecto</em></span> 
     </span>
     <span class='ocr_line' id='line_1_38' title="bbox 244 4110 1477 4185; baseline -0.008 -13"><span class='ocrx_word' id='word_1_360' title='bbox 244 4119 371 4172; x_wconf 86' lang='lat' dir='ltr'><em>lacrimas</em></span> <span class='ocrx_word' id='word_1_361' title='bbox 391 4117 514 4171; x_wconf 89' lang='lat' dir='ltr'><em>incidere</em></span> <span class='ocrx_word' id='word_1_362' title='bbox 532 4132 670 4172; x_wconf 88' lang='lat' dir='ltr'><em>cerneres.</em></span> <span class='ocrx_word' id='word_1_363' title='bbox 691 4117 769 4185; x_wconf 79' lang='lat' dir='ltr'><em>Apud</em></span> <span class='ocrx_word' id='word_1_364' title='bbox 790 4131 872 4185; x_wconf 87' lang='lat' dir='ltr'><em>quem</em></span> <span class='ocrx_word' id='word_1_365' title='bbox 894 4118 1062 4171; x_wconf 87' lang='lat' dir='ltr'><em>luculentam</em></span> <span class='ocrx_word' id='word_1_366' title='bbox 1085 4115 1181 4168; x_wconf 89' lang='lat' dir='ltr'><em>babuit</em></span> <span class='ocrx_word' id='word_1_367' title='bbox 1204 4113 1374 4175; x_wconf 85' lang='lat' dir='ltr'><em>orationem,</em></span> <span class='ocrx_word' id='word_1_368' title='bbox 1399 4110 1477 4176; x_wconf 86' lang='lat' dir='ltr'><em>cujus</em></span> 
     </span>
     <span class='ocr_line' id='line_1_39' title="bbox 244 4214 1478 4287; baseline -0.008 -13"><span class='ocrx_word' id='word_1_369' title='bbox 244 4220 401 4286; x_wconf 86' lang='lat' dir='ltr'><em>exemplum</em></span> <span class='ocrx_word' id='word_1_370' title='bbox 415 4219 484 4272; x_wconf 85' lang='lat' dir='ltr'><em>inira</em></span> <span class='ocrx_word' id='word_1_371' title='bbox 498 4221 628 4287; x_wconf 88' lang='lat' dir='ltr'><em>scriptum</em></span> <span class='ocrx_word' id='word_1_372' title='bbox 642 4227 702 4272; x_wconf 90' lang='lat' dir='ltr'><em>cst:</em></span> <span class='ocrx_word' id='word_1_373' title='bbox 718 4221 780 4287; x_wconf 77' lang='lat' dir='ltr'><em>Epo</em></span> <span class='ocrx_word' id='word_1_374' title='bbox 799 4223 894 4286; x_wconf 85' lang='lat' dir='ltr'><em>tepor</em></span> <span class='ocrx_word' id='word_1_375' title='bbox 906 4219 1144 4284; x_wconf 84' lang='lat' dir='ltr'><em>omnipotentem</em></span> <span class='ocrx_word' id='word_1_376' title='bbox 1163 4218 1256 4282; x_wconf 88' lang='lat' dir='ltr'><em>atquc</em></span> <span class='ocrx_word' id='word_1_377' title='bbox 1269 4214 1478 4266; x_wconf 86' lang='lat' dir='ltr'><em>immortalem</em></span> 
     </span>
     <span class='ocr_line' id='line_1_40' title="bbox 245 4312 1477 4386; baseline -0.007 -14"><span class='ocrx_word' id='word_1_378' title='bbox 245 4321 339 4372; x_wconf 64' lang='lat' dir='ltr'><em>missu</em></span> <span class='ocrx_word' id='word_1_379' title='bbox 353 4332 417 4383; x_wconf 89' lang='lat' dir='ltr'><em>oro,</em></span> <span class='ocrx_word' id='word_1_380' title='bbox 431 4319 486 4371; x_wconf 87' lang='lat' dir='ltr'><em>sub</em></span> <span class='ocrx_word' id='word_1_381' title='bbox 505 4320 595 4384; x_wconf 77' lang='lat' dir='ltr'><em>ciijns</em></span> <span class='ocrx_word' id='word_1_382' title='bbox 615 4320 745 4386; x_wconf 84' lang='lat' dir='ltr'><em>imperio</em></span> <span class='ocrx_word' id='word_1_383' title='bbox 763 4318 981 4385; x_wconf 80' lang='lat' dir='ltr'><em>qubcrrsautnr</em></span> <span class='ocrx_word' id='word_1_384' title='bbox 993 4315 1110 4381; x_wconf 72' lang='lat' dir='ltr'><em>ornain,</em></span> <span class='ocrx_word' id='word_1_385' title='bbox 1119 4327 1179 4382; x_wconf 89' lang='lat' dir='ltr'><em>per</em></span> <span class='ocrx_word' id='word_1_386' title='bbox 1196 4314 1286 4380; x_wconf 89' lang='lat' dir='ltr'><em>piam</em></span> <span class='ocrx_word' id='word_1_387' title='bbox 1306 4314 1400 4378; x_wconf 83' lang='lat' dir='ltr'><em>atque</em></span> <span class='ocrx_word' id='word_1_388' title='bbox 1421 4312 1477 4364; x_wconf 90' lang='lat' dir='ltr'><em>cte·</em></span> 
     </span>
     <span class='ocr_line' id='line_1_41' title="bbox 191 4409 1475 4495; baseline -0.009 -21"><span class='ocrx_word' id='word_1_389' title='bbox 191 4425 227 4474; x_wconf 72' lang='lat'><em>40</em></span> <span class='ocrx_word' id='word_1_390' title='bbox 246 4422 377 4473; x_wconf 75' lang='lat' dir='ltr'><em>silentem</em></span> <span class='ocrx_word' id='word_1_391' title='bbox 397 4420 536 4495; x_wconf 60' lang='lat' dir='ltr'><em>inanem,</em></span> <span class='ocrx_word' id='word_1_392' title='bbox 556 4419 643 4484; x_wconf 72' lang='lat' dir='ltr'><em>quus</em></span> <span class='ocrx_word' id='word_1_393' title='bbox 664 4419 847 4471; x_wconf 84' lang='lat' dir='ltr'><em>viduitatem</em></span> <span class='ocrx_word' id='word_1_394' title='bbox 870 4417 940 4469; x_wconf 86' lang='lat' dir='ltr'><em>ticet</em></span> <span class='ocrx_word' id='word_1_395' title='bbox 962 4415 1086 4482; x_wconf 77' lang='lat' dir='ltr'><em>iridiqm&#39;</em></span> <span class='ocrx_word' id='word_1_396' title='bbox 1104 4414 1138 4464; x_wconf 86' lang='lat' dir='ltr'><em>in</em></span> <span class='ocrx_word' id='word_1_397' title='bbox 1158 4412 1341 4464; x_wconf 85' lang='lat' dir='ltr'><em>animarum</em></span> <span class='ocrx_word' id='word_1_398' title='bbox 1363 4409 1475 4463; x_wconf 87' lang='lat' dir='ltr'><em>merito</em></span> 
     </span>
     <span class='ocr_line' id='line_1_42' title="bbox 241 4511 1476 4586; baseline -0.01 -13"><span class='ocrx_word' id='word_1_399' title='bbox 241 4532 471 4586; x_wconf 60' lang='lat' dir='ltr'><em>speramusque·</em></span> <span class='ocrx_word' id='word_1_400' title='bbox 491 4531 595 4570; x_wconf 79' lang='lat' dir='ltr'><em>onsrics</em></span> <span class='ocrx_word' id='word_1_401' title='bbox 614 4521 737 4572; x_wconf 65' lang='lat' dir='ltr'><em>scrutatos</em></span> <span class='ocrx_word' id='word_1_402' title='bbox 757 4520 786 4569; x_wconf 88' lang='lat' dir='ltr'><em>et</em></span> <span class='ocrx_word' id='word_1_403' title='bbox 807 4519 935 4569; x_wconf 81' lang='lat' dir='ltr'><em>sarsctus</em></span> <span class='ocrx_word' id='word_1_404' title='bbox 955 4515 1019 4580; x_wconf 85' lang='lat' dir='ltr'><em>Dei,</em></span> <span class='ocrx_word' id='word_1_405' title='bbox 1033 4513 1178 4566; x_wconf 80' lang='lat' dir='ltr'><em>riaiscrcri</em></span> <span class='ocrx_word' id='word_1_406' title='bbox 1198 4511 1308 4575; x_wconf 85' lang='lat' dir='ltr'><em>nostri,</em></span> <span class='ocrx_word' id='word_1_407' title='bbox 1325 4523 1421 4577; x_wconf 76' lang='lat' dir='ltr'><em>licque</em></span> <span class='ocrx_word' id='word_1_408' title='bbox 1434 4511 1476 4576; x_wconf 87' lang='lat' dir='ltr'><em>id,</em></span> 
     </span>
     <span class='ocr_line' id='line_1_43' title="bbox 243 4613 1476 4690; baseline -0.009 -17"><span class='ocrx_word' id='word_1_409' title='bbox 243 4621 325 4690; x_wconf 83' lang='lat' dir='ltr'><em>quod</em></span> <span class='ocrx_word' id='word_1_410' title='bbox 342 4631 447 4673; x_wconf 69' lang='lat' dir='ltr'><em>omnies</em></span> <span class='ocrx_word' id='word_1_411' title='bbox 455 4618 618 4686; x_wconf 83' lang='lat' dir='ltr'><em>praete-rit,</em></span> <span class='ocrx_word' id='word_1_412' title='bbox 628 4617 775 4687; x_wconf 77' lang='lat' dir='ltr'><em>proferre</em></span> <span class='ocrx_word' id='word_1_413' title='bbox 796 4620 850 4671; x_wconf 88' lang='lat' dir='ltr'><em>tua</em></span> <span class='ocrx_word' id='word_1_414' title='bbox 865 4630 935 4671; x_wconf 86' lang='lat' dir='ltr'><em>voce</em></span> <span class='ocrx_word' id='word_1_415' title='bbox 955 4616 1041 4670; x_wconf 86' lang='lat' dir='ltr'><em>ociis.</em></span> <span class='ocrx_word' id='word_1_416' title='bbox 1055 4618 1131 4668; x_wconf 79' lang='lat' dir='ltr'><em>Tunc</em></span> <span class='ocrx_word' id='word_1_417' title='bbox 1149 4627 1249 4679; x_wconf 87' lang='lat' dir='ltr'><em>comes,</em></span> <span class='ocrx_word' id='word_1_418' title='bbox 1266 4614 1321 4664; x_wconf 77' lang='lat' dir='ltr'><em>sive</em></span> <span class='ocrx_word' id='word_1_419' title='bbox 1334 4613 1393 4678; x_wconf 86' lang='lat' dir='ltr'><em>ejus</em></span> <span class='ocrx_word' id='word_1_420' title='bbox 1416 4624 1476 4664; x_wconf 90' lang='lat' dir='ltr'><em>san·</em></span> 
     </span>
    </p>
   </div>
   <div class='ocr_carea' id='block_1_3' title="bbox 0 0 1665 5482">
    <p class='ocr_par' dir='ltr' id='par_1_3' title="bbox 0 0 1665 5482">
     <span class='ocr_line' id='line_1_44' title="bbox 0 0 1665 5482; baseline 0 0"><span class='ocrx_word' id='word_1_421' title='bbox 0 0 1665 5482; x_wconf 95' lang='lat' dir='ltr'><em> </em></span> 
     </span>
    </p>
   </div>
  </div>
 </body>
</html>
