3316 5482
317 355 410 406 amu.
428 355 512 408 nar.
530 354 648 406 rasus.
666 373 713 386 -
727 354 882 405 seruus.
902 355 950 404 su
966 354 1043 405 cop.
1063 336 1139 404 sesa.
1277 337 1345 403 319

109 526 194 581 aiam
206 525 378 594 rependam
389 528 420 580 et
425 527 581 595 poputum
591 525 832 594 animandum
838 528 912 594 post
924 537 973 578 me
984 524 1134 592 euci'piat.
1147 524 1184 578 Et
1192 523 1269 591 quia
1281 525 1345 577 tres
1360 502 1361 505 ¹

109 626 189 680 suist
200 624 365 693 dequibus
385 625 559 694 intenditis,
574 628 637 680 tres
658 625 739 695 fiant
759 625 903 693 indiculi,
917 625 974 692 qui
989 624 1120 678 nomina
1132 635 1240 678 eorum
1251 621 1346 677 conti·

113 726 213 780 neoni
222 741 232 793 ,·
242 727 273 779 et
284 737 381 793 super
401 726 522 781 altario
539 726 674 794 Domini,
699 726 754 780 abi
764 729 812 780 est
824 727 946 793 iipnum
956 726 1086 778 sunctae
1096 723 1209 791 crucis,
1223 722 1350 776 mittan·

114 827 363 892 tur‚.eteocetur
377 836 461 892 puer
482 824 638 895 innocens,
663 827 778 894 etipse
798 825 956 880 indiculos
976 825 1111 892 aperiat.
1133 822 1350 878 Adhibeaniun

75 922 212 980 betium
225 921 418 990 psalterium
437 924 468 977 et
486 922 659 990 eeanpeiia,
680 925 716 976 ut
737 923 772 976 in
789 921 845 977 itoc
858 923 1006 978 Dominus
1019 923 1186 978 declarare
1196 921 1345 989 dipnetur

113 1021 320 1092 quemjubeat
331 1022 369 1076 de
381 1021 431 1075 itis
444 1021 546 1075 tribus
558 1021 680 1089 stipere.

152 1123 203 1176 15.
216 1125 327 1176 lactum
339 1127 381 1176 est
393 1121 464 1177 sicut
473 1128 660 1190 praeceperat.
673 1122 776 1191 vigiliis
793 1123 938 1176 transactis
956 1129 984 1176 et
1000 1121 1146 1177 celebratis
1157 1122 1258 1187 missis,
1271 1120 1351 1174 exhi-

114 1223 198 1277 betur
217 1222 349 1289 puerulus
370 1222 427 1276 iere
448 1235 585 1276 annorum
606 1223 700 1289 trium,
721 1223 798 1276 rudis
817 1228 845 1275 et
867 1222 927 1275 sine
948 1222 1054 1275 litteris.
1078 1224 1109 1275 Dt
1127 1232 1189 1275 cum
1202 1221 1242 1275 iili
1254 1221 1352 1274 luisset

116 1321 271 1375 iudicatum
282 1326 314 1375 ut
325 1334 410 1376 unum
432 1335 466 1376 ex
485 1321 615 1375 indiculis
634 1321 671 1376 de
691 1322 788 1377 altario
805 1323 952 1389 acciperet,
975 1322 1080 1389 aceepit
1092 1322 1170 1375 iilum
1182 1322 1211 1374 in
1223 1334 1278 1389 quo
1291 1324 1351 1374 erat

58 1423 99 1476 io
117 1422 252 1489 scriptum
265 1420 488 1476 nomeniniani.
502 1424 608 1477 Etcum
626 1410 716 1488 ipsum
735 1423 898 1490 aperuisset,
915 1422 989 1474 misit
1001 1423 1029 1475 in
1043 1435 1107 1475 eum
1123 1421 1255 1475 Dominus
1267 1421 1351 1487 Spiri-

114 1525 177 1575 tum
189 1533 270 1574 suum
281 1526 406 1574 sanctum
417 1537 426 1587 ;
438 1526 467 1574 et
487 1521 719 1589 quemadmodum
741 1523 771 1575 in
791 1523 969 1577 subversione
985 1523 1137 1576 ierusalem
1151 1522 1230 1589 pusio
1242 1521 1350 1574 locutus

115 1624 169 1689 est,
181 1625 225 1674 ter
237 1620 399 1688 prophetare
418 1620 519 1688 coepit,
542 1620 658 1675 diceus:
679 1621 848 1689 Aniunum,
868 1621 1040 1689 Attianum,
1059 1621 1219 1675 Anianum
1239 1619 1352 1688 episco-

110 1731 203 1788 pum.
215 1720 293 1772 Tune
303 1719 422 1785 populus
434 1719 579 1787 omnisque
588 1720 689 1787 clerus,
700 1721 786 1775 nimio
797 1727 901 1774 terrore
912 1720 1040 1786 perculsi,
1054 1719 1179 1774 videntes
1191 1719 1351 1787 mysterium

117 1816 193 1884 quod
205 1829 254 1883 per
265 1817 408 1884 parvulum
422 1819 555 1872 Dominus
566 1819 762 1885 declaraverat,
781 1825 988 1887 prostraverunt
1000 1833 1030 1873 se
1041 1819 1077 1872 ad
1090 1817 1176 1886 pedes
1188 1818 1275 1872 sancti
1287 1816 1349 1882 viri,

61 1918 102 1970 {5
118 1915 244 1970 dimntes
258 1932 265 1969 :
277 1915 364 1970 diem
374 1917 505 1972 Domino
517 1921 547 1972 et
567 1917 624 1973 tibi
636 1919 796 1986 placitum
816 1923 870 1987 cst,
889 1919 935 1973 sie
952 1918 1012 1988 fiat
1028 1919 1176 1973 voluntas
1187 1915 1312 1972 Domini
1318 1915 1352 1968 in

117 2016 249 2070 saecula
260 2018 469 2072 saeculorum.
483 2020 514 2072 ut
526 2031 589 2072 cum
601 2032 700 2073 omnes
711 2019 919 2086 respondissent
930 2020 1036 2085 Amen,
1047 2019 1113 2073 dicit
1124 2019 1225 2072 iterum
1243 2021 1353 2070 sanctus

118 2116 248 2169 Evurtius
261 2131 269 2168 :
282 2116 485 2184 despiciatur
491 2117 685 2185 psalterium
701 2121 732 2173 et
749 2119 922 2187 ceanpeiia,
936 2131 1016 2186 quae
1028 2120 1104 2172 sunt
1115 2129 1210 2184 super
1221 2116 1349 2183 altario,

117 2214 322 2270 eteidcamns
333 2217 443 2271 utrum
454 2219 618 2273 concordet
633 2231 816 2287 responsum
837 2217 981 2272 diuinum
1007 2231 1078 2272 cum
1089 2217 1190 2271 nabis
1202 2215 1295 2282 Didus
1306 2215 1353 2268 in·

117 2311 230 2384 fantis.
243 2314 343 2380 Aperte
360 2315 452 2384 itaque
473 2318 611 2383 psalterio,
634 2324 760 2385 repertus
781 2324 822 2372 est
844 2317 920 2372 iocus
936 2317 984 2370 ubi
997 2322 1056 2371 erat
1069 2317 1201 2391 seriptum
1214 2332 1221 2368 ε
1234 2316 1352 2369 Beatus

57 2414 102 2470 2⁰
114 2423 212 2482 'eumn
228 2414 349 2483 elcpisti
373 2419 403 2470 et
422 2418 630 2487 assumpsisti,
653 2419 790 2486 Domine,
812 2416 965 2472 habitabit
984 2417 1021 2471 in
1042 2414 1256 2471 tabernaculis
1277 2413 1352 2468 tuis.

117 2511 308 2578 similimum,
320 2515 422 2580 apertis
434 2517 536 2569 sanctis
556 2517 712 2584 evangeliis,
736 2517 836 2571 lectum
856 2521 898 2570 est
916 2516 963 2569 ubi
976 2515 1064 2569 dicit:
1082 2516 1126 2569 Du
1141 2527 1174 2569 es
1185 2514 1309 2581 Petrus,
1322 2514 1353 2566 et

117 2623 216 2679 super
222 2609 435 2681 bancpetram
443 2615 615 2683 aedificabo
626 2618 791 2672 secusium
802 2628 912 2684 meam
920 2618 952 2669 et
957 2618 1071 2684 portae
1079 2612 1179 2683 inferi
1186 2625 1248 2669 nen
1255 2624 1355 2681 prae·

117 2710 270 2765 saniant
285 2711 436 2767 adeunte
456 2727 535 2769 eam.
551 2715 584 2768 Et
604 2716 656 2770 lvoe
677 2729 741 2770 cum
761 2716 884 2769 universi
905 2715 952 2782 qui
973 2713 1241 2778 aderantvidissent,
1254 2712 1353 2765 iterum

117 2816 204 2877 atque
214 2810 314 2864 iterum
326 2813 444 2868 clamare
456 2820 607 2882 coeperunt
621 2831 628 2867 ε
648 2816 739 2870 Nunc
755 2815 873 2870 scimus
885 2813 962 2882 quia
978 2813 1087 2868 eiectio
1099 2811 1175 2867 baec
1183 2814 1230 2866 est
1241 2824 1262 2865 a
1274 2811 1354 2877 Deo,·

55 2913 101 2967 25
117 2909 387 2978 etideoropamus
408 2916 444 2967 ut
465 2915 531 2982 ipse
551 2915 595 2970 sit
608 2914 757 2985 pontifex
776 2922 868 2983 quem
891 2913 1031 2968 Christus
1046 2911 1299 2981 praedestinavit
1316 2911 1346 2963 et

118 3022 212 3079 quem
225 3013 268 3078 tu,
281 3010 458 3069 beatissime
468 3019 573 3084 pater,
593 3017 726 3085 elepistt.
744 3015 848 3069 Deinde
865 3020 976 3068 sanctus
993 3014 1130 3079 Dvurtius,
1143 3024 1242 3080 magno
1253 3009 1353 3078 gaudio

119 3109 253 3177 repletus,
265 3111 422 3167 valedicens
442 3116 549 3169 eunctis
571 3121 600 3170 et
615 3116 813 3171 commendans
831 3115 910 3168 beato
928 3114 1035 3168 Aniano
1052 3113 1157 3166 clerum
1170 3115 1198 3164 et
1210 3110 1353 3178 populum,

119 3210 291 3278 conngnavit
302 3213 326 3266 ei
340 3215 486 3268 ecelesiam
496 3221 524 3269 et
536 3217 665 3270 instruxit
676 3230 739 3270 eum
758 3216 875 3283 qualiter
896 3215 983 3282 ipsam
1001 3213 1145 3266 ecelesiam
1157 3212 1314 3279 gubernare
1326 3213 1355 3262 et

120 3320 218 3376 regere
229 3310 350 3365 deberet.
363 3314 559 3382 completaque
571 3316 704 3379 oratione,
719 3315 748 3366 in
761 3314 889 3368 cellulam
902 3326 979 3366 suam
992 3312 1087 3365 hilaris
1098 3309 1261 3379 ingreditur.

57 3409 101 3463 ³0
158 3407 209 3460 ts.
223 3407 326 3462 Deinde
338 3411 428 3478 coepit
448 3414 587 3482 aggravari
607 3414 746 3481 febribus3
766 3427 850 3480 quem
867 3412 961 3465 divina
974 3411 1095 3478 potentia
1108 3411 1137 3462 in
1150 3408 1195 3463 die
1207 3421 1262 3476 qua
1275 3420 1352 3474 prae·

121 3505 227 3560 dixerat
240 3504 269 3559 in
282 3507 480 3564 beatitudinem
492 3525 568 3565 suam
583 3514 693 3579 recepit.
707 3512 780 3566 Obiit
796 3523 861 3578 ergo
870 3511 966 3564 beatus
976 3509 1105 3562 Evurtius
1116 3507 1167 3561 sub
1184 3507 1229 3560 die
1240 3506 1356 3572 septimo

121 3602 185 3656 idus
196 3607 369 3676 septembris,
383 3615 410 3661 et
422 3609 546 3676 sepultus
558 3610 586 3663 in
603 3613 751 3677 conspectu
770 3609 886 3663 civitatis
903 3608 937 3660 ad
955 3608 1098 3660 orientem.
1118 3604 1247 3671 sepelivit
1264 3608 1356 3656 autem

121 3712 188 3754 eum
200 3702 240 3755 sir
252 3705 451 3760 Praefectorius
464 3707 494 3759 in
507 3708 554 3760 Dei
576 3721 669 3762 amore
689 3720 856 3774 permanens
874 3706 976 3758 ibidem
995 3705 1068 3758 inter
1087 3709 1197 3757 sanctos
1213 3702 1357 3756 etelectus

120 3801 278 3868 pontifices.
291 3805 331 3859 id
344 3809 422 3874 cujus
434 3808 592 3875 sepulcrum
605 3807 673 3862 tides
687 3808 837 3876 petentium
848 3807 934 3859 multa
946 3818 1029 3872 saepe
1040 3805 1145 3858 obtinet
1157 3801 1291 3857 beneficia
1304 3800 1356 3853 vir·

55 3903 101 3959 ³5
118 3904 221 3969 tutum,
243 3911 400 3971 praestante
422 3909 537 3962 Domino
558 3913 652 3962 nostro
672 3910 737 3961 iesu
758 3908 875 3973 Christo,
897 3906 944 3972 qui
965 3906 1030 3959 vivit
1049 3908 1076 3957 et
1093 3903 1228 3972 regnatin
1241 3898 1353 3954 caelesti

117 4005 285 4076 gloriatum
299 4008 375 4060 Patre
388 4011 415 4060 et
426 4008 529 4073 Spiritu
541 4008 672 4074 paraclito
685 4008 713 4060 in
726 4007 834 4061 saecula
845 4005 1030 4060 saeculorum.
1043 4004 1139 4057 lmen.
