3316 5482
313 381 408 431 amn.
427 380 510 431 nar.
529 380 647 431 44444.
666 400 710 412 -
727 380 829 431 cono.
849 378 926 441 4444,
944 378 1009 430 soal
1025 381 1061 430 4.
1244 361 1310 428 527

277 602 461 694 GDXXV.
485 603 610 692 (lodex
630 603 822 716 signatus
843 627 958 690 num·
983 602 1107 691 5643.

111 818 184 872 Olim
193 819 304 873 Antonii
314 823 400 873 Faure
413 821 471 885 lat,
483 818 584 872 deinde
596 817 697 885 Regius
710 819 828 870 (1.4444.
841 818 867 869 2.

116 918 256 972 Foliorum
267 920 310 983 tlt,
323 918 391 970 min.
405 916 626 983 (0430)(0475),
640 916 721 969 lineis
734 915 832 982 plenis,
845 918 974 967 exaratus
983 925 1057 965 saec.
1070 913 1102 964 ll.

113 1015 195 1071 lnitio
208 1017 306 1084 legitur
317 1016 375 1082 (iol.
390 1017 461 1080 44444)
472 1015 611 1083 Epistola
623 1014 797 1069 beatissimi
808 1012 962 1078 martyris
973 1009 1113 1066 Macrobi
1131 1010 1175 1065 ed
1191 1007 1313 1076 plebem

76 1115 284 1184 Oartbepittis
294 1115 486 1183 nepaesinae
497 1118 676 1182 martyrum
687 1113 908 1180 (Donatistarum)
917 1112 1010 1165 Isaac
1018 1112 1049 1164 et
1058 1108 1309 1176 Maeimieni,ed.

75 1218 108 1270 P.
122 1218 164 1282 ln,
177 1219 243 1270 tom.
255 1216 323 1282 llll,
337 1229 364 1281 p.
378 1216 427 1268 444
439 1214 499 1283 sqh.
513 1218 544 1270 ln
555 1215 617 1270 cod.
631 1214 771 1283 acephala,
785 1213 858 1268 loliis
871 1213 900 1264 in
912 1211 1000 1278 capite
1012 1209 1114 1264 codicis
1126 1209 1237 1264 evulsis.

181 1315 219 1390 l⁰
235 1313 321 1392 Vita
338 1314 441 1393 beati
460 1314 608 1412 Fronti,
628 1313 739 1416 quod
756 1317 814 1391 est
837 1309 1016 1389 kalendis
1033 1308 1208 1390 octobris
1224 1307 1304 1408 (fol.

111 1437 909 1639 mssssmmmfflmm

178 1669 218 1746 40
247 1668 380 1748 Passio
411 1668 535 1746 sancti
565 1668 738 1770 Philippi
769 1669 944 1770 episcopi
962 1669 1003 1744 in
1021 1665 1275 1767 adrianopoli
1294 1674 1309 1704 *
1328 1658 1495 1792 alffius.

228 1791 428 1890 Thraciae,
461 1792 571 1895 quod
601 1800 659 1872 est
692 1817 731 1869 x1
761 1792 948 1871 kalendas
978 1790 1203 1871 novembris
1228 1790 1306 1892 (iol.

228 1923 392 2025 trs-35¹).

110 2058 163 2113 lto.
174 2059 240 2113 Aet.
251 2058 311 2125 Sd„
323 2057 359 2112 ad
370 2058 399 2111 d.
412 2058 446 2111 44
457 2058 526 2124 Oct,
539 2062 605 2111 tom.
618 2058 661 2122 lli,
675 2070 704 2122 p.
716 2056 823 2110 tlh-tta.

177 2154 217 2232 3ο
234 2155 367 2234 Passio
385 2154 489 2233 beati
508 2151 690 2255 martyris
703 2153 877 2251 Marculi,
895 2177 938 2230 111
953 2153 1140 2232 kalendas
1155 2153 1310 2231 decem-

232 2287 317 2366 bris
335 2286 416 2389 (fol.
438 2285 606 2386 ibi-llil.
673 2396 674 2399 Ν
711 2317 714 2324 ·

111 2419 162 2473 ild.
175 2433 219 2487 ap.
232 2420 370 2486 llabillon,
379 2420 439 2473 Vet.
452 2417 555 2484 anet,
565 2432 592 2484 p.
607 2419 709 2470 48444.

178 2520 219 2598 4⁰
232 2518 363 2598 Passio
382 2525 537 2596 sanctae
554 2513 709 2613 Mariae,
742 2523 919 2616 quaeest
950 2515 1062 2619 id[us]
1088 2516 1311 2596 decembris

229 2641 309 2737 (fol.
330 2641 497 2740 ilar-till).

112 2773 163 2828 lid.
175 2776 242 2829 Aet.
251 2775 310 2841 Sti,
322 2773 357 2828 ad
369 2773 397 2827 d.
412 2778 424 2827 4
436 2777 515 2841 Non,
525 2778 591 2828 tom.
605 2776 626 2840 l,
639 2788 666 2840 p.
679 2776 764 2828 44444.
778 2775 870 2828 llutila
882 2773 983 2827 desinit
996 2774 1024 2828 in
1037 2774 1128 2827 verbis
1145 2772 1254 2827 statim
1266 2771 1310 2826 ad

68 2874 231 2930 oriemern
241 2871 351 2942 sulpur
361 2872 456 2927 nimii
469 2873 646 2941 splendoris
658 2875 789 2927 emortus
800 2875 847 2927 est
857 2874 944 2940 (num.
958 2873 989 2926 lll
1002 2887 1028 2944 p.
1043 2875 1100 2938 m).

253 3297 436 3388 GDXXV.
479 3297 604 3386 (lodex
624 3298 814 3410 signatus
834 3322 948 3387 num.
974 3297 1085 3386 5654
1097 3298 1145 3388 Α.

113 3511 184 3563 olim
196 3510 354 3577 Thuaneus,
367 3509 469 3563 deinde
480 3509 653 3564 colbertinus
664 3510 739 3578 3806,
754 3516 847 3578 postea
860 3511 961 3580 Regius
973 3512 1001 3564 G.
1014 3511 1092 3564 44444.
1103 3512 1130 3565 5.
1142 3509 1170 3564 li.

112 3608 249 3663 Foliorum
261 3609 374 3663 omnino
387 3610 445 3675 404,
453 3614 561 3675 praeter
569 3611 620 3664 4444
633 3609 750 3663 insiticia
762 3611 791 3664 in
804 3609 869 3677 tine,
878 3624 912 3664 ex
920 3609 1037 3663 diversis
1045 3606 1186 3664 codicibus
1198 3613 1225 3662 44
1237 3607 1312 3663 codi-

72 3721 144 3763 cum
155 3708 262 3762 laciniis
274 3712 441 3775 compactus,
454 3708 516 3762 aliis
529 3707 713 3764 membraneis
725 3709 786 3776 (rol.
801 3709 881 3777 4444),
894 3709 956 3763 aliis
967 3709 1118 3764 chartaceis
1127 3709 1185 3775 (iol.
1198 3710 1311 3775 eorm),

73 3807 163 3862 lineis
175 3807 275 3874 plenis,
288 3807 406 3861 exaratis
418 3820 490 3861 saec.
505 3809 556 3862 llll.

115 3908 185 3959 llaec
196 3906 254 3960 sola
266 3906 295 3958 in
307 3918 341 3959 eo
353 3907 447 3960 codice
459 3907 636 3961 continentur
648 3909 812 3963 documenta
824 3908 998 3975 aliquatenus
1008 3907 1217 3976 hagiographiea
1231 3923 1238 3961 ε

183 4004 218 4078 4ο
235 4002 463 4203 plilraculum
481 4004 531 4083 de
548 4012 681 4085 sancto
699 4006 879 4085 Mauritio
896 4014 935 4084 44
961 4005 1097 4083 Udone
1127 4005 1312 4108 episcopo

231 4128 280 4227 (o
301 4187 309 4203 .
328 4127 496 4229 lli-75¹).

115 4259 253 4326 apparitio
266 4261 293 4313 S.
306 4261 422 4313 llaurltii
434 4262 542 4316 cuidam
553 4264 657 4332 juveni,
671 4265 757 4318 odoni
772 4261 895 4329 nomine,
909 4262 953 4316 eui
973 4265 1000 4314 et
1019 4264 1176 4328 promptum
1196 4260 1231 4313 ad
1243 4261 1312 4315 litte

79 4372 175 4414 rarum
187 4359 278 4413 studia
289 4360 441 4427 ingenium,
454 4375 508 4428 quo
521 4376 634 4429 prorsus
646 4366 766 4430 carebat,
779 4364 865 4417 donat
877 4368 904 4415 44
916 4361 1183 4427 archiepiscopatum
1203 4361 1309 4428 4444444-

79 4460 248 4525 burgensem
259 4456 412 4524 pollicetur.
425 4457 481 4511 tldo
498 4473 572 4526 vero,
586 4463 806 4530 archiepiscopus
828 4461 924 4526 laetus,
937 4459 1010 4512 vitiis
1026 4465 1053 4512 et
1074 4458 1233 4524 praesertim
1254 4458 1313 4513 llbi·

81 4560 142 4614 dini
155 4559 295 4629 indulgen
308 4574 341 4615 ac
352 4562 472 4630 tandem,
485 4562 585 4614 trustra
598 4567 639 4614 ter
650 4560 781 4615 divinitus
793 4562 925 4629 monitus,
939 4562 968 4615 in
981 4568 1060 4616 coetu
1072 4562 1193 4630 quodam
1206 4569 1313 4618 sancto·

82 4673 145 4713 rum
158 4659 186 4713 ln
199 4661 314 4714 ecelesia
327 4661 474 4715 cathedrali
487 4660 720 4728 magdeburgensi,
734 4662 777 4714 eui
790 4662 943 4715 intererant
954 4664 1014 4729 ipse
1025 4662 1147 4716 salvator
1166 4669 1194 4717 et
1212 4664 1314 4718 beatis·
