<?xml version="1.0" encoding="UTF-8"?>
<!DOCTYPE html PUBLIC "-//W3C//DTD XHTML 1.0 Transitional//EN"
    "http://www.w3.org/TR/xhtml1/DTD/xhtml1-transitional.dtd">
<html xmlns="http://www.w3.org/1999/xhtml" xml:lang="en" lang="en">
 <head>
  <title>
</title>
<meta http-equiv="Content-Type" content="text/html;charset=utf-8" />
  <meta name='ocr-system' content='tesseract 3.04.00' />
  <meta name='ocr-capabilities' content='ocr_page ocr_carea ocr_par ocr_line ocrx_word'/>
</head>
<body>
  <div class='ocr_page' id='page_1' title='image "./cataloguscodicu02manugoog_0441.png"; bbox 0 0 3316 5482; ppageno 0'>
   <div class='ocr_carea' id='block_1_1' title="bbox 209 336 1094 403">
    <p class='ocr_par' dir='ltr' id='par_1_1' title="bbox 209 336 1094 403">
     <span class='ocr_line' id='line_1_1' title="bbox 209 336 1094 403; baseline -0.009 0"><span class='ocrx_word' id='word_1_1' title='bbox 209 336 275 403; x_wconf 87' lang='grc'><strong>416</strong></span> <span class='ocrx_word' id='word_1_2' title='bbox 526 358 528 365; x_wconf 93' lang='grc'><strong><em>·</em></strong></span> <span class='ocrx_word' id='word_1_3' title='bbox 552 348 679 401; x_wconf 69' lang='lat' dir='ltr'><strong>carm.</strong></span> <span class='ocrx_word' id='word_1_4' title='bbox 699 344 1094 399; x_wconf 58' lang='lat' dir='ltr'><strong>cenomannorum.</strong></span> 
     </span>
    </p>
   </div>
   <div class='ocr_carea' id='block_1_2' title="bbox 203 515 1475 4261">
    <p class='ocr_par' dir='ltr' id='par_1_2' title="bbox 208 515 1475 787">
     <span class='ocr_line' id='line_1_2' title="bbox 208 515 1418 590; baseline -0.005 -13"><span class='ocrx_word' id='word_1_5' title='bbox 208 537 265 578; x_wconf 91' lang='lat' dir='ltr'><strong>non</strong></span> <span class='ocrx_word' id='word_1_6' title='bbox 277 535 337 576; x_wconf 87' lang='lat' dir='ltr'><strong>esse</strong></span> <span class='ocrx_word' id='word_1_7' title='bbox 349 521 470 590; x_wconf 81' lang='lat' dir='ltr'><strong>aliquem</strong></span> <span class='ocrx_word' id='word_1_8' title='bbox 482 534 514 575; x_wconf 89' lang='lat' dir='ltr'><strong>ex</strong></span> <span class='ocrx_word' id='word_1_9' title='bbox 527 520 584 573; x_wconf 90' lang='lat' dir='ltr'><strong>suis</strong></span> <span class='ocrx_word' id='word_1_10' title='bbox 597 520 689 588; x_wconf 90' lang='lat' dir='ltr'><strong>sociis,</strong></span> <span class='ocrx_word' id='word_1_11' title='bbox 705 520 743 573; x_wconf 91' lang='lat' dir='ltr'><strong>sic</strong></span> <span class='ocrx_word' id='word_1_12' title='bbox 755 533 819 574; x_wconf 90' lang='lat' dir='ltr'><strong>eum</strong></span> <span class='ocrx_word' id='word_1_13' title='bbox 832 520 908 585; x_wconf 90' lang='lat' dir='ltr'><strong>prior</strong></span> <span class='ocrx_word' id='word_1_14' title='bbox 920 515 1017 571; x_wconf 79' lang='lat' dir='ltr'><strong>affatur</strong></span> <span class='ocrx_word' id='word_1_15' title='bbox 1029 536 1036 566; x_wconf 72' lang='grc' dir='ltr'><strong>ε</strong></span> <span class='ocrx_word' id='word_1_16' title='bbox 1050 516 1144 583; x_wconf 72' lang='lat' dir='ltr'><strong>Hm,</strong></span> <span class='ocrx_word' id='word_1_17' title='bbox 1156 515 1299 584; x_wconf 82' lang='lat' dir='ltr'><strong>inquiens,</strong></span> <span class='ocrx_word' id='word_1_18' title='bbox 1309 515 1418 579; x_wconf 68' lang='lat' dir='ltr'><strong>mitt.</strong></span> 
     </span>
     <span class='ocr_line' id='line_1_3' title="bbox 208 614 1475 690; baseline -0.006 -14"><span class='ocrx_word' id='word_1_19' title='bbox 208 625 243 676; x_wconf 82' lang='lat' dir='ltr'><strong>tu</strong></span> <span class='ocrx_word' id='word_1_20' title='bbox 259 621 327 690; x_wconf 76' lang='lat' dir='ltr'><strong>puis</strong></span> <span class='ocrx_word' id='word_1_21' title='bbox 339 634 380 689; x_wconf 82' lang='lat' dir='ltr'><strong>ee,</strong></span> <span class='ocrx_word' id='word_1_22' title='bbox 392 623 424 675; x_wconf 85' lang='lat' dir='ltr'><strong>et</strong></span> <span class='ocrx_word' id='word_1_23' title='bbox 438 620 522 673; x_wconf 79' lang='lat' dir='ltr'><strong>uode</strong></span> <span class='ocrx_word' id='word_1_24' title='bbox 541 619 601 673; x_wconf 83' lang='lat' dir='ltr'><strong>buc</strong></span> <span class='ocrx_word' id='word_1_25' title='bbox 615 617 727 672; x_wconf 60' lang='lat' dir='ltr'><strong>venuti</strong></span> <span class='ocrx_word' id='word_1_26' title='bbox 736 619 749 672; x_wconf 82' lang='lat' dir='ltr'><strong>l</strong></span> <span class='ocrx_word' id='word_1_27' title='bbox 760 619 799 671; x_wconf 79' lang='lat' dir='ltr'><strong>ld</strong></span> <span class='ocrx_word' id='word_1_28' title='bbox 821 618 889 671; x_wconf 86' lang='lat' dir='ltr'><strong>haec</strong></span> <span class='ocrx_word' id='word_1_29' title='bbox 909 615 1052 684; x_wconf 91' lang='lat' dir='ltr'><strong>paululum</strong></span> <span class='ocrx_word' id='word_1_30' title='bbox 1072 615 1119 669; x_wconf 93' lang='lat' dir='ltr'><strong>ille</strong></span> <span class='ocrx_word' id='word_1_31' title='bbox 1138 614 1283 669; x_wconf 78' lang='lat' dir='ltr'><strong>conticuit</strong></span> <span class='ocrx_word' id='word_1_32' title='bbox 1295 615 1420 669; x_wconf 77' lang='lat' dir='ltr'><strong>nauclerus</strong></span> <span class='ocrx_word' id='word_1_33' title='bbox 1473 634 1475 641; x_wconf 95' lang='lat'>·</span> 
     </span>
     <span class='ocr_line' id='line_1_4' title="bbox 208 713 1422 787; baseline -0.005 -11"><span class='ocrx_word' id='word_1_34' title='bbox 208 734 274 776; x_wconf 83' lang='lat' dir='ltr'><strong>vero</strong></span> <span class='ocrx_word' id='word_1_35' title='bbox 292 721 391 775; x_wconf 84' lang='lat' dir='ltr'><strong>iterum</strong></span> <span class='ocrx_word' id='word_1_36' title='bbox 408 733 472 774; x_wconf 93' lang='lat' dir='ltr'><strong>eum</strong></span> <span class='ocrx_word' id='word_1_37' title='bbox 490 719 669 787; x_wconf 80' lang='lat' dir='ltr'><strong>interrogavit</strong></span> <span class='ocrx_word' id='word_1_38' title='bbox 681 719 795 773; x_wconf 87' lang='lat' dir='ltr'><strong>verbum</strong></span> <span class='ocrx_word' id='word_1_39' title='bbox 808 717 935 784; x_wconf 89' lang='lat' dir='ltr'><strong>superius</strong></span> <span class='ocrx_word' id='word_1_40' title='bbox 946 721 1139 778; x_wconf 86' lang='lat' dir='ltr'><strong>memoratum,</strong></span> <span class='ocrx_word' id='word_1_41' title='bbox 1152 715 1260 769; x_wconf 86' lang='lat' dir='ltr'><strong>scilieet</strong></span> <span class='ocrx_word' id='word_1_42' title='bbox 1272 716 1336 783; x_wconf 81' lang='lat' dir='ltr'><strong>quia</strong></span> <span class='ocrx_word' id='word_1_43' title='bbox 1346 713 1422 784; x_wconf 73' lang='lat' dir='ltr'><strong>[cesti</strong></span> 
     </span>
    </p>

    <p class='ocr_par' dir='ltr' id='par_1_3' title="bbox 203 812 1466 2460">
     <span class='ocr_line' id='line_1_5' title="bbox 209 812 1424 884; baseline -0.005 -9"><span class='ocrx_word' id='word_1_44' title='bbox 209 825 237 876; x_wconf 87' lang='lat' dir='ltr'><strong>et</strong></span> <span class='ocrx_word' id='word_1_45' title='bbox 255 821 330 875; x_wconf 89' lang='lat' dir='ltr'><strong>unde</strong></span> <span class='ocrx_word' id='word_1_46' title='bbox 345 819 474 875; x_wconf 83' lang='lat' dir='ltr'><strong>venisset.</strong></span> <span class='ocrx_word' id='word_1_47' title='bbox 487 821 563 872; x_wconf 89' lang='lat' dir='ltr'><strong>&#39;lune</strong></span> <span class='ocrx_word' id='word_1_48' title='bbox 585 823 612 872; x_wconf 89' lang='lat' dir='ltr'><strong>ct</strong></span> <span class='ocrx_word' id='word_1_49' title='bbox 626 818 802 872; x_wconf 78' lang='lat' dir='ltr'><strong>beatissimus</strong></span> <span class='ocrx_word' id='word_1_50' title='bbox 820 816 1004 884; x_wconf 89' lang='lat' dir='ltr'><strong>respondens,</strong></span> <span class='ocrx_word' id='word_1_51' title='bbox 1016 815 1089 870; x_wconf 91' lang='lat' dir='ltr'><strong>dulci</strong></span> <span class='ocrx_word' id='word_1_52' title='bbox 1110 812 1193 869; x_wconf 83' lang='lat' dir='ltr'><strong>allam</strong></span> <span class='ocrx_word' id='word_1_53' title='bbox 1213 815 1284 869; x_wconf 82' lang='lat' dir='ltr'>dixit</span> <span class='ocrx_word' id='word_1_54' title='bbox 1302 816 1329 870; x_wconf 86' lang='lat' dir='ltr'><strong>ei</strong></span> <span class='ocrx_word' id='word_1_55' title='bbox 1348 831 1356 869; x_wconf 74' lang='grc' dir='ltr'><strong>ε</strong></span> <span class='ocrx_word' id='word_1_56' title='bbox 1374 815 1424 882; x_wconf 75' lang='lat' dir='ltr'><strong>Boo</strong></span> 
     </span>
     <span class='ocr_line' id='line_1_6' title="bbox 209 912 1448 987; baseline -0.008 -12"><span class='ocrx_word' id='word_1_57' title='bbox 209 933 281 975; x_wconf 81' lang='lat' dir='ltr'><strong>sum</strong></span> <span class='ocrx_word' id='word_1_58' title='bbox 302 920 359 974; x_wconf 78' lang='lat' dir='ltr'><strong>ille</strong></span> <span class='ocrx_word' id='word_1_59' title='bbox 370 919 425 987; x_wconf 74' lang='lat' dir='ltr'><strong>qni</strong></span> <span class='ocrx_word' id='word_1_60' title='bbox 443 930 534 974; x_wconf 84' lang='lat' dir='ltr'><strong>vocor</strong></span> <span class='ocrx_word' id='word_1_61' title='bbox 554 916 736 986; x_wconf 80' lang='lat' dir='ltr'><strong>Nicbolous,</strong></span> <span class='ocrx_word' id='word_1_62' title='bbox 749 916 806 972; x_wconf 77' lang='lat' dir='ltr'><strong>cui</strong></span> <span class='ocrx_word' id='word_1_63' title='bbox 822 916 1008 971; x_wconf 67' lang='lat' dir='ltr'><strong><em>commisisti</em></strong></span> <span class='ocrx_word' id='word_1_64' title='bbox 1027 917 1058 969; x_wconf 87' lang='lat' dir='ltr'><strong>et</strong></span> <span class='ocrx_word' id='word_1_65' title='bbox 1079 912 1448 970; x_wconf 60' lang='lat' dir='ltr'><strong>coenomanensis</strong></span> 
     </span>
     <span class='ocr_line' id='line_1_7' title="bbox 210 1013 1426 1085; baseline -0.005 -11"><span class='ocrx_word' id='word_1_66' title='bbox 210 1021 314 1074; x_wconf 73' lang='lat' dir='ltr'><strong>cutm</strong></span> <span class='ocrx_word' id='word_1_67' title='bbox 325 1030 347 1072; x_wconf 85' lang='grc' dir='ltr'><em>α</em></span> <span class='ocrx_word' id='word_1_68' title='bbox 369 1017 517 1085; x_wconf 73' lang='lat' dir='ltr'><strong>supernis</strong></span> <span class='ocrx_word' id='word_1_69' title='bbox 536 1019 573 1070; x_wconf 84' lang='lat' dir='ltr'><strong>ut</strong></span> <span class='ocrx_word' id='word_1_70' title='bbox 595 1019 624 1070; x_wconf 87' lang='lat' dir='ltr'><strong>tc</strong></span> <span class='ocrx_word' id='word_1_71' title='bbox 643 1017 789 1084; x_wconf 59' lang='lat' dir='ltr'><strong>oddonem</strong></span> <span class='ocrx_word' id='word_1_72' title='bbox 808 1018 839 1070; x_wconf 88' lang='lat' dir='ltr'><strong>et</strong></span> <span class='ocrx_word' id='word_1_73' title='bbox 853 1018 1017 1083; x_wconf 79' lang='lat' dir='ltr'><strong>protepcm</strong></span> <span class='ocrx_word' id='word_1_74' title='bbox 1035 1013 1073 1068; x_wconf 82' lang='lat' dir='ltr'><strong>ab</strong></span> <span class='ocrx_word' id='word_1_75' title='bbox 1093 1014 1181 1069; x_wconf 83' lang='lat' dir='ltr'><strong>omni</strong></span> <span class='ocrx_word' id='word_1_76' title='bbox 1196 1013 1426 1070; x_wconf 61' lang='lat' dir='ltr'><strong>discrimine&amp;</strong></span> 
     </span>
     <span class='ocr_line' id='line_1_8' title="bbox 210 1112 1428 1185; baseline -0.003 -14"><span class='ocrx_word' id='word_1_77' title='bbox 210 1117 287 1185; x_wconf 80' lang='lat' dir='ltr'><strong>ideo,</strong></span> <span class='ocrx_word' id='word_1_78' title='bbox 301 1115 511 1185; x_wconf 59' lang='lat' dir='ltr'><strong>fontenetensi</strong></span> <span class='ocrx_word' id='word_1_79' title='bbox 529 1114 654 1183; x_wconf 75' lang='lat' dir='ltr'><strong>dimisti,</strong></span> <span class='ocrx_word' id='word_1_80' title='bbox 667 1115 715 1169; x_wconf 84' lang='lat' dir='ltr'><strong>ita</strong></span> <span class='ocrx_word' id='word_1_81' title='bbox 734 1113 798 1183; x_wconf 81' lang='lat' dir='ltr'><strong>foc.</strong></span> <span class='ocrx_word' id='word_1_82' title='bbox 812 1114 886 1170; x_wconf 84' lang='lat' dir='ltr'><strong>Esto</strong></span> <span class='ocrx_word' id='word_1_83' title='bbox 902 1126 1031 1168; x_wconf 81' lang='lat' dir='ltr'><strong>securus</strong></span> <span class='ocrx_word' id='word_1_84' title='bbox 1042 1115 1072 1167; x_wconf 85' lang='lat' dir='ltr'><strong>et</strong></span> <span class='ocrx_word' id='word_1_85' title='bbox 1088 1113 1375 1183; x_wconf 65' lang='lat' dir='ltr'><strong>perimerem</strong></span> <span class='ocrx_word' id='word_1_86' title='bbox 1384 1112 1428 1167; x_wconf 88' lang='lat' dir='ltr'><strong>od·</strong></span> 
     </span>
     <span class='ocr_line' id='line_1_9' title="bbox 208 1212 1429 1281; baseline -0.003 -10"><span class='ocrx_word' id='word_1_87' title='bbox 208 1217 293 1281; x_wconf 74' lang='lat' dir='ltr'><strong>tutor</strong></span> <span class='ocrx_word' id='word_1_88' title='bbox 304 1220 378 1271; x_wconf 81' lang='lat' dir='ltr'><strong>tuos</strong></span> <span class='ocrx_word' id='word_1_89' title='bbox 394 1230 475 1270; x_wconf 85' lang='lat' dir='ltr'><strong>sum.</strong></span> <span class='ocrx_word' id='word_1_90' title='bbox 488 1216 572 1270; x_wconf 85' lang='lat' dir='ltr'><strong>Nom</strong></span> <span class='ocrx_word' id='word_1_91' title='bbox 582 1227 631 1269; x_wconf 85' lang='lat' dir='ltr'><strong>me</strong></span> <span class='ocrx_word' id='word_1_92' title='bbox 642 1215 867 1270; x_wconf 67' lang='lat' dir='ltr'><strong>incovenienter</strong></span> <span class='ocrx_word' id='word_1_93' title='bbox 877 1216 909 1268; x_wconf 90' lang='lat' dir='ltr'><strong>et</strong></span> <span class='ocrx_word' id='word_1_94' title='bbox 918 1215 979 1268; x_wconf 87' lang='lat' dir='ltr'><strong>Deo</strong></span> <span class='ocrx_word' id='word_1_95' title='bbox 990 1213 1174 1268; x_wconf 81' lang='lat' dir='ltr'><strong>concedente</strong></span> <span class='ocrx_word' id='word_1_96' title='bbox 1184 1213 1269 1268; x_wconf 77' lang='lat' dir='ltr'><strong>acius</strong></span> <span class='ocrx_word' id='word_1_97' title='bbox 1282 1216 1311 1269; x_wconf 86' lang='lat' dir='ltr'><strong>tc</strong></span> <span class='ocrx_word' id='word_1_98' title='bbox 1322 1212 1429 1281; x_wconf 82' lang='lat' dir='ltr'><strong>adpor-</strong></span> 
     </span>
     <span class='ocr_line' id='line_1_10' title="bbox 209 1310 1430 1382; baseline -0.002 -14"><span class='ocrx_word' id='word_1_99' title='bbox 209 1317 276 1368; x_wconf 76' lang='lat' dir='ltr'><strong>tum</strong></span> <span class='ocrx_word' id='word_1_100' title='bbox 288 1316 516 1382; x_wconf 68' lang='lat' dir='ltr'><strong>peruenturum</strong></span> <span class='ocrx_word' id='word_1_101' title='bbox 532 1313 601 1367; x_wconf 80' lang='lat' dir='ltr'><strong>sine</strong></span> <span class='ocrx_word' id='word_1_102' title='bbox 620 1312 729 1380; x_wconf 75' lang='lat' dir='ltr'><strong>otique</strong></span> <span class='ocrx_word' id='word_1_103' title='bbox 740 1313 855 1366; x_wconf 82' lang='lat' dir='ltr'><strong>domno</strong></span> <span class='ocrx_word' id='word_1_104' title='bbox 867 1313 914 1366; x_wconf 88' lang='lat' dir='ltr'><strong>oet</strong></span> <span class='ocrx_word' id='word_1_105' title='bbox 922 1312 1077 1379; x_wconf 80' lang='lat' dir='ltr'><strong>periculo.</strong></span> <span class='ocrx_word' id='word_1_106' title='bbox 1090 1312 1147 1365; x_wconf 84' lang='lat' dir='ltr'><strong>Sed</strong></span> <span class='ocrx_word' id='word_1_107' title='bbox 1159 1311 1231 1365; x_wconf 80' lang='lat' dir='ltr'><strong>vide</strong></span> <span class='ocrx_word' id='word_1_108' title='bbox 1250 1313 1296 1380; x_wconf 81' lang='lat' dir='ltr'><strong>ut,</strong></span> <span class='ocrx_word' id='word_1_109' title='bbox 1308 1311 1383 1365; x_wconf 78' lang='lat' dir='ltr'><strong>dum</strong></span> <span class='ocrx_word' id='word_1_110' title='bbox 1394 1310 1430 1365; x_wconf 88' lang='lat' dir='ltr'><strong>od</strong></span> 
     </span>
     <span class='ocr_line' id='line_1_11' title="bbox 203 1407 1463 1483; baseline -0.005 -16"><span class='ocrx_word' id='word_1_111' title='bbox 203 1416 334 1483; x_wconf 79' lang='lat' dir='ltr'><strong>portum</strong></span> <span class='ocrx_word' id='word_1_112' title='bbox 341 1413 532 1482; x_wconf 66' lang='lat' dir='ltr'><strong>perveneras,</strong></span> <span class='ocrx_word' id='word_1_113' title='bbox 546 1413 606 1467; x_wconf 89' lang='lat' dir='ltr'><strong>Deo</strong></span> <span class='ocrx_word' id='word_1_114' title='bbox 618 1412 757 1467; x_wconf 82' lang='lat' dir='ltr'><strong>omnium</strong></span> <span class='ocrx_word' id='word_1_115' title='bbox 769 1411 907 1467; x_wconf 78' lang='lat' dir='ltr'><strong><em>creatori</em></strong></span> <span class='ocrx_word' id='word_1_116' title='bbox 917 1414 949 1465; x_wconf 88' lang='lat' dir='ltr'><strong>et</strong></span> <span class='ocrx_word' id='word_1_117' title='bbox 966 1414 1018 1465; x_wconf 83' lang='lat' dir='ltr'><strong>tuo</strong></span> <span class='ocrx_word' id='word_1_118' title='bbox 1042 1410 1205 1465; x_wconf 76' lang='lat' dir='ltr'><strong>liberatori</strong></span> <span class='ocrx_word' id='word_1_119' title='bbox 1221 1413 1318 1479; x_wconf 76' lang='lat' dir='ltr'><strong>atque</strong></span> <span class='ocrx_word' id='word_1_120' title='bbox 1333 1407 1463 1465; x_wconf 79' lang='lat' dir='ltr'><strong>Nicboll</strong></span> 
     </span>
     <span class='ocr_line' id='line_1_12' title="bbox 210 1509 1431 1580; baseline -0.003 -12"><span class='ocrx_word' id='word_1_121' title='bbox 210 1514 261 1568; x_wconf 85' lang='lat' dir='ltr'><strong>loo</strong></span> <span class='ocrx_word' id='word_1_122' title='bbox 272 1515 325 1567; x_wconf 82' lang='lat' dir='ltr'><strong>tuo</strong></span> <span class='ocrx_word' id='word_1_123' title='bbox 337 1511 541 1566; x_wconf 63' lang='lat' dir='ltr'><strong>interventori</strong></span> <span class='ocrx_word' id='word_1_124' title='bbox 546 1523 608 1578; x_wconf 83' lang='lat' dir='ltr'><strong>pro</strong></span> <span class='ocrx_word' id='word_1_125' title='bbox 617 1512 674 1565; x_wconf 81' lang='lat' dir='ltr'><strong>tua</strong></span> <span class='ocrx_word' id='word_1_126' title='bbox 687 1514 872 1579; x_wconf 73' lang='lat' dir='ltr'><strong>tuorumque</strong></span> <span class='ocrx_word' id='word_1_127' title='bbox 880 1512 1038 1580; x_wconf 75' lang='lat' dir='ltr'><em>ereptione</em></span> <span class='ocrx_word' id='word_1_128' title='bbox 1045 1524 1143 1565; x_wconf 79' lang='lat' dir='ltr'><strong>unam</strong></span> <span class='ocrx_word' id='word_1_129' title='bbox 1153 1511 1321 1566; x_wconf 79' lang='lat' dir='ltr'><strong>candelom</strong></span> <span class='ocrx_word' id='word_1_130' title='bbox 1330 1509 1431 1578; x_wconf 71' lang='lat' dir='ltr'><strong>offerre</strong></span> 
     </span>
     <span class='ocr_line' id='line_1_13' title="bbox 208 1607 1431 1679; baseline -0.006 -12"><span class='ocrx_word' id='word_1_131' title='bbox 208 1625 272 1667; x_wconf 78' lang='lat' dir='ltr'><strong>noo</strong></span> <span class='ocrx_word' id='word_1_132' title='bbox 283 1611 423 1679; x_wconf 78' lang='lat' dir='ltr'><strong>differas.</strong></span> <span class='ocrx_word' id='word_1_133' title='bbox 434 1611 492 1676; x_wconf 92' lang='lat' dir='ltr'><strong>llle,</strong></span> <span class='ocrx_word' id='word_1_134' title='bbox 505 1611 619 1664; x_wconf 87' lang='lat' dir='ltr'><strong>audiens</strong></span> <span class='ocrx_word' id='word_1_135' title='bbox 631 1611 707 1677; x_wconf 86' lang='lat' dir='ltr'><strong>baec,</strong></span> <span class='ocrx_word' id='word_1_136' title='bbox 718 1611 841 1677; x_wconf 80' lang='lat' dir='ltr'><strong>promisit</strong></span> <span class='ocrx_word' id='word_1_137' title='bbox 853 1623 883 1664; x_wconf 90' lang='lat' dir='ltr'><strong>se</strong></span> <span class='ocrx_word' id='word_1_138' title='bbox 895 1611 932 1664; x_wconf 89' lang='lat' dir='ltr'><strong>ita</strong></span> <span class='ocrx_word' id='word_1_139' title='bbox 945 1611 1080 1664; x_wconf 86' lang='lat' dir='ltr'><strong>facturum</strong></span> <span class='ocrx_word' id='word_1_140' title='bbox 1092 1614 1218 1677; x_wconf 84' lang='lat' dir='ltr'><strong>prompta</strong></span> <span class='ocrx_word' id='word_1_141' title='bbox 1230 1609 1379 1663; x_wconf 81' lang='lat' dir='ltr'><strong>voluntate.</strong></span> <span class='ocrx_word' id='word_1_142' title='bbox 1392 1607 1431 1661; x_wconf 81' lang='lat' dir='ltr'><strong>iiis</strong></span> 
     </span>
     <span class='ocr_line' id='line_1_14' title="bbox 210 1706 1431 1778; baseline -0.005 -13"><span class='ocrx_word' id='word_1_143' title='bbox 210 1712 300 1775; x_wconf 84' lang='lat' dir='ltr'><strong>dictis,</strong></span> <span class='ocrx_word' id='word_1_144' title='bbox 313 1711 381 1766; x_wconf 84' lang='lat' dir='ltr'><strong>visio</strong></span> <span class='ocrx_word' id='word_1_145' title='bbox 393 1711 568 1764; x_wconf 86' lang='lat' dir='ltr'><strong>consistentis</strong></span> <span class='ocrx_word' id='word_1_146' title='bbox 582 1714 609 1764; x_wconf 89' lang='lat' dir='ltr'><strong>et</strong></span> <span class='ocrx_word' id='word_1_147' title='bbox 620 1710 802 1778; x_wconf 77' lang='lat' dir='ltr'>colloquentis</span> <span class='ocrx_word' id='word_1_148' title='bbox 814 1710 848 1764; x_wconf 90' lang='lat' dir='ltr'><strong>ab</strong></span> <span class='ocrx_word' id='word_1_149' title='bbox 860 1709 949 1764; x_wconf 88' lang='lat' dir='ltr'><strong>oculis</strong></span> <span class='ocrx_word' id='word_1_150' title='bbox 961 1710 1021 1778; x_wconf 83' lang='lat' dir='ltr'><strong>ejus</strong></span> <span class='ocrx_word' id='word_1_151' title='bbox 1033 1713 1075 1764; x_wconf 87' lang='lat' dir='ltr'><strong>cst</strong></span> <span class='ocrx_word' id='word_1_152' title='bbox 1086 1710 1189 1776; x_wconf 86' lang='lat' dir='ltr'><strong>elapsa,</strong></span> <span class='ocrx_word' id='word_1_153' title='bbox 1203 1709 1351 1777; x_wconf 83' lang='lat' dir='ltr'><strong>omnisque</strong></span> <span class='ocrx_word' id='word_1_154' title='bbox 1362 1706 1431 1775; x_wconf 78' lang='lat' dir='ltr'><strong>prou</strong></span> 
     </span>
     <span class='ocr_line' id='line_1_15' title="bbox 211 1804 1431 1878; baseline -0.004 -13"><span class='ocrx_word' id='word_1_155' title='bbox 211 1825 264 1866; x_wconf 91' lang='lat' dir='ltr'><strong>nus</strong></span> <span class='ocrx_word' id='word_1_156' title='bbox 278 1814 425 1878; x_wconf 78' lang='lat' dir='ltr'><strong>tempestas</strong></span> <span class='ocrx_word' id='word_1_157' title='bbox 443 1814 484 1864; x_wconf 90' lang='lat' dir='ltr'><strong>est</strong></span> <span class='ocrx_word' id='word_1_158' title='bbox 504 1809 606 1863; x_wconf 86' lang='lat' dir='ltr'><strong>sedata.</strong></span> <span class='ocrx_word' id='word_1_159' title='bbox 628 1810 727 1878; x_wconf 79' lang='lat' dir='ltr'><strong>sicque</strong></span> <span class='ocrx_word' id='word_1_160' title='bbox 747 1809 895 1864; x_wconf 85' lang='lat' dir='ltr'><strong>miserante</strong></span> <span class='ocrx_word' id='word_1_161' title='bbox 915 1813 979 1875; x_wconf 88' lang='lat' dir='ltr'><strong>beo,</strong></span> <span class='ocrx_word' id='word_1_162' title='bbox 993 1808 1099 1863; x_wconf 86' lang='lat' dir='ltr'><strong>meritis</strong></span> <span class='ocrx_word' id='word_1_163' title='bbox 1118 1808 1269 1862; x_wconf 79' lang='lat' dir='ltr'><strong>beatissimi</strong></span> <span class='ocrx_word' id='word_1_164' title='bbox 1290 1812 1318 1862; x_wconf 87' lang='lat' dir='ltr'><strong>et</strong></span> <span class='ocrx_word' id='word_1_165' title='bbox 1332 1804 1431 1876; x_wconf 74' lang='lat' dir='ltr'><strong>glorios</strong></span> 
     </span>
     <span class='ocr_line' id='line_1_16' title="bbox 211 1902 1466 1977; baseline -0.006 -13"><span class='ocrx_word' id='word_1_166' title='bbox 211 1909 276 1964; x_wconf 89' lang='lat' dir='ltr'><strong>almi</strong></span> <span class='ocrx_word' id='word_1_167' title='bbox 288 1909 420 1977; x_wconf 87' lang='lat' dir='ltr'><strong>praesulis</strong></span> <span class='ocrx_word' id='word_1_168' title='bbox 433 1908 563 1975; x_wconf 81' lang='lat' dir='ltr'><strong>Nicbolai,</strong></span> <span class='ocrx_word' id='word_1_169' title='bbox 576 1908 776 1963; x_wconf 90' lang='lat' dir='ltr'><strong>incolumes&#39;et</strong></span> <span class='ocrx_word' id='word_1_170' title='bbox 796 1907 942 1962; x_wconf 84' lang='lat' dir='ltr'><strong>indemnes</strong></span> <span class='ocrx_word' id='word_1_171' title='bbox 954 1908 1107 1975; x_wconf 84' lang='lat' dir='ltr'><strong>periculosa</strong></span> <span class='ocrx_word' id='word_1_172' title='bbox 1127 1907 1212 1961; x_wconf 91' lang='lat' dir='ltr'><strong>maris</strong></span> <span class='ocrx_word' id='word_1_173' title='bbox 1225 1907 1367 1976; x_wconf 71' lang='lat' dir='ltr'><strong>nandapia</strong></span> <span class='ocrx_word' id='word_1_174' title='bbox 1381 1902 1466 1960; x_wconf 70' lang='lat' dir='ltr'><strong>evall</strong></span> 
     </span>
     <span class='ocr_line' id='line_1_17' title="bbox 211 2004 1431 2074; baseline -0.002 -14"><span class='ocrx_word' id='word_1_175' title='bbox 211 2005 317 2071; x_wconf 86' lang='lat' dir='ltr'><strong>dentes,</strong></span> <span class='ocrx_word' id='word_1_176' title='bbox 338 2006 373 2061; x_wconf 81' lang='lat' dir='ltr'><strong>ud</strong></span> <span class='ocrx_word' id='word_1_177' title='bbox 395 2012 504 2074; x_wconf 85' lang='lat' dir='ltr'><strong>portum</strong></span> <span class='ocrx_word' id='word_1_178' title='bbox 525 2011 718 2072; x_wconf 86' lang='lat' dir='ltr'><strong>pervenemnt.</strong></span> <span class='ocrx_word' id='word_1_179' title='bbox 740 2008 863 2074; x_wconf 84' lang='lat' dir='ltr'><strong>Cumque</strong></span> <span class='ocrx_word' id='word_1_180' title='bbox 883 2006 916 2059; x_wconf 86' lang='lat' dir='ltr'><strong>ad</strong></span> <span class='ocrx_word' id='word_1_181' title='bbox 935 2010 1037 2060; x_wconf 88' lang='lat' dir='ltr'><strong>terram</strong></span> <span class='ocrx_word' id='word_1_182' title='bbox 1055 2004 1274 2073; x_wconf 87' lang='lat' dir='ltr'><strong>descendissent,</strong></span> <span class='ocrx_word' id='word_1_183' title='bbox 1287 2004 1431 2068; x_wconf 59' lang='lat' dir='ltr'><strong>naucerus,</strong></span> 
     </span>
     <span class='ocr_line' id='line_1_18' title="bbox 210 2102 1432 2173; baseline -0.006 -13"><span class='ocrx_word' id='word_1_184' title='bbox 210 2119 267 2161; x_wconf 88' lang='lat' dir='ltr'><strong>non</strong></span> <span class='ocrx_word' id='word_1_185' title='bbox 279 2107 425 2160; x_wconf 90' lang='lat' dir='ltr'><strong>immemor</strong></span> <span class='ocrx_word' id='word_1_186' title='bbox 437 2117 505 2158; x_wconf 87' lang='lat' dir='ltr'><strong>suae</strong></span> <span class='ocrx_word' id='word_1_187' title='bbox 521 2104 688 2173; x_wconf 85' lang='lat' dir='ltr'><strong>sponsionis,</strong></span> <span class='ocrx_word' id='word_1_188' title='bbox 702 2105 771 2159; x_wconf 86' lang='lat' dir='ltr'><strong>iacto</strong></span> <span class='ocrx_word' id='word_1_189' title='bbox 784 2106 887 2172; x_wconf 92' lang='lat' dir='ltr'><strong>optimo</strong></span> <span class='ocrx_word' id='word_1_190' title='bbox 901 2118 991 2171; x_wconf 83' lang='lat' dir='ltr'><strong>cereo,</strong></span> <span class='ocrx_word' id='word_1_191' title='bbox 1007 2105 1185 2160; x_wconf 89' lang='lat' dir='ltr'><strong>cernentibus</strong></span> <span class='ocrx_word' id='word_1_192' title='bbox 1206 2105 1314 2159; x_wconf 84' lang='lat' dir='ltr'><strong>cunctis</strong></span> <span class='ocrx_word' id='word_1_193' title='bbox 1325 2102 1432 2172; x_wconf 86' lang='lat' dir='ltr'><strong>perrexit</strong></span> 
     </span>
     <span class='ocr_line' id='line_1_19' title="bbox 211 2201 1430 2273; baseline -0.004 -13"><span class='ocrx_word' id='word_1_194' title='bbox 211 2205 246 2260; x_wconf 90' lang='lat' dir='ltr'><strong>ad</strong></span> <span class='ocrx_word' id='word_1_195' title='bbox 264 2205 417 2272; x_wconf 85' lang='lat' dir='ltr'><strong>ecclesiam,</strong></span> <span class='ocrx_word' id='word_1_196' title='bbox 430 2202 550 2258; x_wconf 79' lang='lat' dir='ltr'><strong>oller-ens</strong></span> <span class='ocrx_word' id='word_1_197' title='bbox 562 2217 625 2258; x_wconf 91' lang='lat' dir='ltr'><strong>eum</strong></span> <span class='ocrx_word' id='word_1_198' title='bbox 638 2207 693 2258; x_wconf 87' lang='lat' dir='ltr'><strong>beo</strong></span> <span class='ocrx_word' id='word_1_199' title='bbox 705 2205 830 2259; x_wconf 89' lang='lat' dir='ltr'><strong>omnium</strong></span> <span class='ocrx_word' id='word_1_200' title='bbox 848 2205 987 2259; x_wconf 87' lang='lat' dir='ltr'><strong>liberatori</strong></span> <span class='ocrx_word' id='word_1_201' title='bbox 1005 2210 1088 2273; x_wconf 81' lang='lat' dir='ltr'><strong>atque</strong></span> <span class='ocrx_word' id='word_1_202' title='bbox 1105 2204 1236 2259; x_wconf 78' lang='lat' dir='ltr'><strong>diobolae</strong></span> <span class='ocrx_word' id='word_1_203' title='bbox 1248 2215 1300 2258; x_wconf 86' lang='lat' dir='ltr'><strong>suo</strong></span> <span class='ocrx_word' id='word_1_204' title='bbox 1312 2201 1430 2272; x_wconf 85' lang='lat' dir='ltr'><strong>ereptori,</strong></span> 
     </span>
     <span class='ocr_line' id='line_1_20' title="bbox 211 2289 1432 2373; baseline -0.004 -12"><span class='ocrx_word' id='word_1_205' title='bbox 211 2319 328 2361; x_wconf 85' lang='lat' dir='ltr'><strong>narrans</strong></span> <span class='ocrx_word' id='word_1_206' title='bbox 339 2306 468 2360; x_wconf 90' lang='lat' dir='ltr'><strong>omnibus</strong></span> <span class='ocrx_word' id='word_1_207' title='bbox 480 2311 581 2373; x_wconf 86' lang='lat' dir='ltr'><strong>quanta</strong></span> <span class='ocrx_word' id='word_1_208' title='bbox 594 2305 645 2359; x_wconf 90' lang='lat' dir='ltr'><strong>sibi</strong></span> <span class='ocrx_word' id='word_1_209' title='bbox 659 2305 768 2359; x_wconf 85' lang='lat' dir='ltr'><strong>lecisset</strong></span> <span class='ocrx_word' id='word_1_210' title='bbox 780 2306 911 2359; x_wconf 75' lang='lat' dir='ltr'><strong>Dominus</strong></span> <span class='ocrx_word' id='word_1_211' title='bbox 924 2306 1079 2360; x_wconf 78' lang='lat' dir='ltr'><strong>interventu</strong></span> <span class='ocrx_word' id='word_1_212' title='bbox 1091 2305 1133 2358; x_wconf 89' lang='lat' dir='ltr'><strong>sui</strong></span> <span class='ocrx_word' id='word_1_213' title='bbox 1151 2304 1359 2359; x_wconf 86' lang='lat' dir='ltr'><strong>elementissimi</strong></span> <span class='ocrx_word' id='word_1_214' title='bbox 1375 2289 1432 2356; x_wconf 83' lang='lat' dir='ltr'><strong>cou-</strong></span> 
     </span>
     <span class='ocr_line' id='line_1_21' title="bbox 212 2397 1463 2460; baseline -0.006 -1"><span class='ocrx_word' id='word_1_215' title='bbox 212 2405 325 2460; x_wconf 86' lang='lat' dir='ltr'><strong>tesseris</strong></span> <span class='ocrx_word' id='word_1_216' title='bbox 335 2405 467 2459; x_wconf 83' lang='lat' dir='ltr'><strong>llicholai.</strong></span> <span class='ocrx_word' id='word_1_217' title='bbox 1441 2397 1463 2452; x_wconf 70' lang='grc'>1</span> 
     </span>
    </p>

    <p class='ocr_par' dir='ltr' id='par_1_4' title="bbox 208 2496 1434 2869">
     <span class='ocr_line' id='line_1_22' title="bbox 245 2496 1433 2570; baseline -0.003 -15"><span class='ocrx_word' id='word_1_218' title='bbox 245 2503 296 2556; x_wconf 79' lang='grc'><strong>19.</strong></span> <span class='ocrx_word' id='word_1_219' title='bbox 310 2505 404 2556; x_wconf 74' lang='lat' dir='ltr'><strong>Fertur</strong></span> <span class='ocrx_word' id='word_1_220' title='bbox 416 2510 442 2556; x_wconf 90' lang='lat' dir='ltr'><strong>et</strong></span> <span class='ocrx_word' id='word_1_221' title='bbox 462 2502 536 2556; x_wconf 90' lang='lat' dir='ltr'><strong>aliud</strong></span> <span class='ocrx_word' id='word_1_222' title='bbox 556 2503 727 2570; x_wconf 87' lang='lat' dir='ltr'><strong>praeclarum</strong></span> <span class='ocrx_word' id='word_1_223' title='bbox 747 2502 909 2557; x_wconf 82' lang='lat' dir='ltr'><strong>miraculum</strong></span> <span class='ocrx_word' id='word_1_224' title='bbox 922 2503 956 2556; x_wconf 93' lang='lat' dir='ltr'><strong>de</strong></span> <span class='ocrx_word' id='word_1_225' title='bbox 974 2501 1081 2568; x_wconf 89' lang='lat' dir='ltr'><strong>eodem,</strong></span> <span class='ocrx_word' id='word_1_226' title='bbox 1093 2501 1168 2570; x_wconf 88' lang='lat' dir='ltr'><strong>quod</strong></span> <span class='ocrx_word' id='word_1_227' title='bbox 1181 2503 1210 2556; x_wconf 94' lang='lat' dir='ltr'><strong>in</strong></span> <span class='ocrx_word' id='word_1_228' title='bbox 1222 2502 1381 2556; x_wconf 78' lang='lat' dir='ltr'><strong>narratione</strong></span> <span class='ocrx_word' id='word_1_229' title='bbox 1394 2496 1433 2552; x_wconf 87' lang='lat' dir='ltr'><strong>ali·</strong></span> 
     </span>
     <span class='ocr_line' id='line_1_23' title="bbox 212 2595 1433 2671; baseline -0.003 -15"><span class='ocrx_word' id='word_1_230' title='bbox 212 2602 374 2671; x_wconf 80' lang='lat' dir='ltr'><strong>quantulum</strong></span> <span class='ocrx_word' id='word_1_231' title='bbox 386 2601 425 2655; x_wconf 87' lang='lat' dir='ltr'><strong>illi</strong></span> <span class='ocrx_word' id='word_1_232' title='bbox 438 2602 570 2657; x_wconf 87' lang='lat' dir='ltr'><strong>miraculo</strong></span> <span class='ocrx_word' id='word_1_233' title='bbox 582 2611 624 2657; x_wconf 87' lang='lat' dir='ltr'><strong>est</strong></span> <span class='ocrx_word' id='word_1_234' title='bbox 635 2604 723 2657; x_wconf 89' lang='lat' dir='ltr'><strong>simile</strong></span> <span class='ocrx_word' id='word_1_235' title='bbox 736 2603 810 2671; x_wconf 87' lang='lat' dir='ltr'><strong>quod</strong></span> <span class='ocrx_word' id='word_1_236' title='bbox 824 2607 950 2657; x_wconf 88' lang='lat' dir='ltr'><strong>narratur</strong></span> <span class='ocrx_word' id='word_1_237' title='bbox 961 2602 996 2656; x_wconf 94' lang='lat' dir='ltr'><strong>de</strong></span> <span class='ocrx_word' id='word_1_238' title='bbox 1002 2602 1103 2670; x_wconf 81' lang='lat' dir='ltr'><strong>judaeo</strong></span> <span class='ocrx_word' id='word_1_239' title='bbox 1112 2606 1140 2656; x_wconf 90' lang='lat' dir='ltr'><strong>et</strong></span> <span class='ocrx_word' id='word_1_240' title='bbox 1149 2602 1217 2656; x_wconf 83' lang='lat' dir='ltr'><strong>falso</strong></span> <span class='ocrx_word' id='word_1_241' title='bbox 1230 2601 1389 2666; x_wconf 85' lang='lat' dir='ltr'><strong>christiano,</strong></span> <span class='ocrx_word' id='word_1_242' title='bbox 1397 2595 1433 2652; x_wconf 86' lang='lat' dir='ltr'><strong>eui</strong></span> 
     </span>
     <span class='ocr_line' id='line_1_24' title="bbox 208 2700 1434 2771; baseline -0.002 -14"><span class='ocrx_word' id='word_1_243' title='bbox 208 2702 326 2771; x_wconf 83' lang='lat' dir='ltr'><strong>judaeus</strong></span> <span class='ocrx_word' id='word_1_244' title='bbox 346 2702 397 2757; x_wconf 91' lang='lat' dir='ltr'><strong>sub</strong></span> <span class='ocrx_word' id='word_1_245' title='bbox 419 2702 474 2757; x_wconf 89' lang='lat' dir='ltr'><strong>llde</strong></span> <span class='ocrx_word' id='word_1_246' title='bbox 493 2703 579 2756; x_wconf 89' lang='lat' dir='ltr'><strong>sancti</strong></span> <span class='ocrx_word' id='word_1_247' title='bbox 599 2703 721 2758; x_wconf 85' lang='lat' dir='ltr'><strong>Niebolai</strong></span> <span class='ocrx_word' id='word_1_248' title='bbox 742 2702 944 2758; x_wconf 88' lang='lat' dir='ltr'><strong>commendavit</strong></span> <span class='ocrx_word' id='word_1_249' title='bbox 964 2717 1040 2757; x_wconf 89' lang='lat' dir='ltr'><strong>suam</strong></span> <span class='ocrx_word' id='word_1_250' title='bbox 1052 2702 1197 2770; x_wconf 88' lang='lat' dir='ltr'><strong>pecuniam</strong></span> <span class='ocrx_word' id='word_1_251' title='bbox 1216 2708 1246 2756; x_wconf 86' lang='lat' dir='ltr'><strong>et</strong></span> <span class='ocrx_word' id='word_1_252' title='bbox 1267 2700 1434 2770; x_wconf 64' lang='lat' dir='ltr'><strong>querulum</strong></span> 
     </span>
     <span class='ocr_line' id='line_1_25' title="bbox 211 2800 774 2869; baseline 0.002 -15"><span class='ocrx_word' id='word_1_253' title='bbox 211 2800 380 2856; x_wconf 83' lang='lat' dir='ltr'><strong>christianus</strong></span> <span class='ocrx_word' id='word_1_254' title='bbox 391 2806 452 2868; x_wconf 87' lang='lat' dir='ltr'><strong>post</strong></span> <span class='ocrx_word' id='word_1_255' title='bbox 463 2801 548 2856; x_wconf 86' lang='lat' dir='ltr'><strong>voluit</strong></span> <span class='ocrx_word' id='word_1_256' title='bbox 559 2802 717 2869; x_wconf 87' lang='lat' dir='ltr'><strong>decipere...</strong></span> <span class='ocrx_word' id='word_1_257' title='bbox 730 2803 774 2869; x_wconf 92' lang='lat' dir='ltr'><strong>(l).</strong></span> 
     </span>
    </p>

    <p class='ocr_par' dir='ltr' id='par_1_5' title="bbox 208 2892 1475 4059">
     <span class='ocr_line' id='line_1_26' title="bbox 245 2892 1468 2971; baseline -0.002 -18"><span class='ocrx_word' id='word_1_258' title='bbox 245 2901 300 2956; x_wconf 79' lang='lat'><strong>20.</strong></span> <span class='ocrx_word' id='word_1_259' title='bbox 315 2904 416 2955; x_wconf 77' lang='lat' dir='ltr'><strong>Ferunt</strong></span> <span class='ocrx_word' id='word_1_260' title='bbox 428 2901 510 2955; x_wconf 88' lang='lat' dir='ltr'><strong>etiam</strong></span> <span class='ocrx_word' id='word_1_261' title='bbox 522 2901 550 2953; x_wconf 89' lang='lat' dir='ltr'><strong>bi</strong></span> <span class='ocrx_word' id='word_1_262' title='bbox 563 2901 611 2968; x_wconf 84' lang='lat' dir='ltr'><strong>qui</strong></span> <span class='ocrx_word' id='word_1_263' title='bbox 623 2901 740 2971; x_wconf 74' lang='lat' dir='ltr'><strong>legendo</strong></span> <span class='ocrx_word' id='word_1_264' title='bbox 757 2906 785 2955; x_wconf 88' lang='lat' dir='ltr'><strong>et</strong></span> <span class='ocrx_word' id='word_1_265' title='bbox 796 2900 934 2955; x_wconf 87' lang='lat' dir='ltr'><strong>audiendo</strong></span> <span class='ocrx_word' id='word_1_266' title='bbox 946 2902 1025 2969; x_wconf 90' lang='lat' dir='ltr'><strong>plura</strong></span> <span class='ocrx_word' id='word_1_267' title='bbox 1037 2904 1182 2968; x_wconf 85' lang='lat' dir='ltr'><strong>noverunt,</strong></span> <span class='ocrx_word' id='word_1_268' title='bbox 1191 2900 1267 2968; x_wconf 86' lang='lat' dir='ltr'><strong>quod</strong></span> <span class='ocrx_word' id='word_1_269' title='bbox 1279 2900 1334 2955; x_wconf 89' lang='lat' dir='ltr'><strong>isto</strong></span> <span class='ocrx_word' id='word_1_270' title='bbox 1346 2892 1468 2954; x_wconf 75' lang='lat' dir='ltr'><strong>beatis-ll</strong></span> 
     </span>
     <span class='ocr_line' id='line_1_27' title="bbox 211 2999 1436 3069; baseline -0.001 -15"><span class='ocrx_word' id='word_1_271' title='bbox 211 3001 281 3054; x_wconf 90' lang='lat' dir='ltr'><strong>simo</strong></span> <span class='ocrx_word' id='word_1_272' title='bbox 293 3001 382 3055; x_wconf 86' lang='lat' dir='ltr'><strong>adhue</strong></span> <span class='ocrx_word' id='word_1_273' title='bbox 394 3001 526 3054; x_wconf 87' lang='lat' dir='ltr'><strong>existente</strong></span> <span class='ocrx_word' id='word_1_274' title='bbox 536 3001 565 3052; x_wconf 90' lang='lat' dir='ltr'><strong>in</strong></span> <span class='ocrx_word' id='word_1_275' title='bbox 578 3001 666 3066; x_wconf 89' lang='lat' dir='ltr'><strong>cunis,</strong></span> <span class='ocrx_word' id='word_1_276' title='bbox 677 3002 795 3069; x_wconf 87' lang='lat' dir='ltr'><strong>quadam</strong></span> <span class='ocrx_word' id='word_1_277' title='bbox 808 3001 853 3054; x_wconf 92' lang='lat' dir='ltr'><strong>die</strong></span> <span class='ocrx_word' id='word_1_278' title='bbox 865 3002 957 3055; x_wconf 84' lang='lat' dir='ltr'><strong>nutrix</strong></span> <span class='ocrx_word' id='word_1_279' title='bbox 968 3001 1053 3066; x_wconf 89' lang='lat' dir='ltr'><strong>illius,</strong></span> <span class='ocrx_word' id='word_1_280' title='bbox 1064 3000 1140 3055; x_wconf 92' lang='lat' dir='ltr'><strong>illum</strong></span> <span class='ocrx_word' id='word_1_281' title='bbox 1151 3001 1300 3054; x_wconf 82' lang='lat' dir='ltr'><strong>extrahens</strong></span> <span class='ocrx_word' id='word_1_282' title='bbox 1308 3014 1325 3054; x_wconf 90' lang='lat' dir='ltr'><strong>a</strong></span> <span class='ocrx_word' id='word_1_283' title='bbox 1334 2999 1436 3063; x_wconf 81' lang='lat' dir='ltr'><strong>balneo,</strong></span> 
     </span>
     <span class='ocr_line' id='line_1_28' title="bbox 211 3095 1438 3166; baseline -0.004 -13"><span class='ocrx_word' id='word_1_284' title='bbox 211 3099 295 3153; x_wconf 88' lang='lat' dir='ltr'><strong>oblita</strong></span> <span class='ocrx_word' id='word_1_285' title='bbox 317 3104 359 3153; x_wconf 90' lang='lat' dir='ltr'><strong>est</strong></span> <span class='ocrx_word' id='word_1_286' title='bbox 378 3112 544 3166; x_wconf 90' lang='lat' dir='ltr'><strong>componere</strong></span> <span class='ocrx_word' id='word_1_287' title='bbox 564 3112 649 3153; x_wconf 85' lang='lat' dir='ltr'><strong>cunas</strong></span> <span class='ocrx_word' id='word_1_288' title='bbox 670 3100 741 3165; x_wconf 89' lang='lat' dir='ltr'><strong>ejus.</strong></span> <span class='ocrx_word' id='word_1_289' title='bbox 754 3103 785 3153; x_wconf 83' lang='lat' dir='ltr'><strong>llt</strong></span> <span class='ocrx_word' id='word_1_290' title='bbox 803 3104 869 3153; x_wconf 89' lang='lat' dir='ltr'><strong>tunc</strong></span> <span class='ocrx_word' id='word_1_291' title='bbox 889 3101 958 3154; x_wconf 80' lang='lat' dir='ltr'><strong>rorte</strong></span> <span class='ocrx_word' id='word_1_292' title='bbox 970 3099 1081 3166; x_wconf 85' lang='lat' dir='ltr'><strong>quidam</strong></span> <span class='ocrx_word' id='word_1_293' title='bbox 1095 3098 1209 3152; x_wconf 87' lang='lat' dir='ltr'><strong>claudus</strong></span> <span class='ocrx_word' id='word_1_294' title='bbox 1221 3103 1248 3152; x_wconf 90' lang='lat' dir='ltr'><strong>et</strong></span> <span class='ocrx_word' id='word_1_295' title='bbox 1260 3112 1362 3153; x_wconf 90' lang='lat' dir='ltr'><strong>caecus</strong></span> <span class='ocrx_word' id='word_1_296' title='bbox 1378 3095 1438 3151; x_wconf 91' lang='lat' dir='ltr'><strong>inibi</strong></span> 
     </span>
     <span class='ocr_line' id='line_1_29' title="bbox 213 3197 1440 3267; baseline -0.002 -15"><span class='ocrx_word' id='word_1_297' title='bbox 213 3212 343 3267; x_wconf 92' lang='lat' dir='ltr'><strong>praesens</strong></span> <span class='ocrx_word' id='word_1_298' title='bbox 361 3203 429 3252; x_wconf 89' lang='lat' dir='ltr'><strong>erat.</strong></span> <span class='ocrx_word' id='word_1_299' title='bbox 443 3201 516 3262; x_wconf 85' lang='lat' dir='ltr'><strong>Quae</strong></span> <span class='ocrx_word' id='word_1_300' title='bbox 529 3199 708 3252; x_wconf 88' lang='lat' dir='ltr'><strong>reminiscens</strong></span> <span class='ocrx_word' id='word_1_301' title='bbox 720 3200 793 3267; x_wconf 86' lang='lat' dir='ltr'><strong>quod</strong></span> <span class='ocrx_word' id='word_1_302' title='bbox 808 3197 977 3267; x_wconf 82' lang='lat' dir='ltr'><strong>negligenter</strong></span> <span class='ocrx_word' id='word_1_303' title='bbox 997 3198 1081 3252; x_wconf 86' lang='lat' dir='ltr'><strong>oblita</strong></span> <span class='ocrx_word' id='word_1_304' title='bbox 1093 3198 1191 3261; x_wconf 86' lang='lat' dir='ltr'><strong>fuerat,</strong></span> <span class='ocrx_word' id='word_1_305' title='bbox 1202 3198 1248 3253; x_wconf 84' lang='lat' dir='ltr'><strong>liei</strong></span> <span class='ocrx_word' id='word_1_306' title='bbox 1261 3197 1402 3252; x_wconf 78' lang='lat' dir='ltr'><strong>voluntate</strong></span> <span class='ocrx_word' id='word_1_307' title='bbox 1417 3201 1440 3250; x_wconf 89' lang='lat' dir='ltr'><strong>et</strong></span> 
     </span>
     <span class='ocr_line' id='line_1_30' title="bbox 210 3296 1441 3366; baseline -0.001 -17"><span class='ocrx_word' id='word_1_308' title='bbox 210 3310 258 3351; x_wconf 91' lang='lat' dir='ltr'><strong>sua</strong></span> <span class='ocrx_word' id='word_1_309' title='bbox 270 3296 450 3363; x_wconf 84' lang='lat' dir='ltr'><strong>dispositione</strong></span> <span class='ocrx_word' id='word_1_310' title='bbox 460 3298 551 3364; x_wconf 86' lang='lat' dir='ltr'><strong>posuit</strong></span> <span class='ocrx_word' id='word_1_311' title='bbox 564 3297 730 3351; x_wconf 85' lang='lat' dir='ltr'><strong>infantulum</strong></span> <span class='ocrx_word' id='word_1_312' title='bbox 743 3312 825 3365; x_wconf 92' lang='lat' dir='ltr'><strong>super</strong></span> <span class='ocrx_word' id='word_1_313' title='bbox 836 3310 926 3363; x_wconf 79' lang='lat' dir='ltr'><strong>genua</strong></span> <span class='ocrx_word' id='word_1_314' title='bbox 938 3297 1051 3366; x_wconf 80' lang='lat' dir='ltr'><strong>aegroti,</strong></span> <span class='ocrx_word' id='word_1_315' title='bbox 1063 3297 1110 3364; x_wconf 83' lang='lat' dir='ltr'><strong>qui</strong></span> <span class='ocrx_word' id='word_1_316' title='bbox 1125 3296 1161 3349; x_wconf 87' lang='lat' dir='ltr'><strong>ibi</strong></span> <span class='ocrx_word' id='word_1_317' title='bbox 1175 3297 1337 3365; x_wconf 86' lang='lat' dir='ltr'><strong>accubabat,</strong></span> <span class='ocrx_word' id='word_1_318' title='bbox 1347 3308 1441 3365; x_wconf 77' lang='lat' dir='ltr'><strong>quoue</strong></span> 
     </span>
     <span class='ocr_line' id='line_1_31' title="bbox 211 3391 1475 3464; baseline -0.005 -14"><span class='ocrx_word' id='word_1_319' title='bbox 211 3409 358 3464; x_wconf 88' lang='lat' dir='ltr'><strong>quecunas</strong></span> <span class='ocrx_word' id='word_1_320' title='bbox 366 3401 495 3462; x_wconf 89' lang='lat' dir='ltr'><strong>aptasset.</strong></span> <span class='ocrx_word' id='word_1_321' title='bbox 503 3397 606 3460; x_wconf 80' lang='lat' dir='ltr'><strong>Quibus</strong></span> <span class='ocrx_word' id='word_1_322' title='bbox 616 3397 721 3463; x_wconf 89' lang='lat' dir='ltr'><strong>aptatis,</strong></span> <span class='ocrx_word' id='word_1_323' title='bbox 730 3397 866 3464; x_wconf 89' lang='lat' dir='ltr'><strong>accipiens</strong></span> <span class='ocrx_word' id='word_1_324' title='bbox 874 3397 1039 3450; x_wconf 83' lang='lat' dir='ltr'><strong>infantulum</strong></span> <span class='ocrx_word' id='word_1_325' title='bbox 1048 3395 1202 3462; x_wconf 86' lang='lat' dir='ltr'><strong>composuit</strong></span> <span class='ocrx_word' id='word_1_326' title='bbox 1211 3395 1340 3461; x_wconf 78' lang='lat' dir='ltr'><strong>incurris,</strong></span> <span class='ocrx_word' id='word_1_327' title='bbox 1348 3396 1441 3449; x_wconf 87' lang='lat' dir='ltr'><strong>astrin-</strong></span> <span class='ocrx_word' id='word_1_328' title='bbox 1453 3391 1475 3444; x_wconf 81' lang='lat' dir='ltr'><strong>o</strong></span> 
     </span>
     <span class='ocr_line' id='line_1_32' title="bbox 210 3493 1441 3564; baseline -0.001 -16"><span class='ocrx_word' id='word_1_329' title='bbox 210 3508 277 3564; x_wconf 78' lang='lat' dir='ltr'><strong>pens</strong></span> <span class='ocrx_word' id='word_1_330' title='bbox 290 3493 414 3561; x_wconf 81' lang='lat' dir='ltr'><strong>fasciola,</strong></span> <span class='ocrx_word' id='word_1_331' title='bbox 427 3500 458 3547; x_wconf 91' lang='lat' dir='ltr'><strong>ut</strong></span> <span class='ocrx_word' id='word_1_332' title='bbox 470 3507 529 3547; x_wconf 91' lang='lat' dir='ltr'><strong>mos</strong></span> <span class='ocrx_word' id='word_1_333' title='bbox 541 3500 583 3547; x_wconf 90' lang='lat' dir='ltr'><strong>est</strong></span> <span class='ocrx_word' id='word_1_334' title='bbox 600 3496 762 3549; x_wconf 86' lang='lat' dir='ltr'><strong>nutricibus.</strong></span> <span class='ocrx_word' id='word_1_335' title='bbox 776 3495 894 3549; x_wconf 82' lang='lat' dir='ltr'><strong>claudus</strong></span> <span class='ocrx_word' id='word_1_336' title='bbox 907 3508 980 3560; x_wconf 87' lang='lat' dir='ltr'><strong>vero,</strong></span> <span class='ocrx_word' id='word_1_337' title='bbox 993 3496 1039 3561; x_wconf 86' lang='lat' dir='ltr'><strong>qui</strong></span> <span class='ocrx_word' id='word_1_338' title='bbox 1058 3500 1138 3548; x_wconf 90' lang='lat' dir='ltr'><strong>antea</strong></span> <span class='ocrx_word' id='word_1_339' title='bbox 1155 3506 1206 3561; x_wconf 89' lang='lat' dir='ltr'><strong>per</strong></span> <span class='ocrx_word' id='word_1_340' title='bbox 1223 3499 1326 3548; x_wconf 89' lang='lat' dir='ltr'><strong>terram</strong></span> <span class='ocrx_word' id='word_1_341' title='bbox 1339 3508 1371 3548; x_wconf 88' lang='lat' dir='ltr'><strong>se</strong></span> <span class='ocrx_word' id='word_1_342' title='bbox 1388 3500 1441 3547; x_wconf 84' lang='lat' dir='ltr'><strong>tra·</strong></span> 
     </span>
     <span class='ocr_line' id='line_1_33' title="bbox 210 3592 1443 3663; baseline -0.002 -17"><span class='ocrx_word' id='word_1_343' title='bbox 210 3594 293 3648; x_wconf 84' lang='lat' dir='ltr'><strong>bebai</strong></span> <span class='ocrx_word' id='word_1_344' title='bbox 304 3597 332 3646; x_wconf 89' lang='lat' dir='ltr'><strong>et</strong></span> <span class='ocrx_word' id='word_1_345' title='bbox 344 3593 390 3660; x_wconf 85' lang='lat' dir='ltr'><strong>qui</strong></span> <span class='ocrx_word' id='word_1_346' title='bbox 403 3598 484 3646; x_wconf 91' lang='lat' dir='ltr'><strong>antea</strong></span> <span class='ocrx_word' id='word_1_347' title='bbox 506 3592 609 3645; x_wconf 88' lang='lat' dir='ltr'><strong>nullam</strong></span> <span class='ocrx_word' id='word_1_348' title='bbox 621 3594 751 3648; x_wconf 83' lang='lat' dir='ltr'><strong>virtutem</strong></span> <span class='ocrx_word' id='word_1_349' title='bbox 768 3593 911 3663; x_wconf 80' lang='lat' dir='ltr'><strong>gradiendi</strong></span> <span class='ocrx_word' id='word_1_350' title='bbox 933 3593 1075 3655; x_wconf 86' lang='lat' dir='ltr'><strong>habuerat,</strong></span> <span class='ocrx_word' id='word_1_351' title='bbox 1089 3594 1179 3646; x_wconf 86' lang='lat' dir='ltr'><strong>statim</strong></span> <span class='ocrx_word' id='word_1_352' title='bbox 1200 3593 1317 3646; x_wconf 80' lang='lat' dir='ltr'><strong>exiliens</strong></span> <span class='ocrx_word' id='word_1_353' title='bbox 1334 3593 1443 3646; x_wconf 89' lang='lat' dir='ltr'><strong>sanissi-</strong></span> 
     </span>
     <span class='ocr_line' id='line_1_34' title="bbox 208 3692 1443 3761; baseline -0.002 -14"><span class='ocrx_word' id='word_1_354' title='bbox 208 3708 281 3758; x_wconf 91' lang='lat' dir='ltr'><strong>mus,</strong></span> <span class='ocrx_word' id='word_1_355' title='bbox 294 3693 384 3759; x_wconf 89' lang='lat' dir='ltr'><strong>coepit</strong></span> <span class='ocrx_word' id='word_1_356' title='bbox 396 3693 498 3760; x_wconf 87' lang='lat' dir='ltr'><strong>videre,</strong></span> <span class='ocrx_word' id='word_1_357' title='bbox 512 3693 553 3746; x_wconf 89' lang='lat' dir='ltr'><strong>ire</strong></span> <span class='ocrx_word' id='word_1_358' title='bbox 573 3698 601 3746; x_wconf 90' lang='lat' dir='ltr'><strong>et</strong></span> <span class='ocrx_word' id='word_1_359' title='bbox 620 3707 741 3760; x_wconf 92' lang='lat' dir='ltr'><strong>currere,</strong></span> <span class='ocrx_word' id='word_1_360' title='bbox 757 3695 834 3761; x_wconf 83' lang='lat' dir='ltr'><strong>quasi</strong></span> <span class='ocrx_word' id='word_1_361' title='bbox 849 3694 870 3745; x_wconf 92' lang='lat' dir='ltr'><strong>si</strong></span> <span class='ocrx_word' id='word_1_362' title='bbox 891 3692 997 3747; x_wconf 90' lang='lat' dir='ltr'><strong>nullum</strong></span> <span class='ocrx_word' id='word_1_363' title='bbox 1017 3706 1148 3761; x_wconf 82' lang='lat' dir='ltr'><strong>umquam</strong></span> <span class='ocrx_word' id='word_1_364' title='bbox 1167 3693 1220 3746; x_wconf 87' lang='lat' dir='ltr'><strong>tale</strong></span> <span class='ocrx_word' id='word_1_365' title='bbox 1237 3693 1443 3749; x_wconf 80' lang='lat' dir='ltr'><strong>incommodum</strong></span> 
     </span>
     <span class='ocr_line' id='line_1_35' title="bbox 210 3790 1445 3858; baseline -0.001 -12"><span class='ocrx_word' id='word_1_366' title='bbox 210 3793 393 3858; x_wconf 85' lang='lat' dir='ltr'><strong>sustinuisset,</strong></span> <span class='ocrx_word' id='word_1_367' title='bbox 412 3798 439 3845; x_wconf 90' lang='lat' dir='ltr'><strong>et</strong></span> <span class='ocrx_word' id='word_1_368' title='bbox 451 3792 547 3845; x_wconf 90' lang='lat' dir='ltr'><strong>laudes</strong></span> <span class='ocrx_word' id='word_1_369' title='bbox 568 3794 622 3846; x_wconf 89' lang='lat' dir='ltr'><strong>beo</strong></span> <span class='ocrx_word' id='word_1_370' title='bbox 643 3793 765 3847; x_wconf 83' lang='lat' dir='ltr'><strong>reserens</strong></span> <span class='ocrx_word' id='word_1_371' title='bbox 777 3806 825 3858; x_wconf 94' lang='lat' dir='ltr'><strong>pro</strong></span> <span class='ocrx_word' id='word_1_372' title='bbox 837 3796 912 3846; x_wconf 88' lang='lat' dir='ltr'><strong>tanto</strong></span> <span class='ocrx_word' id='word_1_373' title='bbox 926 3790 977 3845; x_wconf 90' lang='lat' dir='ltr'><strong>sibi</strong></span> <span class='ocrx_word' id='word_1_374' title='bbox 991 3805 1122 3846; x_wconf 90' lang='lat' dir='ltr'><strong>concesso</strong></span> <span class='ocrx_word' id='word_1_375' title='bbox 1144 3790 1279 3845; x_wconf 80' lang='lat' dir='ltr'><strong>beneflcio</strong></span> <span class='ocrx_word' id='word_1_376' title='bbox 1293 3805 1344 3858; x_wconf 86' lang='lat' dir='ltr'><strong>per</strong></span> <span class='ocrx_word' id='word_1_377' title='bbox 1355 3792 1445 3847; x_wconf 87' lang='lat' dir='ltr'><strong>tantil-</strong></span> 
     </span>
     <span class='ocr_line' id='line_1_36' title="bbox 208 3890 1475 3961; baseline 0 -17"><span class='ocrx_word' id='word_1_378' title='bbox 208 3892 266 3946; x_wconf 92' lang='lat' dir='ltr'><strong>lum</strong></span> <span class='ocrx_word' id='word_1_379' title='bbox 278 3892 453 3946; x_wconf 84' lang='lat' dir='ltr'><strong>infantulum.</strong></span> <span class='ocrx_word' id='word_1_380' title='bbox 467 3897 487 3946; x_wconf 89' lang='lat'>0</span> <span class='ocrx_word' id='word_1_381' title='bbox 499 3905 564 3946; x_wconf 87' lang='lat' dir='ltr'><strong>vere</strong></span> <span class='ocrx_word' id='word_1_382' title='bbox 577 3906 692 3959; x_wconf 80' lang='lat' dir='ltr'><strong>magnus</strong></span> <span class='ocrx_word' id='word_1_383' title='bbox 711 3898 738 3945; x_wconf 92' lang='lat' dir='ltr'><strong>et</strong></span> <span class='ocrx_word' id='word_1_384' title='bbox 750 3892 918 3946; x_wconf 89' lang='lat' dir='ltr'><strong>admirabilis</strong></span> <span class='ocrx_word' id='word_1_385' title='bbox 940 3890 1081 3956; x_wconf 81' lang='lat' dir='ltr'><strong>Dominus,</strong></span> <span class='ocrx_word' id='word_1_386' title='bbox 1095 3892 1142 3958; x_wconf 81' lang='lat' dir='ltr'><strong>qui</strong></span> <span class='ocrx_word' id='word_1_387' title='bbox 1155 3897 1210 3945; x_wconf 89' lang='lat' dir='ltr'><strong>tam</strong></span> <span class='ocrx_word' id='word_1_388' title='bbox 1233 3891 1305 3946; x_wconf 86' lang='lat' dir='ltr'><strong>mira</strong></span> <span class='ocrx_word' id='word_1_389' title='bbox 1317 3900 1447 3961; x_wconf 81' lang='lat' dir='ltr'><strong>operatur</strong></span> <span class='ocrx_word' id='word_1_390' title='bbox 1460 3890 1475 3944; x_wconf 72' lang='lat' dir='ltr'><strong>d</strong></span> 
     </span>
     <span class='ocr_line' id='line_1_37' title="bbox 209 3990 1312 4059; baseline -0.001 -13"><span class='ocrx_word' id='word_1_391' title='bbox 209 3997 240 4046; x_wconf 88' lang='lat' dir='ltr'><strong>ut</strong></span> <span class='ocrx_word' id='word_1_392' title='bbox 251 4006 365 4058; x_wconf 87' lang='lat' dir='ltr'><strong>puerum</strong></span> <span class='ocrx_word' id='word_1_393' title='bbox 379 3993 407 4044; x_wconf 92' lang='lat' dir='ltr'><strong>in</strong></span> <span class='ocrx_word' id='word_1_394' title='bbox 420 3992 499 4046; x_wconf 88' lang='lat' dir='ltr'><strong>cunis</strong></span> <span class='ocrx_word' id='word_1_395' title='bbox 511 3990 601 4045; x_wconf 86' lang='lat' dir='ltr'><strong>adbuc</strong></span> <span class='ocrx_word' id='word_1_396' title='bbox 613 3992 731 4059; x_wconf 89' lang='lat' dir='ltr'><strong>positum</strong></span> <span class='ocrx_word' id='word_1_397' title='bbox 743 3992 821 4044; x_wconf 89' lang='lat' dir='ltr'><strong>miris</strong></span> <span class='ocrx_word' id='word_1_398' title='bbox 832 3991 971 4045; x_wconf 89' lang='lat' dir='ltr'><strong>miraculis</strong></span> <span class='ocrx_word' id='word_1_399' title='bbox 982 4004 1128 4045; x_wconf 88' lang='lat' dir='ltr'><strong>coruscare</strong></span> <span class='ocrx_word' id='word_1_400' title='bbox 1141 3990 1251 4045; x_wconf 84' lang='lat' dir='ltr'><strong>faeiat...</strong></span> <span class='ocrx_word' id='word_1_401' title='bbox 1264 3993 1312 4057; x_wconf 76' lang='lat'><em>(2).</em></span> 
     </span>
    </p>

    <p class='ocr_par' dir='ltr' id='par_1_6' title="bbox 209 4090 1447 4261">
     <span class='ocr_line' id='line_1_38' title="bbox 244 4090 1447 4161; baseline 0.003 -18"><span class='ocrx_word' id='word_1_402' title='bbox 244 4092 293 4144; x_wconf 81' lang='lat'><strong>21.</strong></span> <span class='ocrx_word' id='word_1_403' title='bbox 312 4091 358 4144; x_wconf 89' lang='lat' dir='ltr'><strong>llis</strong></span> <span class='ocrx_word' id='word_1_404' title='bbox 370 4092 487 4160; x_wconf 90' lang='lat' dir='ltr'><strong>omissis,</strong></span> <span class='ocrx_word' id='word_1_405' title='bbox 501 4090 536 4144; x_wconf 88' lang='lat' dir='ltr'><strong>ad</strong></span> <span class='ocrx_word' id='word_1_406' title='bbox 548 4095 643 4157; x_wconf 85' lang='lat' dir='ltr'><strong>coepta</strong></span> <span class='ocrx_word' id='word_1_407' title='bbox 653 4095 831 4144; x_wconf 82' lang='lat' dir='ltr'><strong>revertamur.</strong></span> <span class='ocrx_word' id='word_1_408' title='bbox 845 4093 877 4142; x_wconf 76' lang='lat' dir='ltr'><strong>lat</strong></span> <span class='ocrx_word' id='word_1_409' title='bbox 889 4090 962 4144; x_wconf 87' lang='lat' dir='ltr'><strong>utde</strong></span> <span class='ocrx_word' id='word_1_410' title='bbox 976 4090 1018 4143; x_wconf 81' lang='lat' dir='ltr'><strong>llis</strong></span> <span class='ocrx_word' id='word_1_411' title='bbox 1028 4096 1167 4145; x_wconf 88' lang='lat' dir='ltr'><strong>taceamus</strong></span> <span class='ocrx_word' id='word_1_412' title='bbox 1176 4103 1247 4157; x_wconf 83' lang='lat' dir='ltr'><strong>quae</strong></span> <span class='ocrx_word' id='word_1_413' title='bbox 1256 4092 1362 4160; x_wconf 89' lang='lat' dir='ltr'><strong>scripta</strong></span> <span class='ocrx_word' id='word_1_414' title='bbox 1372 4100 1447 4161; x_wconf 88' lang='lat' dir='ltr'><strong>sunt,</strong></span> 
     </span>
     <span class='ocr_line' id='line_1_39' title="bbox 209 4187 1447 4261; baseline 0.003 -18"><span class='ocrx_word' id='word_1_415' title='bbox 209 4190 244 4245; x_wconf 91' lang='lat' dir='ltr'><strong>de</strong></span> <span class='ocrx_word' id='word_1_416' title='bbox 256 4192 298 4243; x_wconf 87' lang='lat' dir='ltr'><strong>bis</strong></span> <span class='ocrx_word' id='word_1_417' title='bbox 310 4194 415 4243; x_wconf 85' lang='lat' dir='ltr'><strong>tantum</strong></span> <span class='ocrx_word' id='word_1_418' title='bbox 427 4203 497 4257; x_wconf 86' lang='lat' dir='ltr'><strong>quae</strong></span> <span class='ocrx_word' id='word_1_419' title='bbox 510 4190 610 4257; x_wconf 84' lang='lat' dir='ltr'><strong>scripta</strong></span> <span class='ocrx_word' id='word_1_420' title='bbox 622 4202 678 4243; x_wconf 91' lang='lat' dir='ltr'><strong>non</strong></span> <span class='ocrx_word' id='word_1_421' title='bbox 691 4195 764 4256; x_wconf 90' lang='lat' dir='ltr'><strong>sunt,</strong></span> <span class='ocrx_word' id='word_1_422' title='bbox 778 4190 853 4257; x_wconf 82' lang='lat' dir='ltr'><strong>loqui</strong></span> <span class='ocrx_word' id='word_1_423' title='bbox 866 4194 894 4242; x_wconf 88' lang='lat' dir='ltr'><strong>el</strong></span> <span class='ocrx_word' id='word_1_424' title='bbox 912 4189 1034 4243; x_wconf 91' lang='lat' dir='ltr'><strong>seribere</strong></span> <span class='ocrx_word' id='word_1_425' title='bbox 1047 4187 1217 4257; x_wconf 87' lang='lat' dir='ltr'><strong>studeamus,</strong></span> <span class='ocrx_word' id='word_1_426' title='bbox 1231 4195 1263 4243; x_wconf 91' lang='lat' dir='ltr'><strong>ut</strong></span> <span class='ocrx_word' id='word_1_427' title='bbox 1278 4196 1307 4244; x_wconf 86' lang='lat' dir='ltr'><strong>et</strong></span> <span class='ocrx_word' id='word_1_428' title='bbox 1329 4206 1383 4247; x_wconf 89' lang='lat' dir='ltr'><strong>nos</strong></span> <span class='ocrx_word' id='word_1_429' title='bbox 1396 4194 1447 4261; x_wconf 86' lang='lat' dir='ltr'><strong>ipsi</strong></span> 
     </span>
    </p>
   </div>
   <div class='ocr_carea' id='block_1_3' title="bbox 209 4352 1450 4671">
    <p class='ocr_par' dir='ltr' id='par_1_7' title="bbox 209 4352 1450 4587">
     <span class='ocr_line' id='line_1_40' title="bbox 242 4352 1450 4424; baseline 0.003 -16"><span class='ocrx_word' id='word_1_430' title='bbox 242 4357 279 4419; x_wconf 89' lang='lat' dir='ltr'><strong>(l)</strong></span> <span class='ocrx_word' id='word_1_431' title='bbox 296 4355 424 4421; x_wconf 87' lang='lat' dir='ltr'><strong>sequitur</strong></span> <span class='ocrx_word' id='word_1_432' title='bbox 436 4355 555 4407; x_wconf 91' lang='lat' dir='ltr'><strong>narratio</strong></span> <span class='ocrx_word' id='word_1_433' title='bbox 568 4353 691 4407; x_wconf 87' lang='lat' dir='ltr'><strong>miraculi</strong></span> <span class='ocrx_word' id='word_1_434' title='bbox 701 4353 780 4408; x_wconf 84' lang='lat' dir='ltr'><strong>valde</strong></span> <span class='ocrx_word' id='word_1_435' title='bbox 792 4353 889 4406; x_wconf 90' lang='lat' dir='ltr'><strong>similis</strong></span> <span class='ocrx_word' id='word_1_436' title='bbox 899 4353 1051 4418; x_wconf 89' lang='lat' dir='ltr'><strong>(nonnullis</strong></span> <span class='ocrx_word' id='word_1_437' title='bbox 1063 4359 1156 4407; x_wconf 90' lang='lat' dir='ltr'><strong>tamen</strong></span> <span class='ocrx_word' id='word_1_438' title='bbox 1167 4352 1286 4407; x_wconf 83' lang='lat' dir='ltr'><strong>diuersis</strong></span> <span class='ocrx_word' id='word_1_439' title='bbox 1296 4354 1450 4424; x_wconf 79' lang='lat' dir='ltr'><strong>adjunctis)</strong></span> 
     </span>
     <span class='ocr_line' id='line_1_41' title="bbox 210 4436 1449 4508; baseline 0.005 -18"><span class='ocrx_word' id='word_1_440' title='bbox 210 4438 249 4491; x_wconf 92' lang='lat' dir='ltr'><strong>illl</strong></span> <span class='ocrx_word' id='word_1_441' title='bbox 261 4437 335 4504; x_wconf 87' lang='lat' dir='ltr'><strong>quod</strong></span> <span class='ocrx_word' id='word_1_442' title='bbox 356 4436 493 4490; x_wconf 91' lang='lat' dir='ltr'><strong>edidimus</strong></span> <span class='ocrx_word' id='word_1_443' title='bbox 514 4451 547 4490; x_wconf 91' lang='lat' dir='ltr'><strong>ex</strong></span> <span class='ocrx_word' id='word_1_444' title='bbox 566 4436 768 4491; x_wconf 68' lang='lat' dir='ltr'><strong>combardum.</strong></span> <span class='ocrx_word' id='word_1_445' title='bbox 783 4440 824 4503; x_wconf 77' lang='lat' dir='ltr'><strong>lb,</strong></span> <span class='ocrx_word' id='word_1_446' title='bbox 842 4437 935 4491; x_wconf 78' lang='lat' dir='ltr'><strong>Anat.</strong></span> <span class='ocrx_word' id='word_1_447' title='bbox 948 4436 1040 4504; x_wconf 80' lang='lat' dir='ltr'><strong>Bott,</strong></span> <span class='ocrx_word' id='word_1_448' title='bbox 1055 4441 1120 4491; x_wconf 88' lang='lat' dir='ltr'><strong>torn.</strong></span> <span class='ocrx_word' id='word_1_449' title='bbox 1134 4437 1167 4505; x_wconf 96' lang='lat' dir='ltr'><strong>ll,</strong></span> <span class='ocrx_word' id='word_1_450' title='bbox 1181 4451 1209 4503; x_wconf 89' lang='lat' dir='ltr'><strong>p.</strong></span> <span class='ocrx_word' id='word_1_451' title='bbox 1223 4440 1327 4508; x_wconf 66' lang='lat' dir='ltr'><strong>lob-bb,</strong></span> <span class='ocrx_word' id='word_1_452' title='bbox 1341 4440 1449 4495; x_wconf 64' lang='lat' dir='ltr'><strong>medem</strong></span> 
     </span>
     <span class='ocr_line' id='line_1_42' title="bbox 209 4520 672 4587; baseline -0.002 -13"><span class='ocrx_word' id='word_1_453' title='bbox 209 4523 292 4575; x_wconf 90' lang='lat' dir='ltr'><strong>etiam</strong></span> <span class='ocrx_word' id='word_1_454' title='bbox 305 4522 415 4587; x_wconf 87' lang='lat' dir='ltr'><strong>saepius</strong></span> <span class='ocrx_word' id='word_1_455' title='bbox 427 4520 517 4574; x_wconf 88' lang='lat' dir='ltr'><strong>verbis</strong></span> <span class='ocrx_word' id='word_1_456' title='bbox 533 4525 672 4586; x_wconf 86' lang='lat' dir='ltr'><strong>concepta.</strong></span> 
     </span>
    </p>

    <p class='ocr_par' dir='ltr' id='par_1_8' title="bbox 241 4603 847 4671">
     <span class='ocr_line' id='line_1_43' title="bbox 241 4603 847 4671; baseline 0.002 -13"><span class='ocrx_word' id='word_1_457' title='bbox 241 4605 276 4671; x_wconf 60' lang='grc' dir='ltr'><strong>(ἰ)</strong></span> <span class='ocrx_word' id='word_1_458' title='bbox 292 4604 421 4671; x_wconf 84' lang='lat' dir='ltr'><strong>sequitur</strong></span> <span class='ocrx_word' id='word_1_459' title='bbox 431 4617 526 4657; x_wconf 89' lang='lat' dir='ltr'><strong>rursus</strong></span> <span class='ocrx_word' id='word_1_460' title='bbox 538 4603 598 4669; x_wconf 82' lang='lat' dir='ltr'><strong>pius</strong></span> <span class='ocrx_word' id='word_1_461' title='bbox 612 4603 646 4658; x_wconf 91' lang='lat' dir='ltr'><strong>de</strong></span> <span class='ocrx_word' id='word_1_462' title='bbox 658 4616 691 4657; x_wconf 90' lang='lat' dir='ltr'><strong>ea</strong></span> <span class='ocrx_word' id='word_1_463' title='bbox 704 4617 734 4657; x_wconf 89' lang='lat' dir='ltr'><strong>re</strong></span> <span class='ocrx_word' id='word_1_464' title='bbox 746 4617 847 4659; x_wconf 91' lang='lat' dir='ltr'><strong>sermo.</strong></span> 
     </span>
    </p>
   </div>
   <div class='ocr_carea' id='block_1_4' title="bbox 0 0 1662 5482">
    <p class='ocr_par' dir='ltr' id='par_1_9' title="bbox 0 0 1662 5482">
     <span class='ocr_line' id='line_1_44' title="bbox 0 0 1662 5482; baseline 0 0"><span class='ocrx_word' id='word_1_465' title='bbox 0 0 1662 5482; x_wconf 95' lang='lat' dir='ltr'><strong> </strong></span> 
     </span>
    </p>
   </div>
  </div>
 </body>
</html>
