3316 5482
347 312 391 378 32
686 330 811 383 11111.
830 331 932 382 conn.
951 332 1126 385 11111111.
1145 334 1226 385 nar.

343 500 400 567 jam
416 501 510 554 multis
520 501 602 554 annis
620 500 655 555 ad
672 501 773 569 locum,
794 503 841 558 ubi
863 503 923 571 ipse
944 504 1040 559 beatus
1061 506 1219 573 requiescit,
1240 506 1381 572 pertinere
1399 507 1577 571 noscebatur,

346 601 454 654 auferre
475 600 702 669 etregi1s1silvae
723 601 883 671 adiungere,
904 616 966 658 cunr
986 604 1142 658 admonitus
1163 610 1239 658 esset
1258 605 1345 658 abeo
1365 605 1413 672 qui
1434 605 1487 659 loci
1500 605 1579 659 illius

345 713 440 755 curam
451 701 572 769 gerebat,
585 707 612 755 et
624 701 670 755 ille
682 714 857 770 nequaquam
868 701 1021 770 desisteret,
1035 702 1084 757 sed
1097 705 1180 758 etiam
1191 704 1262 758 fastu
1283 705 1429 772 superbiae
1449 704 1579 772 blaspbe-

347 801 418 854 miae
430 800 514 854 verba
526 800 716 868 responderet,
734 801 823 854 statim
846 802 965 855 amentia
985 814 1132 869 percussus
1153 802 1190 857 111
1209 802 1329 869 desipuit
1347 807 1378 857 ut
1397 803 1464 871 quid
1484 806 1580 872 ageret

348 900 457 967 penitus
468 900 615 969 ignoraret.
629 903 760 956 llocrero
772 902 901 956 omnibns
922 903 1087 970 patefactum
1108 909 1158 968 est,
1176 903 1251 972 qnod
1271 909 1382 971 propter
1403 904 1532 972 injuriam
1551 904 1615 957 etti

348 1000 512 1055 ablationem
525 1000 609 1055 silvae
619 1000 672 1054 loci
684 1001 758 1054 illius
770 1000 921 1055 accidisset.
935 1003 984 1066 Qui
995 1002 1101 1056 eumad
1111 1002 1199 1070 ipsum
1212 1003 1301 1057 locum
1310 1009 1446 1070 sanctum,
1458 1005 1505 1058 ubi
1517 1005 1579 1073 ipse

347 1105 457 1155 sanctus
468 1100 624 1168 requiescit,
636 1099 744 1154 oblatus
755 1106 806 1166 est,
820 1100 868 1155 sed
880 1113 941 1154 cnm
955 1105 1016 1155 voto
1027 1104 1055 1155 et
1065 1102 1238 1167 muneribus,
1251 1106 1278 1156 et
1298 1102 1447 1169 spopondit
1465 1117 1495 1158 se
1507 1104 1579 1158 nibil

346 1201 400 1256 tale
412 1201 441 1254 in
464 1201 601 1268 reliquum
620 1200 719 1266 iacere,
741 1199 833 1254 divina
852 1200 1000 1254 miserante
1021 1201 1165 1255 clementia
1184 1201 1220 1255 ad
1240 1201 1386 1269 pristinum
1406 1202 1578 1258 intellectum

346 1314 472 1356 reversus
483 1305 525 1354 est
536 1304 564 1354 et
570 1300 678 1368 plenam
690 1300 834 1354 sanitatem
845 1301 958 1367 recepit.

378 1401 412 1455 8.
424 1402 491 1455 cum
504 1413 629 1454 excursu
642 1400 772 1468 temporis
784 1398 815 1453 in
826 1400 896 1466 loco,
909 1400 957 1454 ubi
970 1400 1045 1454 idem
1061 1401 1250 1457 sanctissimus
1270 1402 1398 1457 conditus
1419 1408 1469 1469 est,
1483 1415 1576 1458 sarco·
1595 1404 1631 1458 10

346 1500 450 1569 pbagus
461 1500 535 1554 illius
546 1513 579 1554 ex
590 1501 675 1554 latere
692 1499 786 1555 altaris
805 1492 911 1554 vicinus
922 1500 1031 1554 adesset
1043 1506 1071 1555 et
1091 1514 1107 1554 a
1127 1502 1340 1556 ministrantium
1361 1516 1443 1570 saepe
1460 1503 1579 1569 pedibus

345 1600 563 1666 conculcaretur,
575 1612 591 1652 1
603 1599 723 1675 praelato
735 1599 789 1652 loci
810 1599 884 1652 illins
905 1599 994 1653 visum
1014 1604 1056 1653 est
1076 1605 1107 1653 nt
1127 1614 1190 1654 eum
1209 1600 1274 1655 inde
1294 1607 1432 1655 amoveret
1453 1607 1481 1655 et
1500 1607 1579 1655 trans

347 1699 432 1754 altare
443 1699 603 1755 honoratius
614 1699 770 1754 collocaret.
784 1698 861 1763 Quod
873 1712 937 1753 cum
949 1699 1040 1754 lacere
1051 1700 1186 1754 niteretur
1198 1705 1299 1756 etcum
1312 1702 1437 1769 plurimis
1449 1703 1578 1757 sacerdo·

346 1799 419 1854 tibus
430 1812 540 1854 necnon
561 1799 643 1853 etiam
655 1798 774 1853 robustis
784 1797 861 1865 11111,
874 1798 921 1866 qui
943 1798 1062 1853 maximo
1084 1800 1184 1854 robore
1205 1801 1346 1867 pollebant
1366 1805 1393 1854 et
1414 1801 1578 1856 fortitudine

345 1900 478 1966 corporis,
491 1912 664 1967 nequaquam
677 1898 712 1952 de
724 1899 783 1952 loco
795 1911 850 1965 quo
863 1898 945 1952 situm
969 1904 1027 1953 erat
1046 1912 1173 1955 amouere
1195 1901 1238 1955 161
1259 1901 1396 1955 modicum
1416 1908 1576 1969 potnerunt.
1595 1900 1630 1954 ¹5

346 1998 398 2054 Sed
410 2012 473 2052 cum
485 1998 547 2053 illos
558 1997 745 2051 instimulante
756 1998 847 2051 esurie
860 1997 966 2064 prandii
979 1999 1046 2051 bora
1058 1998 1092 2052 ad
1113 1999 1314 2053 comedendum
1337 2001 1377 2054 irc
1397 2005 1517 2069 cogeret,
1529 2014 1578 2055 eu·

345 2099 437 2154 stodes
451 2098 502 2153 loci
514 2099 598 2163 illius,
611 2099 725 2166 exiguae
737 2098 913 2163 fortitudinis,
923 2098 990 2152 dum
1002 2098 1042 2151 illi
1055 2099 1231 2166 pranderent,
1246 2100 1297 2154 boc
1309 2100 1438 2155 facillime
1455 2102 1576 2168 perisce-

201 2186 289 2266 ’,0οΦ
346 2204 411 2252 runt
422 2203 450 2253 et
461 2199 490 2253 in
503 2200 562 2254 loco
574 2200 621 2267 qui
642 2198 813 2252 destinatus·
829 2203 890 2252 erat
909 2197 1038 2265 perfacile
1053 2197 1247 2253 condiderunt.
1266 2201 1299 2252 ut
1318 2199 1431 2267 idcireo,
1453 2200 1518 2267 qula
1536 2199 1576 2253 ilb

148 2252 324 2307 demnatum
345 2297 482 2364 custodes,
503 2298 627 2366 quamvis
650 2297 764 2366 exiguae
782 2297 959 2363 fortitudinis,
980 2300 1083 2363 tamen,
1104 2297 1174 2351 sicut
1193 2298 1322 2351 omnibus
1343 2301 1439 2352 notum
1450 2301 1502 2365 est,
1514 2311 1575 2352 cor·

344 2397 420 2464 poris
431 2397 586 2465 uirginitate
597 2402 624 2451 61
636 2396 766 2464 pudicitia
778 2395 927 2464 pollebant.
1593 2398 1627 2450 so

377 2499 410 2551 4.
431 2496 567 2563 Quaedam
589 2497 691 2551 semina
707 2496 772 2550 dum
794 2496 939 2563 instigante
958 2495 1067 2551 diabolo
1088 2496 1223 2551 dieresin
1245 2496 1444 2552 Purillcationis
1465 2501 1577 2552 sanotae

344 2598 443 2653 itariae
456 2612 565 2666 semper
576 2597 689 2667 virginis
700 2597 730 2650 in
750 2597 909 2651 consuendo
930 2609 1041 2664 operam
1061 2597 1148 2664 daret,
1169 2610 1268 2651 manus
1288 2599 1348 2666 ejus
1366 2598 1487 2665 dextera,
1500 2597 1576 2652 unde

344 2713 424 2754 acum
435 2699 554 2764 tenebat,
567 2698 686 2753 arelacta
697 2701 747 2762 est,
766 2701 793 2751 et
812 2710 861 2763 pes
881 2697 940 2764 elus
957 2696 1062 2764 dexter,
1081 2710 1164 2765 super
1177 2711 1260 2766 quem
1280 2700 1362 2752 111111
1386 2699 1574 2765 incumbebat,

346 2799 437 2853 nervis
447 2802 603 2853 contractus
615 2801 666 2851 est.
680 2795 732 2849 Sed
746 2810 809 2851 mox
820 2800 850 2850 ut
864 2797 899 2850 ad
911 2795 1067 2862 sepulcrum
1079 2796 1154 2850 illius
1165 2798 1252 2851 sancti
1274 2797 1409 2865 pervenit,
1423 2811 1505 2865 prece
1517 2811 1572 2867 qua

345 2899 432 2966 potuit
443 2911 506 2952 eum
515 2897 661 2964 deprecata
673 2900 724 2962 est,
734 2901 761 2950 et
773 2896 879 2949 meritis
891 2894 964 2948 illius
976 2895 1010 2948 ad
1023 2894 1168 2961 pristinam
1183 2897 1328 2951 sanitatem
1341 2910 1450 2951 reversa
1463 2903 1513 2951 est.
1591 2898 1624 2951 23

378 2999 410 3052 5.
423 2997 569 3065 cujusdam
583 2994 782 3062 patrisfamilias
794 3007 875 3061 uxor,
889 2994 1001 3049 nomine
1012 2995 1149 3062 Gratiana,
1171 3008 1233 3049 cum
1255 3009 1336 3063 saepe
1348 2996 1386 3049 illi
1400 2997 1489 3050 luxata
1500 3003 1575 3051 esset

345 3097 489 3163 pecuniam
509 3095 624 3149 diversis
646 3094 745 3160 modis,
764 3093 862 3146 accidit
881 3092 953 3146 inter
970 3099 1061 3147 cetera
1080 3099 1112 3148 ut
1130 3095 1240 3148 vascula
1260 3094 1316 3149 duo
1337 3099 1477 3163 argentea,
1501 3108 1573 3163 quae

342 3195 409 3251 Galli
421 3209 437 3250 a
448 3181 581 3249 breuitate
592 3206 705 3262 cupam
717 3193 879 3247 vocabulum
893 3191 1062 3259 indiderunt,
1075 3192 1150 3247 unde
1163 3192 1247 3247 latine
1257 3195 1431 3262 componitur
1443 3209 1458 3248 a
1468 3208 1572 3263 scopa,

345 3293 468 3362 quodest
476 3293 611 3348 vinarium
622 3304 679 3356 vas,
687 3296 799 3359 argento
807 3291 879 3357 quod
889 3290 947 3344 viro
960 3291 1135 3357 subripuerat
1145 3292 1226 3359 plena
1242 3293 1343 3359 ’,11111
1355 3292 1484 3360 lapidem,
1496 3293 1574 3355 unde

345 3407 447 3461 equum
459 3391 645 3448 conscendere
657 3390 753 3445 solitus
772 3394 839 3454 erat,
852 3390 917 3443 irinc
936 3389 1001 3442 inde
1021 3391 1104 3444 numo
1124 3390 1253 3445 defossa·
1266 3393 1396 3458 operiret.
1419 3396 1475 3458 Qua
1486 3391 1522 3446 de
1540 3406 1572 3447 re
1591 3394 1624 3447 111

345 3495 464 3549 amentia
476 3506 603 3561 percussa
615 3497 643 3546 et
653 3491 762 3558 penitus
774 3490 839 3543 asui
852 3502 949 3543 sensus
962 3489 1150 3558 intellegentia
1159 3491 1249 3545 aliena
1261 3489 1354 3545 ellecta
1366 3493 1497 3557 est.Quae
1506 3491 1575 3545 dum

346 3595 381 3650 ad
392 3594 547 3661 sepulcrum
560 3591 647 3646 sancti
659 3590 710 3643 1111
728 3587 791 3642 liliis
803 3589 862 3655 ejus
881 3589 1051 3657 gestantibus
1065 3589 1146 3643 allata
1166 3589 1272 3657 luisset,
1295 3590 1456 3644 memoriam
1470 3592 1576 3658 recepit

341 3701 370 3749 et
381 3693 506 3749 consessa
518 3696 561 3746 est
572 3693 714 3760 argentum
727 3688 801 3756 quod
814 3693 902 3742 terrae
914 3689 1007 3742 iurtim
1020 3687 1177 3743 suffoderat.
1191 3690 1266 3754 Quod
1280 3702 1342 3742 cum
1352 3688 1401 3743 lilii
1411 3691 1471 3757 ejus
1483 3703 1576 3757 reper-

342 3797 401 3846 tum
413 3790 516 3846 exinde
531 3789 678 3855 eruissent,
692 3786 781 3840 statim
801 3787 834 3840 ad
846 3787 956 3854 plenam
968 3788 1110 3841 sanitatem
1123 3788 1258 3854 pervenit.

375 3893 407 3946 6.
429 3889 533 3945 Ancilla
551 3887 692 3955 cuiusdam
709 3887 759 3941 viri
778 3886 889 3952 nobilis,
911 3888 1024 3941 nomine
1042 3886 1164 3954 Arnaldi,
1186 3889 1292 3954 abipso
1313 3901 1401 3954 paene
1422 3889 1573 3943 nativitatis
1591 3893 1624 3946 ³5

342 3995 439 4046 exortu
452 4002 542 4054 61111,
555 4001 618 4043 cum
630 3986 665 4040 ad
678 3986 764 4052 ipsius
776 3986 862 4040 sancti
874 3986 926 4040 viri
938 3987 1095 4053 sepulcrum
1107 3988 1226 4041 venisset
1238 3992 1266 4041 et
1281 3988 1409 4053 precibus
1421 4002 1451 4043 se
1471 3990 1500 4042 in
1512 4002 1572 4042 ora·

341 4091 445 4145 tionem
456 4088 613 4153 dedisset,a
624 4085 761 4139 dinturnis
773 4086 894 4140 tenebris
906 4086 965 4140 erni
978 4086 1108 4141 etlumen
1122 4087 1189 4141 caeli
1203 4087 1296 4141 ridere
1310 4089 1411 4142 meruit
1423 4093 1450 4141 et
1459 4088 1573 4155 plenum

342 4189 436 4243 lumen
448 4187 536 4242 oculis
545 4186 656 4253 recepit.

374 4290 407 4343 ’1.
420 4286 558 4354 Quaedam
571 4285 673 4340 lemina
685 4285 789 4339 babens
801 4284 888 4338 illium
901 4290 1005 4352 septem
1016 4298 1152 4340 annorum
1165 4285 1271 4339 nullum
1290 4287 1400 4352 penitus
1411 4299 1570 4342 sermonem

342 4386 514 4456 loquacitatis
526 4385 682 4451 habentem,
696 4390 787 4439 mutus
800 4398 863 4439 cum
880 4391 964 4450 esset,
984 4385 1122 4451 propriam
1143 4384 1280 4452 loquelam
1300 4386 1402 4452 recepit
1419 4391 1447 4439 et
1461 4389 1572 4442 sanitati
1591 4390 1625 4442 lb

341 4486 473 4554 pristinae
484 4484 609 4540 redditus
621 4492 672 4539 est.

373 4583 556 4649 1111111111
570 4590 658 4638 mater
668 4584 784 4638 familias
795 4596 857 4636 cum
867 4588 984 4649 utraque
993 4595 1076 4636 manu
1087 4583 1185 4637 debilis
1195 4589 1275 4649 esset,
1285 4583 1401 4639 venians
1413 4585 1442 4639 in
1456 4586 1567 4651 atrium,
