3316 5482
225 349 292 416 506
568 364 693 416 aaran.
713 365 815 416 oona.
833 365 1008 418 naaman.
1028 366 1109 417 aaa.

227 537 321 603 egenis
333 535 499 603 propensius
512 541 668 604 spargeret:
690 535 770 588 sicuti
786 535 860 588 enim
878 535 951 589 latex
968 537 1070 603 ignem,
1081 536 1117 590 ita
1130 536 1264 591 alimonia
1276 538 1452 605 pauperiem·

227 648 304 688 cessa
317 635 450 688 scelerum
463 635 555 689 obruit
567 635 677 689 molem.
699 635 782 702 cujus
804 649 865 689 cum
885 634 1058 690 suasionibus
1082 636 1183 689 mulier
1201 636 1315 703 sapiens
1323 642 1452 706 gratanter

227 738 363 788 annueret
375 735 468 801 eisque
481 747 529 800 pro
550 747 630 800 posse
649 733 839 787 obsecundare
860 733 1044 800 profiteretur,
1057 735 1137 789 solita
1149 736 1281 790 sacerdos
1293 736 1450 790 armacani

228 833 315 901 piens,
327 833 410 886 bumo
422 833 590 898 provolvitur
602 837 629 885 et
640 832 692 898 piis
704 832 773 886 votis
785 833 884 886 summi
901 832 1076 887 dulcedinem
1093 832 1202 899 opificis
1215 834 1392 900 imprecatur,
1403 846 1449 901 quo

227 931 372 1000 languidae
394 944 459 986 suae
478 946 507 985 se
526 932 687 999 benignitati
708 932 851 985 inclinanti
866 933 1002 996 auxiliari,
1023 946 1074 985 nec
1094 937 1201 985 tantum
1217 933 1347 988 cadaveri
1366 934 1473 986 verunt

228 1033 310 1084 etiam
322 1032 432 1099 imagini
447 1044 524 1097 suae,
537 1032 645 1084 animae
658 1031 771 1097 scilicet,
785 1031 906 1098 priscum
927 1032 1022 1084 salutis
1039 1033 1123 1086 robur
1135 1031 1329 1101 redintegrare
1340 1032 1450 1101 dignare

227 1136 280 1184 tur.
294 1131 341 1183 llis
354 1131 389 1182 ita
401 1130 546 1196 peroratis,
560 1130 588 1182 in
600 1128 685 1197 pedes
698 1131 811 1198 erigitur
822 1136 904 1198 atque
917 1130 1049 1197 purificati
1062 1130 1116 1184 olei
1129 1130 1238 1196 liquore
1250 1144 1351 1185 omnes
1361 1130 1449 1184 liniens

227 1233 312 1294 artus,
330 1229 420 1296 fugato
433 1242 466 1282 ox
478 1231 583 1296 integro
597 1230 702 1297 morbo,
716 1230 789 1285 dicto
810 1232 889 1285 citius
903 1231 992 1284 sititae
1010 1230 1192 1284 incolumitati
1204 1242 1289 1298 aegra
1302 1244 1449 1297 repraesen-

133 1341 140 1353 ·
158 1380 165 1395 ,
227 1333 308 1394 tatur,
319 1335 401 1395 atque
413 1329 442 1380 in
453 1328 559 1381 bomini
569 1328 697 1382 laudibus
704 1329 795 1383 cuncti
806 1333 960 1395 spectantes
970 1327 1168 1383 accenduntur.
1180 1328 1370 1382 madantum·
1380 1341 1449 1394 porro

229 1428 336 1482 choreis
348 1428 402 1481 illia
423 1429 545 1494 ejusdem
567 1429 694 1495 feminae,
708 1428 872 1482 thenestina
894 1428 974 1494 dicta,
988 1429 1022 1482 de
1045 1442 1099 1495 qua
1118 1428 1200 1494 paulo
1222 1429 1448 1494 superiuspaueis
1463 1429 1484 1480 lt

227 1526 370 1580 absolvere
383 1527 566 1593 promisimus,
587 1527 727 1593 intererat,
749 1540 832 1595 quam
850 1528 906 1593 jam
928 1526 1034 1594 pridem
1055 1526 1175 1594 genitrix
1195 1526 1257 1592 ejus
1268 1524 1450 1593 cuidamregis

134 1634 166 1689 ·.
229 1625 362 1693 optimati,
384 1626 504 1679 felicium
524 1627 677 1694 genitorum
704 1628 837 1694 sanguino
857 1627 949 1693 ereti·,
968 1628 1154 1693 desponsarat,
1177 1627 1311 1680 attentius
1324 1625 1451 1680 collocans

229 1726 321 1780 animo
333 1739 522 1793 quaecumque
533 1727 674 1781 obtutibus
686 1727 831 1781 auribusve
843 1727 994 1795 colligebat.

258 1826 312 1878 Vl.
326 1827 403 1878 Tanti
416 1826 507 1893 itaque
519 1827 638 1893 stuporis
651 1840 746 1892 pamm
768 1827 934 1893 perstrepitu
946 1826 1050 1887 sedato,
1064 1829 1219 1892 opportune
1232 1824 1326 1892 puella
1344 1824 1451 1878 audiens

226 1925 401 1993 ltigomerum
412 1925 533 1992 beatum,
546 1926 694 1980 admodum
707 1927 766 1992 ejus
786 1926 867 1979 dictis
884 1926 1014 1979 oblectari
1027 1927 1137 1990 latetur,
1150 1925 1299 1979 formulam
1313 1938 1377 1979 vero
1395 1938 1450 1979 oon·
1465 1925 1487 1976 li

226 2024 387 2078 versationis
399 2025 452 2078 sibi
465 2027 698 2093 pernecessariam
717 2026 751 2079 ab
772 2039 804 2079 eo
825 2026 925 2079 obnixe
942 2025 1103 2092 praestolari
1120 2023 1280 2078 confltetur.
1293 2027 1327 2078 nt
1339 2025 1451 2079 modae

226 2124 348 2176 tissimus
360 2136 449 2191 sacer,
462 2138 627 2192 quamquam
641 2130 752 2192 paratus
764 2130 836 2178 esset
853 2126 927 2179 omni
946 2125 1067 2192 poscenti
1085 2138 1115 2177 se
1133 2124 1270 2177 mbonem
1283 2124 1406 2192 pendere
1421 2122 1451 2176 de

227 2221 281 2275 ilde
294 2236 325 2276 ao
336 2237 384 2290 spe
395 2237 466 2290 quae
478 2225 507 2276 in
519 2227 573 2287 lieo
586 2230 636 2291 est,
646 2225 742 2279 volens
754 2231 844 2279 amen
857 2226 974 2293 probare
982 2225 1108 2292 spiritum
1121 2224 1208 2291 ipsius
1220 2237 1257 2277 an
1267 2237 1303 2277 ex
1314 2227 1370 2278 lieo
1379 2225 1451 2287 toret,

227 2324 390 2377 infantulam
402 2324 492 2377 adhue
504 2338 564 2378 eam
577 2326 738 2393 ingeminat,
752 2326 845 2379 matris
857 2325 948 2391 potius
959 2324 994 2378 ad
1012 2325 1119 2378 libitum
1136 2324 1207 2377 virili
1220 2324 1302 2378 tboro
1324 2325 1366 2377 uti
1380 2335 1451 2390 opor

226 2429 294 2488 tere,
307 2422 423 2476 sublime
435 2423 544 2490 aliquod
557 2425 591 2478 ad
603 2425 771 2491 propositum
783 2424 904 2490 aspirare
922 2437 1000 2490 posse
1020 2423 1146 2491 denegat.
1158 2426 1258 2476 Verum
1271 2422 1389 2491 virginei
1406 2421 1488 2476 tor-ss

227 2522 314 2575 titudo
326 2521 442 2589 decoris,
453 2536 535 2591 quam
548 2525 604 2576 suis
616 2524 765 2576 mitissimis
777 2524 947 2590 amplexibus
965 2522 1137 2590 praeviderat
1154 2524 1229 2590 virgo
1242 2535 1333 2591 agnam
1346 2538 1353 2575 :
1366 2522 1451 2586 aaa,

228 2621 325 2687 inquit,
338 2624 454 2690 sancte,
462 2635 645 2689 poneposam
668 2622 748 2677 lianc
761 2623 923 2689 mandam,
936 2622 1101 2689 omitiaqne
1117 2635 1198 2688 qnae
1214 2622 1250 2675 in
1261 2634 1298 2676 eo
1308 2621 1454 2676 mortales

228 2719 349 2788 fallant
361 2720 501 2788 orontius
514 2735 608 2788 qnam
620 2721 696 2788 qaid
710 2721 861 2788 perennis
872 2721 1074 2775 emolumenti
1079 2719 1265 2789 praebeant,
1279 2721 1379 2775 reieio
1390 2718 1454 2788 stot-

227 2819 323 2887 ditas,
338 2822 372 2872 ut
384 2820 447 2887 a'psi
458 2820 552 2873 etiarn
565 2834 675 2888 sponso
688 2821 935 2874 renuntiaverint
948 2821 1081 2889 munina,
1090 2833 1180 2887 quern
1192 2819 1456 2887 mihiproot'disse

223 2920 360 2985 pataret
371 2932 460 2972 aanor
471 2922 642 2972 maternus.
657 2921 816 2987 ltigomems
830 2933 929 2984 nempe
940 2920 1045 2982 beatus,
1059 2923 1149 2972 tantm
1162 2919 1345 2984 professionis
1364 2918 1455 2987 gando
1468 2914 1491 2966 it

226 3020 343 3087 gavisus,
366 3020 467 3084 quippe
488 3020 534 3085 qui
552 3019 682 3085 scriptum
706 3020 808 3086 legerat
830 3035 836 3070 z
859 3021 1001 3088 Laetare,
1023 3019 1152 3084 sterilis,
1173 3031 1255 3085 patae
1276 3031 1341 3072 aton
1357 3017 1455 3086 pasis,

226 3132 354 3186 auriane
366 3122 395 3172 et
407 3121 511 3173 etanta
523 3134 603 3186 getae
615 3135 677 3172 non
684 3120 841 3188 panetario,
853 3121 1001 3186 paeoniam
1009 3122 1121 3187 plnres
1134 3119 1280 3172 desertae
1291 3118 1359 3187 filii
1369 3131 1456 3186 quarn

227 3220 293 3282 ejres
311 3232 393 3284 quae
405 3219 458 3271 sad
472 3219 537 3271 ciro
551 3221 654 3287 gennit,
670 3221 790 3285 auspicio
804 3220 923 3286 quodam
937 3233 1059 3273 eorume
1078 3231 1193 3271 numero
1208 3217 1283 3270 illam
1298 3230 1456 3286 praesagans

228 3320 273 3384 aui
288 3318 405 3385 virgines
417 3326 570 3384 sequuntur
579 3333 679 3385 agnum
692 3333 865 3385 quocumque
879 3320 939 3372 ierit
948 3320 1050 3385 quique
1060 3319 1119 3370 sine
1130 3318 1235 3370 macula
1243 3324 1309 3369 sunt
1318 3324 1384 3371 ante
1393 3319 1456 3369 tltro

228 3430 295 3468 num
306 3416 351 3468 liei
363 3433 369 3467 :
385 3416 471 3484 onai,
480 3417 527 3480 ait,
536 3417 648 3483 filiola,
656 3417 686 3468 st
698 3430 767 3470 arere
777 3431 823 3486 ea,
835 3431 913 3484 qaae
922 3417 978 3470 tibi
986 3417 1157 3471 secantium
1169 3415 1330 3469 desideria
1340 3415 1455 3469 erroris
1467 3412 1490 3462 it

229 3516 356 3569 vivendo
367 3515 496 3584 fuerent
506 3515 606 3581 luera,
620 3517 710 3584 reris,
724 3517 773 3569 nti
784 3516 876 3584 fassa
888 3530 928 3583 es,
936 3519 1069 3584 propter
1083 3514 1240 3570 Christum
1254 3516 1420 3569 Dominum
1431 3514 1456 3566 et

229 3617 325 3668 Deum
340 3617 482 3667 reostrnna
502 3615 699 3683 detrimenta,
713 3629 792 3682 qnae
804 3617 871 3668 saris
891 3617 1042 3683 spondeat
1061 3616 1170 3669 amieis
1190 3615 1217 3666 is
1229 3627 1322 3681 qnam
1340 3625 1453 3676 amere,

228 3713 355 3779 ambire,
366 3714 495 3780 esurire,
508 3714 606 3779 sitire,
617 3716 826 3781 contemplari
839 3729 913 3768 ocra
925 3717 971 3768 est
983 3715 1057 3781 vita,
1069 3713 1236 3781 diligenter
1248 3711 1453 3767 auscultando

227 3817 328 3867 nitente
347 3816 582 3880 collocantem
600 3816 734 3881 quodam
749 3815 782 3868 in
797 3817 860 3869 loco
874 3833 882 3869 :
897 3816 981 3882 rVos,
1001 3814 1112 3881 iraqait,
1134 3813 1231 3867 arietet
1250 3813 1313 3866 mei
1333 3813 1416 3877 eatis,
1428 3810 1453 3863 ai

225 3911 362 3980 feceritis
375 3926 454 3979 qnae
460 3914 624 3979 praecipio
636 3913 718 3967 vobis
734 3933 755 3966 v.
769 3915 858 3967 illias
870 3926 941 3967 vero
953 3914 1030 3980 qnid
1042 3913 1152 3967 amieis
1163 3912 1230 3964 anis
1237 3912 1403 3978 pollicitae
1414 3909 1450 3962 ait
1462 3906 1485 3958 ii

227 4012 408 4065 dilucidans
420 4030 450 4066 :a
465 4012 524 4072 Qni
535 4013 683 4079 omiserit,
697 4013 753 4080 ait,
760 4017 887 4080 patrem
898 4016 955 4066 ant
970 4015 1103 4066 matrem
1114 4014 1288 4078 cunctaque
1300 4022 1450 4078 qnaepos·

226 4111 328 4164 sidere
340 4111 491 4177 potnerit,
504 4115 628 4165 secutas
649 4115 742 4179 etatae
761 4127 809 4166 ine
828 4111 937 4179 faerit,
951 4112 1132 4179 centuplam
1153 4112 1287 4178 accipiet
1310 4114 1340 4165 et
1361 4111 1450 4163 vitam

227 4212 592 4278 aeternampossidebit».
601 4213 700 4266 Porro
709 4216 823 4280 autern,
833 4215 866 4264 ut
876 4213 1016 4266 erunibus
1026 4208 1449 4277 desagandereeaptcntibaa

227 4312 480 4379 indicaretpaam
491 4312 737 4380 infatigabiliter
744 4313 866 4380 obsequi
875 4315 1027 4379 cortgraat
1032 4312 1134 4377 jussis
1143 4311 1211 4375 ejas
1221 4328 1230 4364 .·
1241 4310 1365 4376 «Nemo,
1375 4306 1446 4373 infit,

227 4410 323 4463 mittit
339 4424 467 4462 ettennon
479 4410 522 4462 act
540 4414 685 4462 aratrum
697 4414 725 4463 et
745 4411 904 4477 aspexerit
920 4413 1014 4472 retra,
1027 4409 1084 4475 (μα’
1094 4411 1187 4474 apicas
1199 4408 1243 4460 sit
1254 4408 1311 4460 Dei
1322 4417 1412 4474 regne
1425 4422 1443 4454 a.
1457 4402 1479 4451 ⁸⁰

226 4509 348 4562 Paetus
366 4509 519 4576 sana-ivos
537 4509 640 4576 ipsam
660 4510 834 4577 definiens:
850 4529 860 4558 ι
876 4511 1000 4576 Nattae,
1017 4509 1128 4576 dignit,
1144 4509 1282 4562 luctator
1299 4505 1445 4573 repetitas

226 4608 318 4661 sertis
330 4607 498 4663 doetabitnr
511 4609 545 4662 ni
556 4611 692 4662 certator
706 4609 861 4676 epitimia
873 4607 1086 4675 eoritprudetar
1102 4626 1123 4660 v.
1135 4607 1218 4662 Haec
1229 4606 1407 4675 novipetao
1420 4603 1445 4654 et
