3316 5482
447 315 541 365 amn.
558 312 640 366 nar.
659 313 777 366 eante.
795 332 841 345 -·
856 313 1010 366 menon.
1031 313 1079 363 an
1095 311 1173 364 oon.
1192 309 1268 363 saus.
1407 295 1471 362 391

241 491 283 540 tur
291 488 456 540 llauaucum
466 486 512 551 (l),
522 481 677 537 borrendus
687 481 763 537 furor
772 481 871 536 eodem
881 482 927 536 die
936 482 1049 551 contigit
1058 482 1236 548 daemonum,
1247 482 1303 549 qui,
1313 486 1408 550 utpote
1420 482 1474 549 spi·

241 585 477 653 ritalianequitiae
485 584 682 638 incaelestibus
692 587 865 650 tempestates
875 587 1022 650 ostentant,
1031 581 1328 648 buviumVinzennelil
1335 593 1368 636 eo
1378 582 1475 635 decur-

241 692 350 741 rentem
362 685 488 753 adusque
500 685 589 739 nubes
600 684 671 738 aeris
682 682 823 738 exundare
835 681 990 749 impellunt.
1003 682 1183 736 llradlcantur
1194 680 1314 749 denique
1327 682 1362 736 ab
1375 683 1434 749 ipsa
1445 682 1471 736 vi

240 784 363 841 turbinis
374 786 487 840 arbores
498 784 584 839 durae
595 801 603 851 ;
616 784 710 838 caulae
722 784 825 848 ovium,
837 783 945 836 stabula
956 787 1142 836 armentorum
1155 781 1184 835 in
1194 782 1311 835 sublime
1320 786 1472 849 replentur,

209 887 342 941 idemus
359 885 556 952 plerorumque
573 883 602 936 in
619 882 738 936 favillam
757 881 934 949 dissipantur,
953 881 1084 948 dispersis
1104 894 1324 949 quaquaversum
1346 879 1428 948 tignis
1447 884 1474 934 et

240 985 376 1050 trabibus,
389 982 464 1037 saxis
475 982 611 1050 parietum
622 982 796 1048 volantibus,
810 981 877 1048 quin
890 982 984 1048 immo,
998 981 1099 1033 mirum
1107 960 1202 1048 dictu,
1215 979 1341 1047 sepulcra
1353 984 1474 1035 mortuo·

240 1099 304 1140 rum
316 1084 440 1151 undique
459 1083 488 1135 in
509 1082 625 1136 circuitu
646 1080 765 1147 defossa,
778 1093 894 1148 corpora
906 1081 1076 1147 sepultorum
1089 1081 1185 1148 ejecta,
1208 1080 1327 1147 plurima
1345 1084 1410 1133 sunt
1421 1093 1472 1147 per

241 1199 324 1255 agros
335 1198 368 1239 ac
379 1183 480 1251 passim
491 1176 523 1236 ut
533 1182 622 1248 pulvis
633 1182 766 1248 dispersa.
780 1182 856 1235 Sicut
868 1186 957 1234 terrae
971 1185 1061 1234 molus
1080 1180 1216 1245 insolitus,
1229 1179 1396 1234 daemonum
1408 1192 1469 1247 por·

238 1289 316 1340 mnia
328 1285 358 1337 in
374 1296 437 1338 aere
449 1282 589 1336 horribilia
607 1282 833 1348 conspiciuntur3
850 1280 965 1348 lapides,
978 1280 1126 1348 grandines
1138 1280 1318 1347 semipedales
1339 1285 1367 1334 et
1388 1280 1470 1348 ultra,

190 1387 223 1439 lli
240 1397 326 1452 supra
338 1396 409 1450 quae
421 1381 554 1436 cadebant
566 1386 664 1434 cuncta
676 1380 865 1434 conterebant.
880 1380 1015 1435 Habentes
1027 1392 1093 1448 ergo
1105 1379 1199 1446 populi
1212 1384 1276 1433 aute
1288 1378 1381 1433 oeulos
1393 1379 1471 1433 stine·

239 1497 316 1538 ream
329 1486 455 1550 mortem,
468 1486 592 1535 sanctum
605 1480 758 1548 apostolum
772 1481 935 1535 invocabant
955 1481 1155 1547 proclamantes
1166 1483 1249 1547 alque
1268 1478 1302 1533 ad
1314 1481 1375 1547 ejus
1387 1479 1473 1533 eccle·

239 1584 309 1637 siam
322 1596 338 1636 a
352 1582 466 1636 minimo
477 1595 565 1649 usque
576 1581 611 1634 ad
631 1582 778 1634 maximum
801 1581 941 1649 ingruunt.
952 1582 1076 1648 Dumque
1096 1579 1246 1633 solotenus·
1258 1583 1383 1633 sanctum
1395 1579 1473 1632 invo-

239 1686 315 1750 cant,
325 1678 518 1754 dissipandur]
529 1681 687 1749 phantasiae
699 1680 875 1748 daemonum,
888 1679 1076 1734 dissolvuntur
1087 1679 1211 1733 enormia
1222 1680 1353 1732 continuo
1365 1683 1473 1745 porten-

240 1787 277 1836 la.
293 1782 338 1837 Sic
349 1782 475 1849 praesule
486 1794 536 1837 suo
549 1785 591 1835 sat
602 1782 725 1848 juvante,
737 1781 916 1847 conquiescit,
929 1784 956 1833 el
973 1779 1154 1847 tranquillitas
1172 1779 1306 1845 redditur,
1319 1791 1410 1846 neque
1425 1779 1472 1832 ali·

187 1885 222 1938 15
239 1882 309 1951 quid
321 1883 434 1937 noxium
448 1882 605 1936 bominibus
617 1885 658 1935 est
670 1885 844 1949 proventum.

275 1983 331 2036 36.
344 1982 472 2050 Ejusdem
484 1981 635 2036 festivitatis
645 1981 820 2035 celebrantur
832 1985 983 2034 noeturnae
1003 1980 1110 2049 vigiliae
1121 1979 1156 2033 ad
1171 1979 1306 2033 tumulum
1326 1982 1470 2046 sanctum;

238 2095 369 2151 moxque,
382 2082 448 2136 dum
460 2083 546 2136 lector
558 2094 660 2135 nomen
672 2081 769 2135 recitat
779 2081 918 2147 llartialis,
932 2083 1024 2134 mutus
1041 2093 1057 2134 a
1077 2080 1202 2147 pluribus
1225 2079 1394 2146 temporibus
1412 2080 1472 2148 qui·

237 2185 314 2250 dam,
326 2184 438 2238 nomine
449 2183 588 2249 llarlialis,
602 2183 713 2250 eloquio
726 2186 836 2248 recepto
847 2182 971 2236 crebrius
984 2181 1133 2250 ingeminat
1156 2194 1257 2234 nomen
1279 2181 1376 2234 sancti.
1388 2182 1470 2248 Cujus

238 2285 370 2338 dominus
391 2281 504 2351 quidam
524 2283 675 2337 vicecomes
698 2295 840 2349 praesens,
862 2282 1028 2335 laetissimus
1049 2280 1165 2336 eiiieitur
1185 2279 1220 2334 de
1241 2281 1382 2347 miraculo,
1404 2280 1468 2348 quia

187 2387 222 2440 20
239 2383 450 2437 dilectissimum
472 2395 555 2449 quem
576 2382 709 2435 babuerat
729 2394 850 2448 servum,
875 2393 923 2434 ore
943 2381 1036 2434 clauso
1056 2379 1226 2446 damnatum,
1254 2393 1327 2433 nunc
1348 2392 1397 2447 per
1422 2379 1468 2434 liei

237 2482 356 2551 apostoli
368 2480 540 2536 elementiam
554 2494 695 2535 resumere
707 2482 808 2535 meruit
819 2481 987 2548 expeditum.

274 2583 329 2637 8¹7.
354 2583 488 2636 praeclari
508 2583 625 2649 pastoris
645 2580 792 2635 admodum
818 2580 990 2650 magnificam
1013 2582 1205 2636 claritudinem
1229 2581 1304 2648 ipsae
1327 2580 1469 2635 declarant

237 2688 411 2737 mortuorum
431 2683 547 2736 animae.
569 2684 636 2735 liam
656 2694 689 2735 ex
714 2682 819 2735 civibus
843 2682 944 2736 nostris
970 2682 1126 2749 quisquam,
1151 2680 1225 2748 apud
1250 2686 1356 2735 exteras
1379 2695 1468 2748 nuper

237 2781 386 2835 defunctus
400 2785 490 2847 partes
502 2779 603 2848 ltaliae,
616 2780 774 2833 Lemovices
791 2780 899 2833 cuidam
912 2781 1010 2846 amico,
1034 2781 1081 2848 qui
1098 2781 1244 2848 presbyter
1263 2785 1331 2844 erat,
1353 2779 1469 2834 idoneus

187 2883 220 2935 25
238 2880 268 2933 in
280 2881 341 2932 visu
353 2879 497 2947 apparuit3
512 2879 559 2946 qui
577 2862 724 2933 videbatur
741 2879 910 2947 gravissimis
930 2880 1016 2949 plagis
1037 2885 1094 2934 toto
1115 2892 1230 2947 corpore
1251 2879 1420 2945 vulneratus,
1438 2893 1470 2934 ac

236 2978 423 3032 ramusculum
436 2978 485 3031 lilii
496 2980 620 3047 gestabat
632 2980 769 3032 manibus.
783 2978 867 3047 igilur
880 2979 970 3032 anima
983 2979 1039 3047 illa,
1054 2979 1138 3033 multa
1158 2979 1329 3033 sacerdotem
1347 2979 1466 3046 compel-

235 3077 308 3142 lans,
321 3077 429 3130 dicebat
447 3081 572 3130 sanctum
593 3076 747 3144 apostolum
768 3078 819 3131 boc
842 3077 928 3131 lilium
948 3078 1000 3131 sibi
1020 3077 1130 3131 dedisse
1150 3091 1200 3145 pro
1221 3078 1419 3145 misericordia,
1436 3084 1468 3131 ut

235 3177 329 3245 plagas
348 3189 363 3229 a
385 3175 568 3230 daemonibus
586 3178 696 3243 saepius
719 3177 836 3231 inflictas
860 3191 893 3231 ex
915 3179 975 3244 ipso
999 3179 1170 3247 contingens,
1184 3178 1270 3232 levius
1288 3191 1318 3231 se
1336 3178 1465 3246 baberel3

235 3277 382 3344 ipsumque
392 3276 580 3330 beatissimum
590 3275 694 3345 lide[m]
704 3280 759 3331 lieo
769 3277 873 3332 dixisse
884 3284 996 3346 propter
1006 3292 1044 3347 se,
1055 3279 1120 3333 dum
1134 3278 1305 3346 adjudicatus
1315 3284 1387 3333 esset
1398 3278 1465 3332 inie-

187 3378 217 3431 bb
234 3376 282 3440 ris,
293 3388 329 3428 ne
341 3376 370 3428 in
378 3376 507 3442 abyssum
515 3376 679 3430 cruciandus
688 3376 852 3430 deiceretur.
863 3380 893 3430 lit
902 3378 966 3444 quia
975 3378 1047 3432 inter
1057 3378 1180 3432 notiores
1192 3378 1282 3434 dierat
1290 3379 1372 3446 cives,
1382 3391 1464 3447 quae·

232 3476 297 3529 dam
309 3480 477 3529 secretorum
490 3476 598 3543 conjugi
612 3475 722 3529 mandat
734 3488 800 3530 suae
813 3490 860 3544 per
877 3477 1006 3543 visorem,
1020 3490 1070 3543 per
1081 3490 1153 3544 quae
1165 3477 1278 3545 indicia,
1288 3491 1358 3546 quae
1370 3476 1462 3532 dicere

233 3575 386 3641 supersedi,
396 3576 597 3642 deprehensum
609 3583 649 3629 est
662 3578 713 3631 boc
726 3590 781 3631 non
793 3577 892 3632 falsum
905 3577 989 3632 fuisse
1002 3591 1105 3632 oroma.
1113 3579 1156 3632 Sic
1165 3579 1270 3647 liquido
1283 3584 1388 3633 constat
1400 3579 1466 3648 qula

232 3676 304 3741 inse
315 3681 457 3742 sperantes
470 3677 644 3730 beatissimus
658 3678 704 3731 bei
717 3678 857 3744 apostolus
871 3690 922 3731 nec
934 3677 963 3730 in
975 3683 1063 3732 morte
1075 3677 1207 3732 deserens
1224 3679 1364 3747 relinquit.

267 3774 323 3828 88.
338 3776 452 3840 Quidam
463 3776 613 3841 losiredus,
626 3777 833 3843 paterfamilias
845 3789 959 3843 magnae
969 3776 1078 3844 domus,
1090 3779 1261 3848 petragorico
1273 3779 1386 3848 degens,
1398 3779 1464 3833 dum

187 3876 217 3929 lb
233 3874 310 3940 parvi
320 3874 452 3940 penderet
464 3874 607 3928 sollemnia
620 3875 784 3929 sanctissimi
796 3875 933 3944 Martialis,
947 3877 1087 3943 operarios
1098 3876 1134 3931 ad
1145 3877 1268 3932 laborem
1279 3879 1354 3932 misit
1365 3879 1464 3933 eodem

232 3975 286 4028 die.
298 3976 358 4029 lion
369 3973 517 4029 defuerunt
528 3975 576 4042 qui
586 3975 611 4029 ei
624 3975 845 4029 contradicerent
864 3976 967 4029 saniori
989 3977 1097 4042 pietate.
1123 3976 1177 4031 Sed
1189 3978 1218 4030 in
1230 3978 1326 4032 labore
1338 3980 1462 4045 occupati

231 4075 352 4142 terreno,
361 4072 519 4126 laborantes
531 4073 618 4128 ferme
639 4087 687 4141 per
700 4074 754 4128 diei
765 4074 871 4142 aliquot
882 4076 973 4140 boras,
985 4075 1097 4129 exitium
1110 4076 1162 4130 sibi
1174 4076 1270 4131 inlelix
1282 4078 1346 4132 satis
1359 4079 1463 4133 babue-

231 4175 381 4226 rodebam
396 4174 446 4228 sub
456 4187 525 4241 rupe
536 4187 633 4228 saxum
646 4174 803 4241 avellentes,
816 4188 849 4228 ex
861 4175 933 4229 mole
946 4175 1071 4242 ejusdem
1084 4176 1222 4242 praecisae
1230 4190 1342 4232 saxosae
1354 4178 1459 4246 lapides

231 4285 280 4338 per
293 4274 455 4340 semetipsos
473 4274 662 4340 eruptionum
685 4287 719 4327 ex
731 4275 773 4327 bis
785 4276 913 4329 omnibus
925 4277 1056 4330 membris
1078 4283 1297 4345 conquassaruut
1318 4279 1347 4330 iu
1365 4278 1459 4345 frusta,

187 4377 213 4428 iti
230 4374 347 4429 alterum
366 4374 455 4428 media
475 4376 599 4442 corporis
621 4381 696 4442 parta
717 4376 914 4445 contriverunt,
938 4378 1049 4430 tertium
1074 4391 1139 4432 vero
1156 4379 1279 4432 mutilem
1308 4380 1460 4448 frangendo

262 4573 297 4640 (l)
314 4573 421 4628 Manet
431 4572 613 4641 (Charente).
682 4603 716 4614 -
730 4575 766 4641 (i)
782 4578 837 4628 Seu
848 4575 977 4644 Vigenna,
993 4578 1025 4630 lo
1044 4576 1165 4631 vienne.
