3316 5482
449 365 543 415 aren.
562 364 646 415 nur.
665 363 782 413 euers.
800 380 846 404 -÷
861 363 1015 414 11111110.
1034 364 1175 415 10001.
1194 362 1271 414 ssre.
1411 350 1477 415 487

342 535 383 613 9ο
400 535 496 637 {vita
513 533 636 612 sancti
654 531 810 611 Antonii
830 530 994 633 abbatis]
1011 532 1089 632 (iol.
1115 533 1350 634 litte-totu*

275 661 368 714 llutila
381 661 482 714 desinit
503 661 531 713 in
551 660 637 727 prima
659 655 798 712 sententia
817 669 876 725 rap.
891 661 922 712 ld
942 657 1121 725 (Nicoclem
1134 661 1253 714 celeras
1264 658 1475 714 00011000οω-

241 774 320 814 nom
331 759 494 828 explicabo
504 757 682 826 fallacias).

549 1149 759 1261 Appendix
780 1148 830 1236 nd
850 1148 933 1240 eod.
960 1149 1086 1239 5578.

269 1363 448 1429 Pnouonus
472 1381 508 1427 nu
533 1362 645 1428 V1rnu
672 1360 705 1428 S.
726 1361 895 1428 Guacorur
919 1361 1128 1428 anmuznur
1153 1359 1231 1434 (Cir.
1252 1381 1364 1446 supra,
1384 1359 1445 1446 7⁰).

273 1548 389 1601 Domino
401 1546 549 1599 venerabili
571 1551 598 1599 et
618 1547 692 1599 omni
713 1547 779 1599 mibi
792 1547 882 1601 cilicio
899 1546 1075 1613 suscipiendo
1092 1552 1173 1613 atque
1189 1546 1389 1611 amplectendo,
1402 1545 1471 1611 patri

234 1648 357 1713 iuliano,
377 1646 546 1700 Ambrosius.
560 1647 639 1698 vetus
660 1646 829 1700 consuetudo
855 1653 897 1700 est
919 1652 950 1700 ut
972 1647 1124 1700 amicorum
1148 1646 1277 1698 secundis
1300 1644 1472 1714 successibus

235 1746 320 1802 amici
331 1745 514 1813 gratulentur,
534 1757 650 1812 eamque
671 1745 799 1798 laetitiam
819 1746 959 1813 gestientis
977 1745 1061 1798 animi
1082 1759 1145 1798 cum
1157 1743 1253 1798 officiis
1273 1744 1401 1796 omnibus
1414 1747 1470 1796 tum

201 1853 220 1904 tt
239 1845 402 1899 muneribus
415 1857 524 1911 quoque
537 1843 701 1911 significent.
713 1847 787 1897 lianc
799 1857 859 1911 ego,
871 1845 999 1911 quoniam
1013 1844 1104 1896 anima
1116 1843 1237 1909 protecta
1246 1856 1343 1911 magna
1353 1856 1385 1895 er
1395 1847 1470 1909 parte

237 1950 289 2012 est,
303 1948 331 1997 et
347 1943 504 2009 improbare
517 1956 572 1997 non
586 1942 675 1996 audeo
687 1949 715 1994 ct
727 1942 876 1996 tenendam
891 1943 956 1995 mibi
968 1942 1129 2003 existimavi,
1142 1942 1250 1995 iuliane
1271 1942 1313 1994 vir
1325 1939 1425 1994 eximie
1442 1947 1470 1994 ot

238 2043 413 2098 amicissime.
428 2044 549 2108 Namque
568 2042 732 2109 promotioni
753 2047 814 2095 tuae
826 2043 862 2094 ita
875 2041 1015 2109 adgaudeo
1027 2054 1059 2094 ex
1071 2042 1163 2094 animo
1175 2046 1205 2093 ut
1221 2041 1352 2094 eeclesiae
1368 2037 1470 2093 christi

237 2155 366 2210 magnum
379 2147 471 2209 putem
484 2155 516 2195 ex
528 2154 560 2194 ea
572 2141 656 2194 decus
676 2145 758 2208 atque
767 2146 960 2194 ornamentum
980 2141 1135 2195 accessisse.
1148 2143 1241 2207 Neque
1259 2142 1331 2194 enim
1345 2146 1375 2193 tu
1389 2141 1411 2193 is
1429 2153 1468 2206 es,

237 2243 344 2295 cbristo
357 2242 482 2308 propitio,
496 2254 578 2308 quem
591 2247 647 2294 tam
665 2241 754 2294 bonor
772 2240 895 2307 adjectus
915 2238 1025 2293 incaute
1045 2239 1132 2293 elevet
1153 2253 1235 2306 quam
1257 2240 1349 2293 oneris
1362 2240 1468 2293 sarcina

188 2342 223 2395 lo
240 2345 351 2394 terreat.
365 2338 498 2408 Agnoscis
513 2341 587 2393 enim
609 2340 730 2406 proiecto
752 2352 859 2392 meeum
880 2338 990 2391 sublimi
1012 2344 1038 2391 te
1058 2339 1087 2391 in
1104 2338 1212 2406 specula
1227 2338 1355 2405 celsaque
1367 2340 1395 2391 in
1408 2352 1470 2392 aree

238 2438 358 2492 locatum
371 2437 487 2492 editiore
499 2438 604 2506 fastigio
619 2437 760 2506 dignitatis
780 2437 922 2490 admoneri
936 2437 1003 2490 nibil
1023 2442 1173 2502 terrenum,
1188 2436 1255 2490 nibil
1273 2437 1386 2503 humile,
1401 2437 1470 2490 nihil

238 2537 376 2604 abjectum
388 2539 490 2590 sentire
501 2537 545 2591 vel
557 2549 663 2604 sapere,
677 2537 725 2589 sed
738 2543 849 2590 aeterna
872 2537 961 2590 solum
980 2542 1061 2604 atque
1080 2537 1242 2590 immortalia
1262 2542 1317 2590 tota
1331 2537 1415 2589 animi
1429 2537 1469 2588 in-

237 2638 362 2691 tentione
383 2638 576 2704 suspirarent
593 2637 685 2690 dicere
696 2637 897 2703 oumdpostolo
911 2637 998 2703 possis
1019 2637 1211 2692 confidenter:
1232 2638 1348 2691 Nostra
1365 2641 1470 2692 cutem

236 2736 432 2790 conversatio
446 2734 480 2788 in
491 2735 589 2789 coelis
599 2737 655 2788 est.
670 2734 722 2788 sed
744 2749 807 2788 cum
828 2734 926 2789 offerre
940 2749 972 2788 ex
994 2736 1086 2802 inopia
1102 2742 1194 2789 nostra
1212 2736 1406 2790 munusculum
1420 2737 1466 2790 ali·

187 2837 221 2890 to
237 2833 312 2901 quod
325 2846 463 2900 cuperem,
475 2840 507 2887 ut
527 2847 558 2886 ea
578 2847 688 2901 quoque
706 2832 861 2887 indeessem
879 2835 1071 2888 consuetudini
1086 2839 1105 2901 ·,
1118 2836 1238 2889 occurrit
1259 2837 1402 2903 Gregorius
1420 2836 1466 2889 ilie
1528 2843 1539 2868 ·

234 2933 429 2999 Nazianzenus,
443 2934 484 2985 vir
502 2946 625 2986 summus
647 2939 728 3000 atque
747 2933 973 3011 sanctissimuset
994 2933 1079 2985 nostri
1092 2933 1225 3000 dogmatis
1236 2935 1387 2987 assertione
1399 2935 1467 2988 eele-

235 3031 384 3098 berrimus,
394 3031 487 3098 sicque
502 3031 668 3097 probatusut
678 3031 746 3083 nihil
756 3044 789 3083 ex
799 3031 857 3097 ejus
869 3030 948 3084 dictis
957 3044 1088 3098 nmquam
1098 3032 1125 3084 in
1138 3032 1329 3098 quaestionem
1341 3033 1447 3086 venerit
1460 3049 1467 3086 ε

236 3128 306 3184 adeo
323 3127 444 3197 denique
456 3130 588 3184 eatbolica
601 3136 665 3184 sunt
682 3144 753 3198 qnae
766 3131 812 3184 ille
824 3131 933 3199 scripsit
950 3133 1052 3198 omnia,
1066 3136 1196 3199 tantaque
1213 3134 1344 3201 gravitate
1361 3133 1396 3186 de
1413 3135 1468 3186 beo

235 3229 358 3296 loquitur
370 3234 397 3282 et
413 3229 544 3283 altissima
557 3243 683 3297 quaeque
703 3236 872 3284 sacramenta
885 3230 1013 3285 edisserit
1024 3236 1056 3285 ut
1071 3245 1086 3285 a
1099 3232 1234 3300 theologia
1247 3245 1348 3286 nomen
1361 3233 1469 3286 invene

188 3331 218 3382 ld
236 3327 281 3381 rit.
297 3329 381 3394 cujus
397 3328 488 3395 itaque
498 3329 582 3381 sitam
594 3342 630 3381 ex
641 3341 739 3396 graeco
753 3329 903 3382 traductam
916 3330 1002 3382 nostri
1016 3330 1146 3398 ingenioli
1159 3344 1260 3384 munus
1278 3332 1311 3385 ad
1324 3338 1351 3384 te
1363 3332 1468 3385 mitten·

234 3426 298 3480 dam
313 3427 412 3492 putavi.
427 3430 511 3492 Quam
523 3429 664 3496 suscipies,
678 3429 743 3495 scio,
757 3430 919 3497 gratissime,
933 3435 960 3482 et
972 3429 1128 3483 avidissime
1140 3431 1273 3498 perleges.
1286 3433 1379 3500 Neque
1391 3431 1464 3484 enim

236 3538 299 3578 sum
313 3525 422 3594 ignarus
435 3531 538 3593 quanto
557 3528 590 3580 ad
604 3528 669 3581 baec
692 3529 806 3594 rapiaris
828 3529 918 3582 studio
940 3542 1078 3597 quamque
1090 3530 1185 3597 cupias
1197 3531 1264 3582 nibil
1277 3536 1304 3584 te
1317 3532 1465 3597 praeterire

236 3639 334 3680 eorum
347 3639 418 3693 quae
429 3628 515 3679 sancti
536 3627 587 3680 viri
609 3628 637 3680 iu
649 3628 703 3680 vita
724 3641 843 3696 gessere.
858 3628 1063 3682 Animadvertes
1082 3643 1116 3682 ex
1136 3643 1167 3683 ea
1185 3631 1306 3696 prolecto
1318 3631 1466 3699 singularia

235 3725 386 3778 mnedmtis
400 3725 526 3793 insignia,
540 3726 730 3780 admirabilem
743 3729 904 3794 sapientiam
923 3734 1005 3794 atque
1026 3729 1153 3782 invictam
1166 3731 1238 3783 inter
1249 3731 1341 3783 omnia
1354 3730 1466 3783 adversa

189 3825 219 3877 ib
235 3823 426 3877 constantiam.
449 3825 557 3877 iuvabit
579 3838 622 3878 me
644 3838 840 3893 recognoscere
861 3839 908 3879 vos
930 3826 996 3879 illud
1018 3841 1131 3881 aureum
1150 3828 1313 3882 instructum
1335 3830 1363 3883 in
1384 3830 1465 3883 domo

236 3922 344 3976 bomini
357 3927 383 3975 et
395 3929 585 3990 praeparatum
609 3923 643 3976 ad
662 3938 745 3978 omne
765 3939 833 3992 opus
855 3925 967 3992 bonum,
981 3927 1073 3980 divino
1094 3928 1211 3994 primum
1225 3943 1350 3995 munere,
1364 3935 1420 3982 tum
1438 3935 1466 3982 et

234 4019 359 4072 laborum
373 4021 477 4074 meritis
489 4029 517 4074 et
530 4021 663 4075 industria
678 4023 871 4091 perpetuisque
884 4023 983 4092 vigiliis
995 4024 1024 4076 id
1037 4027 1263 4091 promeruissent
1281 4027 1367 4080 sancti
1383 4027 1464 4093 Spiri-

234 4124 279 4171 tus
291 4118 420 4173 evaderet
440 4121 581 4187 templum,
595 4135 685 4189 neque
704 4123 820 4189 ambigo,
834 4122 940 4175 ardebit
952 4125 1059 4177 animus
1077 4124 1111 4177 ad
1130 4126 1257 4192 pietatem
1276 4138 1379 4194 pronus
1397 4127 1463 4180 tanti

234 4219 285 4271 uiri
298 4218 382 4272 vitam
404 4222 626 4289 propositumque
640 4223 748 4276 imitari.
763 4225 795 4276 Et
814 4222 880 4290 quid
893 4222 982 4276 dicam
995 4225 1110 4289 ardebit,
1129 4239 1191 4278 cum
1210 4226 1464 4294 impraesentiarum

190 4320 217 4370 to
235 4330 347 4384 quoque
359 4317 437 4370 iilum
450 4320 484 4372 de
496 4327 589 4386 spretu
601 4319 706 4388 gloriae
719 4321 899 4387 laborumque
914 4322 1057 4375 tolerantia
1070 4328 1096 4376 et
1110 4337 1202 4377 amore
1215 4326 1314 4378 Christi
1328 4328 1464 4392 propriae·

233 4429 288 4482 que
300 4416 424 4471 caelestis
438 4419 510 4472 baud
532 4421 623 4488 segnis
637 4420 760 4487 imiteris,
774 4422 919 4488 potiusque
941 4423 969 4474 in
990 4424 1077 4488 teipso
1099 4437 1169 4490 quae
1189 4424 1224 4476 de
1244 4425 1291 4479 illo
1309 4427 1466 4480 scribuntur

232 4517 423 4583 recognitores
444 4533 525 4585 quam
545 4521 609 4573 nori
624 4521 726 4587 aliquid
748 4522 868 4574 lecturus
881 4521 1019 4575 videaris?
1031 4525 1066 4576 Ea
1080 4525 1145 4575 mibi
1164 4524 1284 4592 denique
1296 4540 1358 4592 spes
1371 4533 1421 4592 est,
1434 4541 1465 4580 ea

232 4612 344 4680 fiducia,
356 4615 464 4669 iuliane
477 4618 626 4670 carissime.
640 4618 692 4672 Sed
706 4619 837 4685 prolixior
849 4634 909 4672 sum
923 4620 1045 4687 forsitan,
1059 4623 1130 4688 apud
1143 4628 1169 4675 te
1191 4625 1371 4690 potissimum.
1386 4627 1465 4679 babis
