3316 5482
285 349 378 400 eran.
396 347 481 399 unu.
499 346 616 398 enam.
635 367 681 379 -
696 345 849 398 nerano.
868 347 915 397 an
931 347 1010 398 con.
1028 345 1104 399 mss.
1244 332 1308 399 311

120 539 123 544 ’
179 522 245 599 71⁰
261 519 347 599 Vita
363 518 487 599 sancti
502 517 717 619 Pardulphi
735 516 970 597 confessoris
988 518 1067 614 (iol.
1091 518 1309 619 teir-itur).

110 653 181 709 stilo
193 654 326 708 diversae
339 652 396 705 vita
409 650 454 705 cd.
467 648 533 706 Act.
546 651 605 717 SS,
618 650 692 704 add.
705 653 722 704 6
734 653 803 717 oct,
816 654 884 704 tom.
898 652 944 718 ill,
958 665 985 718 p.
995 653 1097 705 libb&

109 757 169 808 inc.
188 753 304 806 Beatus
315 748 523 818 Purdutpbus
542 749 703 804 territorio
720 749 949 805 lemovicensis
970 750 1057 804 urbis
1076 750 1185 804 eetitit
1203 750 1312 805 oriun-

73 854 149 921 dus,
163 850 279 906 enrico
290 850 343 905 cui
353 847 537 905 vocobulum
556 850 602 903 est
613 848 832 917 Serrediuuus,
848 848 1038 917 parentibus
1057 861 1207 917 umorum
1219 850 1313 904 culto·

71 952 179 1019 ribus,
192 951 336 1020 inpendia
349 953 462 1005 tammo.
479 949 538 1010 Qui
548 949 624 1003 dum
631 949 790 1017 puerilem
801 949 927 1004 duceret
938 950 1046 1018 vitam,
1065 948 1253 1003 mitissimus
1274 961 1313 1004 uc

73 1053 236 1108 modestus
248 1064 319 1107 cum
329 1048 725 1118 summoreoerentioproe
732 1048 844 1104 ceteris
851 1049 1095 1105 adolescentibus
1105 1048 1311 1104 virtututum...

420 1441 628 1555 appendix
652 1439 703 1529 od
729 1438 811 1529 cod.
841 1438 965 1529 5353.

91 1663 279 1729 Minaeum
296 1659 332 1726 S.
351 1658 437 1726 Lurr
453 1675 603 1724 sciscam
619 1654 828 1723 Sunonensis
844 1652 924 1736 (Gir.
944 1672 1056 1740 supra,
1075 1673 1107 1738 p.
1135 1652 1215 1732 304,
1230 1649 1292 1740 2⁰).

158 1853 343 1926 Quaedam
355 1848 534 1910 muscula
547 1846 665 1909 sancti
679 1845 771 1918 Lupi
781 1845 937 1919 episcopt
951 1847 988 1906 et
1001 1843 1220 1908 comesuris

115 2033 145 2084 1.
165 2006 290 2085 tnno'ab
311 2027 503 2081 incarnatione
524 2025 632 2078 bomini
655 2023 802 2077 millesimo
824 2024 975 2078 centesimo
999 2023 1132 2092 secundo,
1157 2038 1221 2080 cum
1233 2026 1314 2095 plebs
1364 2023 1369 2031 '

79 2131 220 2186 senonica
232 2128 334 2181 nimiae
345 2126 475 2180 siccitatis
486 2124 651 2191 intemperie
663 2126 859 2191 perurgeretur
871 2136 922 2176 nec
935 2123 964 2175 in
982 2124 1094 2191 regione
1107 2123 1204 2178 eadem
1221 2125 1314 2194 aliqua

38 2233 62 2285 5
79 2241 147 2296 spes
158 2226 266 2294 pluviae
277 2225 321 2279 vel
330 2224 446 2291 alicujus
458 2223 554 2291 irrigui
575 2223 700 2276 humoris
720 2222 880 2288 haberetur,
902 2235 936 2275 en
958 2236 1034 2277 more
1054 2223 1177 2290 priorum
1197 2229 1314 2293 patrum,

79 2327 216 2382 suadente
228 2324 332 2379 domno
343 2323 470 2378 nicherio
484 2322 700 2389 archiepiscopo,
713 2320 807 2374 clerici
819 2334 882 2374 cum
895 2323 1037 2376 monacbis
1051 2323 1135 2376 multa
1157 2329 1315 2378 sanctorum

79 2440 201 2494 corpora
212 2426 246 2479 de
259 2425 316 2479 suis
328 2423 363 2477 ad
376 2424 482 2477 alienas
491 2422 621 2476 ecclesias
633 2421 802 2474 detulerunt.
816 2421 871 2474 Sed
883 2434 936 2476 nec
948 2425 1024 2489 tunc,
1037 2405 1153 2476 Domino
1167 2424 1205 2478 sic
1226 2424 1316 2491 dispo·

82 2533 178 2594 nente,
203 2525 309 2592 aliquas
329 2523 483 2591 pluviarum
505 2525 596 2589 guttas
617 2521 721 2574 sentire
741 2526 964 2588 promeruerunt.
985 2521 1107 2575 Tandem
1128 2536 1192 2578 vero
1211 2523 1315 2577 salubri

82 2628 194 2692 reperto
206 2623 331 2689 consilio,
343 2635 441 2676 omnes
452 2622 481 2672 in
493 2633 578 2674 unam
590 2631 746 2674 convenere
758 2617 935 2687 sententiam,
946 2623 977 2674 nt
987 2620 1137 2675 beatissimi
1150 2622 1217 2690 Lupi
1227 2635 1315 2676 sacra·

30 2730 65 2781 lo
83 2725 220 2777 tissimum
233 2735 332 2789 corpus
343 2721 379 2775 dc
391 2721 503 2774 basilica
514 2721 629 2772 Sanctae
641 2718 799 2785 columbae,
813 2719 842 2772 in
854 2733 909 2786 qua
920 2718 1011 2773 adbuc
1024 2722 1078 2774 beo
1091 2720 1206 2788 jubente
1221 2723 1311 2789 requi·

82 2825 162 2890 escit,
174 2823 209 2876 ad
221 2820 367 2876 ecclesiam
379 2820 470 2874 sancti
483 2819 624 2887 stephani,
638 2818 666 2871 in
679 2831 732 2885 qua
745 2819 860 2872 antistes
871 2819 1013 2873 ordinatus
1021 2820 1119 2888 tuerat,
1132 2834 1196 2875 cum
1216 2834 1315 2890 magna

83 2923 235 2977 reverentia
248 2921 411 2981 deferretur,
425 2918 554 2972 triduano
566 2920 642 2984 prius
656 2919 691 2972 ab
703 2918 833 2972 omnibus
845 2924 955 2985 peracto
971 2920 1085 2986 jejunio.
1108 2920 1184 2985 Quod
1196 2920 1315 2975 domnus

82 3023 224 3089 breulius,
245 3023 329 3076 abbas
348 3023 463 3074 Sanctae
475 3019 633 3083 Columbae,
646 3033 709 3072 cum
730 3020 788 3073 suis
810 3020 951 3073 monacbis
972 3026 1033 3086 post
1051 3020 1210 3074 innumeras
1231 3027 1313 3090 atquc

82 3121 248 3188 multiplices
260 3133 357 3186 preces
371 3120 412 3170 vix
425 3118 570 3184 concessit,
584 3119 660 3184 prius
677 3121 769 3170 tamen
791 3117 966 3171 securissima
986 3119 1145 3185 reportandi
1167 3121 1311 3174 securitate

33 3223 66 3277 lb
83 3225 219 3287 suscepta.
232 3219 354 3272 Timebat
366 3231 486 3285 namque
498 3231 533 3271 ne
545 3218 589 3270 rel
601 3216 816 3284 gloriosissimus
826 3217 978 3282 consessor,
1000 3217 1094 3284 culpas
1115 3219 1311 3272 monachorum

82 3322 154 3374 ultra
166 3333 223 3374 non
235 3320 384 3384 sustinens,
411 3318 439 3370 in
459 3318 576 3371 ecclesia
598 3318 709 3384 majoris
729 3317 897 3372 auctoritatis
916 3323 1083 3384 remaneret,
1108 3317 1154 3371 vel
1174 3332 1210 3372 ne
1234 3319 1313 3385 plebs

83 3421 217 3475 senonica
230 3419 408 3472 sacratissimi
421 3419 544 3485 corporis
556 3418 665 3486 pignus,
678 3422 734 3472 tum
747 3430 841 3471 amore
854 3423 911 3470 tum
923 3417 1036 3483 invidia,
1049 3418 1104 3484 pia,
1116 3422 1146 3471 nt
1158 3419 1194 3472 ita
1213 3419 1312 3487 dicam,

83 3520 233 3586 impietate,
247 3520 388 3572 retineret.
408 3521 499 3571 itense
511 3530 576 3585 erpo
587 3517 665 3584 julio,
679 3518 785 3583 primae
798 3518 966 3584 septimanae
983 3518 1049 3571 feria
1070 3524 1156 3586 sexta,
1170 3520 1237 3574 bora
1255 3519 1312 3573 dici

82 3620 161 3687 quasi
174 3619 262 3684 tertia,
274 3617 397 3672 collectis
409 3617 525 3671 civitatis
537 3629 569 3670 ac
582 3617 664 3670 totius
676 3617 800 3670 suburbii
814 3618 1045 3686 processionibus,
1060 3618 1105 3671 alii
1119 3632 1182 3672 cum
1194 3632 1310 3686 corpore

31 3720 66 3772 2⁰
83 3724 178 3772 sancto
190 3717 225 3772 ad
236 3718 371 3771 civitatem
384 3717 507 3781 veniunt,
527 3716 573 3769 alii
594 3716 703 3770 obviam
724 3723 849 3770 currunt.
871 3719 937 3772 cum
960 3722 1051 3771 autem
1072 3723 1167 3786 portae
1187 3719 1312 3785 civitatis,

84 3829 155 3884 quae
165 3817 265 3871 dicitur
276 3816 367 3869 Sancti
381 3814 523 3883 Desiderii,
537 3815 610 3869 beati
619 3815 687 3883 Lupi
699 3828 798 3882 corpus
807 3818 978 3886 accessisset,
990 3830 1037 3871 aer
1057 3824 1171 3885 repente
1183 3832 1215 3871 cx
1225 3819 1313 3873 calido

84 3915 208 3984 frigidus,
221 3928 257 3968 ex
268 3920 367 3968 sereno
379 3914 492 3969 nubilus
503 3919 586 3982 atque
598 3928 633 3968 ex
646 3915 720 3968 sicco
732 3913 762 3967 tit
774 3915 912 3968 humidus.
928 3918 1015 3983 litque
1032 3915 1141 3982 plenius
1153 3916 1252 3984 dicam,
1266 3918 1313 3985 qui

85 4017 116 4068 in
129 4016 306 4082 processione
316 4015 441 4082 aderant,
463 4014 617 4082 pluviarum
631 4015 824 4068 inundantiam
845 4016 917 4069 ierre
937 4028 994 4069 non
1007 4016 1139 4083 valentes,
1158 4017 1205 4071 alii
1217 4016 1314 4072 domos

82 4117 197 4180 intrant,
209 4114 253 4168 alii
266 4128 330 4168 cum
342 4127 457 4181 corpore
469 4119 564 4168 sancto
576 4113 610 4168 ad
623 4114 768 4169 ecclesiam
781 4115 853 4169 beati
875 4116 1005 4181 Stephani
1025 4116 1197 4185 confugiunt.
1213 4117 1312 4185 sicque

28 4220 66 4274 25
84 4214 164 4282 aquis
183 4213 280 4266 subitis
300 4218 381 4277 atque
402 4212 565 4265 caelestibus
588 4213 685 4266 tellure
707 4214 842 4267 senonica
863 4220 994 4281 recreata,
1017 4216 1132 4268 creatori
1155 4218 1209 4269 beo
1229 4221 1311 4284 atque

82 4314 242 4368 beatissimo
251 4316 328 4379 Lupo
339 4315 440 4381 gratias
452 4313 585 4366 referunt.
599 4316 619 4366 0
632 4314 701 4366 mira
714 4315 759 4366 liei
780 4314 876 4380 virtus,
899 4315 967 4368 mira
979 4323 1007 4368 ct
1028 4314 1174 4369 ineffabilis
1186 4317 1310 4384 omnipo·

82 4415 187 4468 tentia!
202 4413 252 4477 Qui
264 4413 338 4466 enim
351 4411 491 4479 quondam
513 4425 597 4479 super
608 4413 747 4479 apostolos
767 4413 833 4466 liora
855 4413 909 4466 diei
922 4414 1001 4467 tertia
1016 4414 1216 4468 consolatorem
1229 4417 1311 4482 spiri·

80 4519 142 4566 tum
154 4511 182 4564 in
195 4511 289 4578 specie
310 4511 381 4577 ignis
393 4510 492 4575 emisit,
507 4523 581 4563 nunc
593 4524 677 4576 super
698 4511 885 4576 apostolorum
907 4511 976 4565 iilius
997 4514 1094 4567 eadem
1116 4514 1183 4566 bora
1198 4513 1313 4568 vivitica-

79 4610 159 4665 tricis
171 4623 261 4678 aquae
277 4608 496 4662 consolationem
511 4607 726 4662 misericorditer
738 4607 845 4662 effudit.
