3316 5482
370 347 375 356 '
438 374 533 426 amn.
551 374 635 427 usu.
654 375 770 426 rarus
789 395 834 406 -
849 375 1004 426 aeeuun.
1023 376 1071 426 ab
1087 375 1165 426 coo.
1184 371 1262 427 5365.
1400 359 1468 427 399

230 546 263 598 et
273 543 350 612 qaia
371 543 486 597 desunt
503 542 756 612 mundabimini
775 544 861 598 solus
882 542 1010 598 orbatus
1033 554 1176 598 maerore
1199 542 1359 613 conficior.
1372 544 1466 612 opero

231 645 339 698 tomen
350 642 433 710 qaod
445 644 636 712 omnipotens
648 644 729 697 Deae
743 642 775 713 ⁴⁹,
790 644 916 712 qnando
927 643 958 697 ei
963 644 1136 711 placuerit,
1149 644 1341 699 desiderium
1361 657 1465 699 uocum

231 742 367 810 implere
378 743 536 810 dianetum
556 743 653 798 Velim
665 756 743 798 saue
754 746 892 799 noscatis
904 743 987 811 quod
999 743 1074 798 baec
1086 744 1196 799 domus
1206 743 1389 813 frequenter
1408 743 1472 799 erit
1485 750 1487 754 ‘

235 843 374 910 anenata
386 841 609 910 confluentibus
620 842 656 896 ia
667 843 843 908 ea.Quaiiter
863 848 955 897 autem
972 844 1024 898 hoc
1043 842 1179 908 didicerit,
1190 843 1304 897 minime
1322 843 1469 909 indicavit3

196 943 215 997 5
232 941 367 1010 quoniam
378 953 444 996 vero
457 941 617 1009 frequenter
629 942 666 995 ita
679 941 708 995 dt
719 941 742 969 '⁰
753 946 784 996 ut
795 942 894 997 domus
904 943 950 996 illa
958 942 1128 997 confluentes
1137 955 1194 996 non
1207 943 1296 1010 capiat
1306 943 1412 1010 turbas,
1422 943 1470 1010 qui

234 1040 363 1102 recolunt
374 1041 438 1107 quia
449 1039 567 1094 domnus
578 1039 713 1095 Gerardus
726 1042 778 1096 boc
789 1041 1068 1110 praeduerit‚putant
1077 1042 1151 1111 quod
1163 1041 1282 1110 idipsum
1292 1041 1385 1097 divina
1394 1055 1470 1097 reve·

234 1140 342 1194 latione
354 1140 519 1209 cognoverit.
531 1143 592 1195 tam
603 1154 669 1196 vero
678 1154 709 1196 os
721 1143 781 1210 ejus
793 1142 832 1196 sic
845 1155 878 1196 ex
890 1140 1056 1196 abundantia
1071 1141 1163 1196 cordis
1175 1141 1196 1169 ¹¹
1218 1142 1373 1208 replebatur
1385 1147 1416 1196 ut
1426 1142 1471 1196 lex

234 1240 346 1295 bomini
356 1241 439 1308 plene
450 1239 473 1267 ¹¹
483 1254 592 1309 semper
601 1241 630 1295 in
639 1254 672 1296 eo
680 1241 703 1268 ⁸⁸
713 1246 866 1296 resonaret.
873 1245 940 1296 liam
950 1255 1028 1296 sacra
1035 1241 1170 1310 quaedam
1177 1242 1259 1297 verba
1268 1242 1320 1296 sibi
1330 1246 1472 1297 nouverat

233 1354 308 1410 quae
319 1341 506 1407 corporalibus
517 1340 613 1394 officiis
634 1342 782 1396 convenire
801 1341 975 1407 videbantur,
994 1346 1026 1395 ut
1045 1345 1087 1394 est
1107 1341 1195 1395 illud:
1220 1343 1313 1410 Pone,
1326 1340 1465 1410 Domine,

187 1442 216 1496 io
233 1439 413 1497 cttstodiam
424 1439 474 1494 ori
484 1452 559 1509 meo,
573 1445 600 1494 et
620 1443 720 1507 cetera,
742 1453 813 1508 quae
824 1441 939 1510 singulis
958 1442 1064 1495 actibus
1075 1441 1227 1508 coaptabat,
1247 1445 1277 1496 ut
1297 1445 1339 1495 est
1357 1440 1424 1495 iliud
1437 1440 1471 1511 ¹⁴,

234 1538 366 1594 uidelicet
380 1540 415 1594 de
434 1538 505 1593 lecto
517 1552 633 1607 surgens
644 1540 687 1594 sel
699 1540 798 1609 caligas
819 1540 938 1594 indueus
959 1541 1016 1595 sive
1036 1540 1230 1594 indumentum
1251 1540 1294 1595 vel
1306 1541 1470 1596 cinctorium

235 1652 351 1693 sumens
362 1643 410 1694 aut
421 1638 472 1692 iter
484 1652 534 1694 seu
546 1640 613 1708 quid
623 1639 698 1694 aliud
710 1641 896 1709 incobaus‚ita
908 1645 948 1708 nt,
962 1642 1113 1696 secundum
1122 1640 1243 1708 Apostoli
1254 1640 1367 1708 dictum,
1378 1641 1472 1697 omnia

236 1739 394 1793 innomine
421 1739 529 1793 bomini
553 1739 643 1794 iacere
664 1738 811 1795 videretur.
834 1743 1045 1808 Nonnumquam
1064 1753 1131 1795 vero
1147 1739 1195 1793 diu
1215 1745 1319 1808 tacem,
1332 1739 1471 1795 interdum
1527 1795 1529 1799 ,

236 1838 389 1904 suspirium
399 1838 534 1906 trahebat,
547 1838 584 1893 ita
596 1843 627 1892 ut
637 1845 730 1906 pectus
743 1841 803 1907 ejus
814 1840 848 1893 ab
861 1840 916 1894 imo
926 1845 1118 1894 concuteretur
1130 1839 1153 1866 ⁸⁸
1164 1857 1172 1904 ;
1185 1845 1213 1894 et
1224 1839 1254 1893 iu
1268 1839 1388 1894 lacrimis
1399 1853 1473 1894 reso·

187 1939 220 1992 tlt
237 1937 315 1992 lutus
327 1937 437 1992 dicebat
450 1954 457 1992 ι
474 1939 644 2008 ovamine,
656 1941 760 1996 saluos
772 1953 828 1995 taos
841 1939 905 2008 fac,
918 1945 947 1994 et
956 1939 1008 1993 alia
1020 1940 1187 2008 hujusmodi,
1200 1953 1233 1994 ex
1245 1940 1345 2007 quibus
1357 1952 1470 2007 appare-

237 2039 287 2092 bat
298 2038 429 2106 qnoniam
442 2051 522 2092 mens
537 2040 597 2107 ejus
608 2039 661 2093 alio
683 2040 825 2107 penderet.
838 2040 902 2093 Tale
916 2041 998 2109 igitur
1017 2043 1076 2093 erat
1097 2040 1155 2106 ejus
1176 2039 1317 2107 eloquium
1329 2039 1363 2106 ¹⁶,
1375 2039 1429 2094 tale
1447 2043 1475 2093 et

238 2136 392 2191 alendum.

274 2237 308 2291 9.
321 2239 457 2303 caunum,
469 2235 534 2292 iicet
545 2237 665 2293 instante
675 2242 801 2306 tempore
813 2240 821 2267 ¹
835 2238 993 2295 antichristi
1013 2237 1145 2292 miracula
1163 2239 1220 2306 jam
1243 2243 1402 2293 sanctorum
1414 2250 1475 2292 ces·

239 2348 305 2390 sare
313 2334 441 2404 debeant,
451 2349 558 2391 memor
567 2343 657 2392 amen
670 2338 801 2391 Dominus
813 2350 879 2393 suae
887 2338 1077 2406 promissionis
1089 2349 1143 2405 qua
1155 2336 1256 2391 dicitur
1267 2353 1274 2391 ε
1287 2337 1346 2399 Qui
1354 2350 1403 2393 me
1413 2338 1474 2406 qlo-

191 2435 223 2489 1ο
238 2433 359 2502 ritlcat¹
375 2433 385 2460 ¹
398 2435 581 2504 clarificabo
592 2450 663 2491 eum
677 2435 697 2505 ⁸,
711 2438 785 2491 bunc
797 2438 930 2491 ramulum
941 2451 1022 2491 suum
1035 2450 1084 2504 per
1097 2435 1235 2505 quandam
1253 2437 1403 2492 curationis
1415 2448 1474 2506 gra-

239 2533 308 2587 tiam
320 2532 473 2601 glorificare
485 2535 611 2603 dignatus
623 2541 684 2604 est3
703 2537 778 2605 quod
798 2550 886 2606 genus
906 2537 1056 2591 curationis
1077 2536 1131 2591 tale
1152 2536 1212 2602 luit,
1234 2541 1265 2590 ut
1284 2537 1475 2605 quamvisper

238 2632 423 2687 humilitatem
443 2634 585 2701 imponere
605 2636 746 2689 manum*
770 2635 887 2689 infirmis
910 2636 1057 2704 refugeret,
1083 2636 1124 2690 eis
1146 2641 1239 2690 amen
1262 2637 1422 2703 frequenter
1448 2639 1476 2688 et

241 2732 345 2786 absens
356 2739 383 2786 et
395 2734 492 2788 nolens
504 2736 671 2790 subveniret.
684 2737 788 2803 Aquam
800 2749 900 2802 nempe
912 2736 947 2790 de
958 2749 1013 2804 qua
1026 2749 1124 2790 manus
1136 2736 1271 2802 ablueret,
1284 2734 1387 2789 infirmi
1405 2735 1474 2790 sole·

240 2829 311 2884 bant
321 2831 417 2900 iurari,
430 2838 458 2887 et
470 2834 595 2902 plerique
608 2836 786 2889 sanabantur.
800 2835 878 2901 Quod
890 2835 996 2889 scilicet
1012 2832 1022 2860 ⁸
1034 2839 1065 2888 ut
1085 2835 1170 2903 magis
1190 2834 1323 2890 credibile
1334 2839 1469 2902 teneatur,

188 2936 223 2990 ts
239 2950 374 3004 personas
385 2940 517 3008 quasdam
527 2947 635 2996 sanatas
655 2943 864 2997 commemorari
877 2943 974 3010 placet.

276 3037 327 3090 10.
339 3041 472 3094 puerulus
483 3042 594 3110 quidam
607 3042 680 3109 apud
692 3042 864 3097 aureliacum
877 3041 991 3096 claudus
1004 3042 1170 3096 morabatur.
1184 3043 1216 3094 ln
1226 3040 1333 3095 somnio
1343 3041 1472 3107 monitus,

242 3138 278 3191 dc
290 3138 387 3193 eadem
399 3154 471 3210 aqua
483 3156 627 3210 respersus
639 3149 680 3197 est
692 3147 719 3197 et
730 3143 860 3197 continuo
873 3148 993 3197 sanatus.
1008 3143 1057 3208 Qui
1070 3147 1129 3196 arte
1142 3141 1149 3168 ⁴
1165 3141 1254 3195 fabrili
1267 3140 1381 3210 degens,
1394 3141 1475 3208 bujus

241 3237 285 3290 rei
296 3242 394 3292 testem
405 3254 435 3295 se
447 3244 457 3272 ¹
470 3243 592 3309 praebet.
607 3244 652 3295 Vir
663 3243 780 3310 bomini,
793 3248 868 3297 tanta
880 3244 915 3297 de
927 3255 956 3296 se
969 3242 980 3269 ⁸
992 3241 1117 3311 audiens,
1141 3243 1319 3295 venementer
1330 3239 1473 3308 ingemuit,

242 3334 339 3390 dicens
352 3340 425 3406 quod
438 3342 489 3395 boc
502 3341 569 3395 fides
591 3340 692 3395 infirmi
714 3345 912 3408 promeruerat.
934 3341 1092 3408 inquirebat
1103 3346 1195 3393 tamen
1212 3340 1275 3407 quis
1287 3352 1387 3407 aquam
1398 3337 1474 3391 illam

189 3433 227 3486 ⁵0
248 3434 347 3490 claudo
358 3438 491 3494 dedisset.
504 3440 581 3506 Quod
594 3454 656 3495 cum
669 3442 693 3495 ei
706 3441 829 3495 certatim
841 3441 957 3495 celatum
970 3448 1051 3507 esset,
1071 3439 1215 3495 minaciter
1234 3439 1416 3493 comminatus
1433 3441 1475 3492 est

243 3549 281 3591 ue
290 3538 353 3605 quis
366 3539 436 3594 banc
449 3539 459 3566 ⁸
472 3539 603 3607 deinceps
612 3541 740 3609 cuiquam
750 3541 816 3594 dare
829 3548 1024 3607 praesumeret.
1032 3539 1085 3595 sed
1095 3541 1163 3594 baec
1174 3539 1361 3593 interminatio
1374 3536 1475 3591 servari

244 3650 303 3690 non
315 3638 413 3705 potuit.

279 3740 326 3791 11.
338 3741 404 3792 liam
414 3751 510 3793 caecus
522 3739 644 3807 quidam,
653 3752 709 3795 uon
718 3740 799 3809 longe
808 3753 823 3794 a
832 3739 1013 3794 sollemniaco
1022 3736 1148 3804 madens,
1158 3739 1187 3791 in
1197 3750 1295 3793 somno
1308 3733 1475 3790 ‘similiter’

243 3838 423 3906 ammonitus,
439 3851 538 3906 aquarn
550 3840 609 3906 ipso
631 3840 770 3895 nesciente
783 3840 905 3908 percepit
915 3839 1030 3907 ;ablutis
1042 3839 1129 3894 oculis
1137 3851 1199 3893 mox
1208 3837 1302 3892 videre
1311 3836 1421 3891 meruit.
1432 3837 1477 3889 Est

241 4035 314 4078 -¹'
327 4039 421 4091 omi.
436 4036 502 4076 —’⁸
515 4040 586 4093 siti.
603 4037 669 4078 '-¹¹
684 4051 743 4092 om.
765 4041 835 4092 1.-
855 4036 878 4064 ”
900 4049 988 4105 paene
1007 4037 1034 4102 1,
1055 4041 1130 4091 5.-
1146 4036 1170 4063 ¹⁸
1183 4037 1216 4103 (s.
1230 4035 1258 4089 in
1271 4036 1314 4099 eo)
1326 4034 1355 4087 in
1367 4045 1400 4088 eo
1414 4047 1436 4087 s.
1450 4034 1477 4088 1.
1554 4088 1555 4091 ,

242 4146 279 4160 -·
292 4119 315 4146 '⁸
328 4120 496 4186 (Poneillud)
508 4134 566 4176 om.
579 4123 605 4188 1,
618 4126 644 4175 3.
657 4150 690 4160 —
701 4121 724 4148 ⁸·
741 4120 1179 4188 (Nonnumquam-concuteretur)
1191 4131 1251 4172 om.
1262 4119 1288 4185 1,
1299 4121 1325 4172 3.
1339 4145 1372 4157 —
1384 4115 1407 4143 ⁸⁸
1420 4116 1476 4170 alo·

242 4204 418 4338 ‹powg-⁰·
432 4314 463 4324 -
476 4287 484 4313 ⁴
496 4287 553 4353 jam
565 4287 636 4340 add.
651 4288 676 4339 1.
691 4315 721 4325 -
734 4286 744 4313 ¹
757 4288 811 4351 (mc
821 4288 858 4354 g.)
868 4300 895 4354 g.
910 4299 953 4339 me
965 4287 990 4339 1.
1000 4313 1034 4326 -
1045 4287 1056 4314 ⁸
1069 4298 1117 4339 eos
1128 4287 1151 4336 l.
1165 4310 1198 4322 -
1210 4284 1259 4344 ⁴(i.
1274 4284 1367 4349 m.)m.
1379 4282 1397 4334 i.
1410 4284 1435 4334 3.
1445 4307 1478 4320 -

245 4372 259 4398 ,
286 4368 291 4379 .

274 4366 375 4503 lgm
389 4451 438 4504 10.
451 4479 483 4490 -
497 4450 504 4477 ¹
519 4453 570 4505 arti
582 4455 608 4505 3.
620 4481 654 4491 —
671 4453 681 4480 ¹
696 4452 815 4517 seipsum
828 4455 853 4520 1,
867 4457 892 4505 5.
907 4481 938 4491 -
951 4450 960 4476 ²
972 4453 1001 4518 (t.
1015 4450 1050 4504 dc
1063 4451 1101 4516 se)
1113 4454 1217 4503 uotum
1230 4451 1255 4515 1,
1268 4451 1295 4501 5.
1315 4474 1348 4486 -
1361 4446 1372 4473 ⁴
1386 4447 1437 4499 bac
1451 4447 1477 4512 1,

238 4546 284 4590 ex
296 4533 346 4586 bac
357 4537 382 4587 3.
801 4576 805 4586 .

281 4615 373 4669 Num.
387 4617 433 4670 11.
448 4643 478 4655 -
492 4616 499 4643 ¹
514 4617 621 4670 somnio
632 4617 659 4682 1,
671 4620 697 4671 3.
710 4644 743 4655 -
755 4616 765 4643 ⁸
776 4629 835 4671 om.
849 4619 876 4669 1.
