3316 5482
557 335 679 385 cerat.
700 335 802 385 OODD.
822 335 997 388 titotoutz.
1017 337 1098 388 Lar.

407 557 593 647 occult.
615 552 748 646 ‘codex
774 556 964 667 signatus
991 583 1105 648 num.
1137 558 1260 649 5374.

243 775 312 827 Olim
325 774 424 843 Regius
440 776 471 826 lt.
489 776 562 837 lllti,
577 775 604 825 P.
620 774 693 838 lolli,
707 774 736 823 G.
750 773 838 824 lblssl.

241 876 413 935 chartaceus,
427 873 554 927 loliorum
570 873 603 924 at
616 873 737 938 (praeter
750 871 886 924 nonnulla
898 871 925 924 in
939 872 993 924 line
1006 872 1109 925 codicis
1121 885 1206 926 vacua
1228 873 1340 937 reliciat,
1359 873 1414 925 med.

209 976 263 1040 (tim,
274 977 306 1027 eo
320 974 430 1039 ><0,tu),
444 973 523 1025 lineis
536 972 635 1039 plenis,
649 978 774 1025 exaratus
783 985 854 1025 saec.
868 974 918 1024 liv.

241 1078 338 1127 Totum
351 1072 472 1127 codicem
485 1072 603 1138 complet

307 1172 391 1249 Vita
408 1170 512 1248 beati
532 1169 702 1271 Philippi
721 1169 886 1271 [Benitii]
900 1194 970 1270 per
984 1171 1144 1249 tratrem
1159 1171 1325 1250 Paulum
1344 1172 1426 1275 [Flo
1475 1218 1477 1225 ·

356 1293 566 1395 rentinum]
579 1294 739 1394 digesta.

240 1431 323 1492 Quam
337 1428 449 1492 scilicet,
471 1428 596 1493 imperito
617 1440 683 1480 sane
704 1428 777 1490 stilo,
801 1428 928 1481 hortante
952 1428 1145 1494 cbristoplroro
1169 1429 1332 1493 Tornicllio‚
1352 1431 1433 1483 Priore

206 1529 331 1581 Generali
343 1526 452 1580 Ordinis
463 1530 606 1580 Servorum
622 1529 649 1579 B.
660 1530 693 1579 lt.
704 1531 733 1580 v.
747 1529 802 1591 (an.
818 1529 941 1592 illitati),
952 1528 1122 1594 conscripsit.
1146 1541 1254 1581 annum
1266 1532 1365 1583 aetatis
1378 1544 1436 1583 suae

207 1628 343 1681 decimum
364 1631 469 1680 sextum
490 1640 573 1692 agens
594 1627 654 1691 (cir.
676 1626 761 1692 praes.
783 1629 875 1692 exte),
898 1628 997 1680 Paulus
1015 1627 1049 1680 de
1070 1629 1231 1695 littarantis,
1256 1630 1437 1691 Florentium.

207 1727 331 1795 ejusdem
343 1726 452 1780 ordinis
464 1727 601 1792 alumnus,
615 1727 746 1779 hactenus
758 1726 859 1780 inedita
871 1728 930 1793 (cir.
944 1727 1065 1795 Gianius,
1076 1728 1215 1780 Arerealea
1237 1729 1372 1784 Ordinis
1383 1731 1442 1784 Scr-

208 1838 318 1879 corttm
329 1827 364 1878 Β.
375 1827 415 1878 Μ.
424 1825 464 1892 tt,
475 1830 540 1879 tom.
551 1828 572 1889 l,
586 1840 612 1890 p.
624 1826 691 1891 5723
702 1824 818 1891 Soulier,
834 1825 885 1878 Via
894 1826 933 1879 dc
942 1826 969 1878 S.
981 1823 1129 1892 Philtppc
1141 1820 1265 1893 Bentzi,
1276 1829 1355 1882 Paris
1370 1832 1443 1895 ibbo,

209 1937 235 1989 p.
245 1925 313 1988 dtu).
327 1925 391 1975 Eam
402 1924 457 1989 jam
471 1923 640 1975 exhibemus.

699 2096 989 2107 ———·-————.-—.

551 2306 761 2418 Appendix
781 2306 830 2394 ad
851 2308 931 2399 cod.
957 2306 1083 2396 5374.

581 2526 668 2591 Vtra
694 2525 728 2591 S.
748 2526 903 2591 Putarem
928 2527 1075 2593 Berurtt.

602 2717 779 2796 [epistota
800 2716 1046 2796 commanet.

246 2895 370 2964 ltagistro
386 2895 588 2962 dbristoplroro,
602 2896 749 2948 sorvorum
772 2895 877 2948 ordinis
896 2895 1029 2963 generali,
1048 2895 1132 2948 irater
1152 2895 1254 2949 Paulus
1267 2894 1448 2951 Florentiuus

216 2997 331 3049 salutem
345 2995 490 3062 plurimam
503 2995 577 3048 dicit.

249 3095 366 3148 Tametsi
379 3096 407 3147 in
427 3094 523 3147 studiis
545 3095 730 3161 immanitatis,
744 3103 774 3148 ut
786 3097 934 3162 appellant,
949 3110 1044 3162 parum
1063 3096 1130 3146 milri
1143 3096 1293 3160 proiecisse
1306 3096 1403 3151 uidear
1419 3100 1473 3152 eti

216 3194 249 3247 ad
269 3201 372 3259 ornate,
386 3193 503 3261 graviter
525 3195 701 3260 appositeque
722 3194 868 3247 dicendum
890 3201 963 3248 actas
985 3208 1044 3247 mea
1066 3207 1242 3261 nequaquam
1260 3195 1388 3263 sufficiat,
1403 3204 1445 3249 tua

216 3301 307 3349 tamen
319 3294 488 3346 humanitate
500 3294 585 3346 fretus
598 3301 680 3360 atque
692 3294 848 3346 clementia.
863 3295 930 3346 nibil
950 3300 990 3347 est
1005 3296 1078 3362 quod
1097 3295 1220 3348 dubitem
1235 3296 1309 3348 bunc
1322 3296 1443 3350 libellum

216 3395 263 3448 tibi
276 3401 381 3461 gratum
395 3392 463 3445 lore.
476 3395 535 3445 Non
549 3406 614 3445 sanc
628 3392 830 3459 modiolorum,
846 3407 916 3459 (puae
930 3393 1040 3459 quidem
1055 3394 1082 3445 in
1100 3408 1144 3447 me
1157 3394 1310 3457 contulisti,
1324 3396 1374 3448 tibi
1386 3408 1442 3463 gra·

217 3495 280 3547 tiam
294 3495 409 3546 ceteram
424 3509 430 3545 :
445 3507 534 3559 neque
552 3495 626 3545 onim
648 3494 716 3547 adeo
738 3495 851 3546 insanus
864 3508 934 3558 suni,
949 3499 978 3545 ut
990 3494 1093 3547 tantula
1107 3508 1136 3546 re
1150 3500 1242 3560 putem
1261 3494 1296 3546 de
1310 3495 1366 3547 tuis
1383 3508 1441 3561 erga

217 3606 260 3644 me
274 3592 414 3644 benefieiis
435 3591 505 3644 bene
527 3593 624 3644 inereri
640 3605 716 3657 posse
728 3611 735 3658 ;
749 3607 843 3645 rerum
862 3594 1002 3645 enimvero
1024 3593 1137 3658 cupiens
1155 3593 1190 3645 ob
1203 3593 1287 3644 animi
1309 3593 1437 3660 magnitu·
1453 3594 1477 3642 ltt

216 3694 309 3745 dinem
323 3699 347 3744 te
360 3691 512 3745 studiorum
527 3706 649 3745 meorum
664 3694 821 3759 participem
836 3693 950 3745 reddere
963 3695 1036 3745 lrunc
1049 3692 1082 3745 ad
1096 3699 1122 3745 tc
1137 3692 1295 3757 transcripsi
1309 3691 1438 3744 libellum.

216 3796 299 3857 Quem
313 3792 335 3842 si
349 3797 395 3844 tuo
405 3791 520 3857 judicio,
533 3793 578 3857 qui
600 3793 728 3844 omnibus
741 3793 768 3843 in
793 3793 874 3844 rebus
896 3792 1112 3857 sapientissimus
1133 3804 1172 3858 es,
1185 3791 1368 3857 approbatum
1385 3801 1440 3842 esse

216 3904 339 3956 sensero,
354 3905 409 3944 non
423 3892 511 3958 partis
534 3899 623 3944 terum
638 3893 799 3944 munoribus
818 3893 865 3944 sed
888 3892 992 3958 magnis
1011 3891 1140 3957 deinceps
1152 3904 1239 3958 aqam.
1254 3891 1359 3943 Placuit
1370 3891 1437 3943 enim

217 3991 289 4042 inter
300 3991 493 4056 occupationes
512 3996 619 4042 nostras
640 3990 666 4042 id
688 3990 761 4057 quod
779 3990 895 4043 dabatur
907 3991 953 4044 otii
976 3991 1039 4043 liuic
1052 3991 1221 4057 potissimum
1235 3991 1345 4057 negotio
1358 3990 1437 4055 depu-

216 4094 282 4142 ture.
294 4091 325 4141 lit
336 4096 378 4141 est
399 4091 527 4142 nimirum
541 4090 710 4156 incredibile,
733 4097 832 4157 quanta
853 4091 925 4143 illius
947 4094 1030 4143 nostri
1049 4091 1198 4143 beatissimi
1219 4092 1304 4155 patris
1327 4087 1436 4155 Philippi
1452 4082 1473 4135 15

217 4189 286 4241 vitae
299 4188 406 4240 bonitas
427 4194 453 4239 et
474 4190 652 4242 sanctimonia
665 4190 755 4242 luerit.
769 4193 861 4256 Neque
882 4191 955 4242 enim
977 4190 1124 4242 voluminis
1147 4190 1265 4254 paruitas
1287 4189 1364 4243 dccci
1378 4202 1435 4255 pen·

217 4288 305 4341 denda
318 4295 368 4351 est,
383 4289 512 4355 quoniam
533 4293 639 4341 tantum
661 4290 799 4356 dignitatis
820 4292 842 4342 ei
863 4292 977 4357 Plrilippi
998 4305 1097 4343 portien
1117 4289 1201 4351 addit,
1215 4297 1246 4342 ut
1261 4293 1324 4356 jure
1343 4292 1436 4357 optimo

217 4402 345 4455 magnum
358 4388 487 4454 appellari
501 4390 593 4453 possit.
608 4390 656 4452 Qui
670 4394 744 4441 tanta
756 4393 931 4443 veneratione
949 4392 1020 4457 apud
1043 4392 1155 4456 populos
1178 4397 1230 4453 est,
1253 4398 1364 4458 propter
1386 4388 1436 4439 illu·

216 4491 298 4537 strom
312 4499 387 4538 suam
398 4487 577 4547 sanctitatem,
588 4493 616 4538 ut
627 4488 764 4540 ncmincm
777 4489 824 4539 liar
836 4495 926 4541 nostra
940 4493 1096 4554 tempestate
1106 4489 1289 4553 acceptiorem
1303 4501 1362 4542 esse
1373 4484 1434 4539 arbi·

217 4587 280 4634 tter.
303 4583 433 4649 Equidem
454 4583 544 4652 gaudii
567 4585 714 4651 plurimum
733 4588 835 4655 accepi,
855 4589 919 4639 dum
943 4588 1106 4639 sune-tissimi
1126 4587 1174 4638 riri
1196 4588 1332 4653 instituta,
1355 4595 1435 4638 more<
1448 4577 1469 4627 θ’
