3316 5482
313 360 407 411 omn.
426 359 509 411 nar.
528 358 645 410 rarus.
664 379 710 390 -
726 357 881 409 apruno.
901 358 948 408 no
965 358 1043 409 coo.
1063 356 1137 407 sarr.
1250 356 1252 361 ·
1270 339 1334 406 163

137 523 268 582 emissas
284 541 350 583 vero
361 528 416 582 cito
432 527 564 582 deorsum
578 527 707 595 partitum
728 531 771 580 est
788 527 816 580 in
829 535 889 580 1111tr
901 527 1034 593 partibus,
1055 526 1091 579 ita
1114 529 1144 579 ut
1161 524 1333 579 mortiferum

137 622 194 677 illud
203 638 322 683 renerum
335 641 418 696 super
429 629 519 683 nudos
531 628 650 682 tenentis
663 626 747 694 pedes
759 626 869 680 caderet
881 631 968 680 totum
979 642 987 693 ;
997 639 1044 680 vas
1051 638 1116 680 vero
1128 626 1256 690 vitreum,
1270 638 1333 678 cum

135 723 291 794 vinooptimo,
303 728 424 793 devenit,
436 729 507 781 sicut
524 733 604 782 antea
616 728 676 794 ruit,
690 727 836 796 integrum.
847 728 963 781 Sanctus
974 730 1065 780 autem
1087 725 1236 780 leonorius
1254 723 1333 777 hilari

134 819 197 876 rullo
206 825 329 892 occipiens
339 825 480 881 vasculum
493 825 561 880 illud
574 839 683 892 sanum,
695 826 790 879 vinum
802 838 864 879 curn
880 826 1028 895 gratiarum
1041 823 1149 879 actione
1160 823 1230 877 bibit
1242 826 1334 889 postea

101 923 120 975 o
133 923 212 978 totum
222 925 265 980 llle
275 938 395 992 namque
404 925 497 993 bomo,
510 926 557 993 qui
570 938 709 980 venenum
722 924 875 993 adportavit
893 931 920 981 et
932 938 1013 992 super
1031 924 1109 991 cujus
1124 922 1210 990 pedes
1226 922 1335 988 cecidit,

127 1020 244 1079 inlatum
254 1037 371 1092 veneno,
385 1025 576 1091 extensiores,
590 1026 653 1080 ilico
666 1029 789 1080 mortuus
802 1029 852 1079 est.

153 1125 199 1179 1⁷.
207 1125 341 1180 llliautem
350 1126 468 1194 quicum
477 1139 510 1182 eo
518 1131 597 1181 erant
606 1140 705 1195 magno
716 1128 868 1181 timuerunt
876 1126 984 1191 timore,
995 1129 1022 1179 et
1031 1124 1334 1179 veneruntnuntiantes

118 1223 221 1293 bocrepi
229 1225 376 1280 Gilleberto
386 1232 414 1280 et
422 1227 503 1280 uxori
512 1227 696 1296 suaeliegiua
707 1231 809 1292 autern,
817 1227 868 1280 boc
877 1224 1003 1290 audiens,
1014 1225 1186 1279 constristata
1196 1223 1333 1289 ostvalde,

113 1323 172 1391 onia
184 1336 216 1378 ex
226 1325 385 1391 parentibus
395 1325 452 1378 suis
474 1324 521 1378 ille
533 1326 615 1379 bomo
627 1329 694 1378 erat.
709 1327 765 1379 liex
775 1337 850 1390 vero,
863 1337 945 1377 mane
967 1323 1048 1389 iacto,
1064 1335 1127 1376 cum
1139 1335 1190 1375 sua
1204 1323 1298 1390 regina
1310 1326 1338 1374 et

66 1422 278 1490 scommatis
288 1425 347 1478 suis
357 1428 495 1478 venerunt
507 1425 541 1478 ad
561 1430 686 1478 sanctum
698 1424 873 1490 Leonorium,
887 1429 914 1476 ct
922 1423 1089 1476 invenerunt
1103 1434 1166 1475 eum
1180 1434 1196 1475 a
1208 1420 1337 1474 iratribus

105 1527 229 1576 orantem
240 1524 388 1589 separatim
400 1523 428 1576 in
438 1536 526 1576 unum
539 1523 640 1577 locum.
652 1523 765 1591 Regina,
778 1522 875 1576 videns
888 1521 976 1588 illum,
989 1520 1116 1576 advoluta
1134 1519 1248 1587 jactavit
1259 1533 1289 1573 se
1300 1519 1336 1572 ad

102 1621 189 1691 pedes
200 1623 261 1690 eius
272 1627 300 1677 et
319 1621 465 1689 deprecata
478 1628 519 1676 est
538 1623 616 1676 illum
628 1629 659 1676 ut
670 1636 750 1677 suum
771 1622 944 1676 resuscitaret
956 1622 1084 1675 amicum.
1098 1620 1192 1673 Omnis
1215 1632 1336 1687 namque

101 1721 222 1790 populus
233 1721 282 1791 qui
293 1723 400 1777 astabat
411 1735 474 1777 cum
492 1723 622 1777 liatribus
634 1723 693 1790 ejus
713 1723 840 1776 similiter
860 1722 1050 1777 indicaverunt
1071 1720 1181 1790 reginae
1193 1719 1251 1773 lieri
1271 1719 1336 1786 peti-

100 1822 218 1877 tionem.
241 1822 358 1876 Sanetus
381 1835 446 1877 vero
466 1822 627 1889 Leonorius,
652 1835 808 1877 memorans
832 1835 988 1877 sermonem
1012 1819 1119 1875 Domini
1142 1822 1206 1873 iesu
1234 1819 1335 1872 christi

53 1922 85 1976 lb
100 1921 280 1990 magistrisui
300 1920 337 1975 ad
352 1921 467 1988 judaeos
485 1921 533 1990 qui
553 1936 617 1976 eum
638 1920 842 1987 crucifixerunt,
856 1921 903 1975 ubi
924 1921 981 1974 ait:
995 1919 1132 1987 Domine,
1153 1932 1194 1973 ne
1213 1920 1340 1973 statuas

99 2018 177 2073 iiiia
189 2016 427 2088 bocpeccotum,
437 2019 514 2087 qnia
525 2019 668 2074 nesciunt
676 2019 753 2087 quid
764 2018 898 2087 focium,
909 2031 1025 2087 surgens
1037 2016 1155 2083 perrexit
1166 2015 1201 2070 ad
1208 2016 1340 2082 juvenem

10 2116 13 2217 l
100 2118 151 2172 ubi
170 2118 281 2186 jacebat
300 2123 435 2185 mortuus,
449 2123 477 2173 et
498 2119 602 2173 iaciens
623 2132 724 2186 aquam
744 2118 927 2184 benedictam,
949 2118 1066 2184 aspersit
1085 2129 1169 2184 super
1189 2120 1339 2180 mortuum,

10 2232 12 2245 ·
99 2217 202 2272 dicens
212 2233 221 2271 ε
233 2217 271 2272 ln
279 2217 407 2273 nominc
418 2218 545 2273 Domini
555 2218 739 2273 nostratem
751 2216 874 2286 Christi,
888 2217 944 2284 qni
954 2229 1003 2270 me
1020 2215 1058 2270 de
1070 2225 1184 2270 veneno
1196 2217 1249 2268 tuo
1260 2226 1340 2269 mor·

10 2344 12 2379 ;
102 2313 203 2385 tisero
215 2312 370 2382 immovit,
383 2315 453 2370 dico
464 2314 530 2384 tibi,
543 2329 637 2384 turpe
648 2318 678 2370 et
698 2314 773 2382 oioe,
786 2317 816 2369 et
826 2327 866 2368 ne
883 2313 1021 2381 amplius
1041 2313 1076 2366 in
1096 2311 1231 2381 famulis
1248 2311 1340 2365 iilius

10 2390 12 2411 Ι
54 2416 88 2470 9)
104 2414 231 2469 audeus
250 2415 362 2470 amodo
378 2415 509 2470 saevire.
524 2415 572 2470 lile
591 2420 683 2469 autern
704 2414 824 2469 adhunc
845 2426 939 2467 vocem
960 2413 1024 2477 cito,
1044 2411 1201 2466 videntibus
1221 2411 1336 2475 cunctis,

10 2542 12 2565 ι
103 2514 228 2568 surrexit
238 2514 389 2568 amortuis.
400 2516 501 2568 omnes
513 2514 588 2569 enim
600 2515 647 2582 qui
660 2513 695 2568 ad
708 2515 759 2568 boc
771 2512 957 2580 spectaculum
966 2516 1046 2566 erant
1057 2510 1237 2565 laudaverunt
1249 2511 1336 2564 Domi·

10 2568 14 2653 Ι,
104 2625 175 2666 num
186 2614 279 2667 iesum
292 2613 439 2680 ebriatum,
452 2614 499 2680 qui
512 2627 561 2681 per
576 2626 657 2668 suum
669 2613 802 2667 famulum
814 2615 938 2666 sanctum
952 2611 1118 2665 Leonorium
1131 2611 1182 2664 boc
1194 2621 1286 2664 coram
1298 2608 1338 2662 eis

104 2711 172 2767 iecit
184 2710 359 2767 miraculum.

140 2810 193 2865 18.
206 2813 263 2865 lter
279 2824 357 2879 vem,
370 2812 438 2867 baec
450 2813 611 2881 respiciens,
625 2818 719 2867 sancto
731 2812 868 2867 beonorio
877 2812 965 2865 dixit:
982 2811 1005 2864 0
1026 2809 1135 2864 inclite
1153 2807 1210 2862 Dei
1228 2809 1336 2862 sancte

54 2911 89 2966 att
106 2910 264 2979 leonorii,
273 2913 347 2979 pete
364 2924 385 2966 a
405 2925 454 2967 me
475 2913 624 2981 quiequid
643 2913 781 2967 volueris
806 2915 835 2965 et
857 2911 935 2965 dabo
957 2908 1021 2977 tibi,
1042 2909 1108 2962 sice
1127 2920 1254 2974 aarum,
1274 2907 1339 2961 stoc

104 3012 282 3078 arpentum,
296 3013 518 3079 autpreiioccte
532 3026 680 3082 pemmas,
699 3013 764 3066 sive
775 3013 871 3065 vestes
883 3010 1028 3078 optimas.
1052 3007 1232 3074 Respondeas
1244 3012 1336 3059 autem

105 3113 219 3162 sanctim
230 3097 382 3163 Leonorius
393 3109 460 3163 dixit
471 3126 478 3162 ε
496 3108 587 3164 Nitit
598 3123 638 3164 cn
647 3109 696 3164 bis
708 3108 849 3164 omnibns
871 3110 948 3175 vole,
960 3108 1015 3162 sed
1027 3119 1081 3174 epo
1098 3119 1215 3161 aurum
1222 3105 1337 3173 pretio·

105 3220 179 3262 cum
187 3207 245 3262 tioi
252 3208 340 3264 dabo.
352 3212 428 3263 'lunc
437 3211 575 3277 accipiens
585 3211 662 3264 illum
671 3211 784 3264 arietem
794 3223 920 3275 aureum,
933 3221 1016 3275 quern
1025 3209 1055 3260 in
1065 3219 1115 3260 suo
1127 3206 1232 3259 invenit
1243 3217 1337 3271 supra·

106 3306 181 3363 dido
189 3320 296 3375 campo,
304 3310 488 3375 praesentavit
497 3323 561 3363 eum
573 3311 629 3378 regi
638 3310 795 3365 Gilleberto.
805 3312 863 3362 Rex
875 3312 967 3362 autern
976 3307 1054 3360 illum
1064 3306 1201 3372 accipiens
1210 3305 1244 3358 de
1253 3316 1337 3357 manu

56 3407 92 3459 bb
108 3406 334 3462 nnatbeouorii
343 3409 457 3463 arietem
466 3411 692 3479 aureum,gratias
701 3423 785 3478 agens
794 3408 961 3474 bomin0,sic
971 3408 1008 3460 ait
1017 3406 1051 3460 ad
1061 3406 1123 3459 illos
1130 3404 1213 3472 quiin
1222 3404 1338 3458 circuitu

106 3506 168 3574 eius
179 3506 394 3561 erautbomines
413 3507 536 3564 :Dicite
552 3509 640 3567 mibi,
653 3510 731 3577 quid
747 3510 830 3563 ooict
850 3508 908 3562 iste
926 3518 1043 3561 aureus
1054 3504 1165 3559 aries?
1188 3502 1232 3557 llli
1244 3509 1336 3557 autem

106 3602 331 3671 appretiaverunt
349 3619 475 3674 cumpro
488 3607 577 3661 tribus
595 3608 716 3662 millibus
727 3607 822 3662 solidis
839 3606 985 3674 argenteis.
1009 3605 1064 3658 lter
1084 3615 1159 3669 vero,
1181 3603 1332 3669 respiciens

108 3709 236 3756 sanctum
244 3705 466 3772 baouorium,ait
475 3719 483 3758 :
493 3706 629 3766 Quidvis
638 3709 672 3761 ui
683 3706 802 3776 sociam
813 3705 870 3760 tibi
875 3707 888 3759 i
897 3708 1012 3759 Sanctus
1021 3703 1170 3758 Leonorius
1178 3702 1318 3769 respondit
1329 3719 1335 3754 :

115 3801 188 3858 Volo
197 3805 234 3857 ui
244 3803 283 3858 de
294 3806 383 3859 terra
395 3808 452 3860 iata
463 3806 543 3862 mibi
558 3808 612 3862 des
625 3810 749 3863 tantum
761 3810 912 3875 quantum
924 3806 1008 3861 vaiet
1021 3805 1104 3858 illud
1116 3816 1241 3872 aurum,
1254 3804 1288 3856 ut
1308 3805 1338 3856 et

55 3903 92 3955 ab
106 3899 192 3956 milti
202 3902 244 3956 tit
255 3903 290 3956 in
301 3903 474 3960 meditate
479 3909 634 3975 perpetua
645 3908 743 3976 firma
753 3909 783 3962 et
793 3906 926 3973 stabitis,
936 3906 1006 3960 sine
1015 3905 1085 3960 ulie
1097 3902 1258 3958 hominnm
1269 3913 1336 3956 suc·

107 4000 285 4057 miium
296 4003 469 4073 calumnia,
481 4018 577 4073 usque
588 4005 621 4059 in
632 4006 866 4074 sempiternum.
880 4008 934 4059 ltex
947 4009 1038 4059 autem
1050 4004 1163 4057 tradidit
1179 4008 1207 4055 et
1226 4001 1339 4055 donavit

108 4101 151 4154 illi
162 4102 193 4155 in
204 4101 319 4157 circuitu
331 4105 489 4158 monasterii
502 4107 543 4159 sui
556 4112 674 4173 quatuor
686 4108 839 4161 miliaribus
850 4120 883 4160 ex
901 4107 975 4161 omni
988 4111 1065 4173 parte
1083 4104 1224 4159 sedentem
1236 4108 1337 4157 terram

107 4198 141 4253 iu
152 4199 240 4266 pretio
252 4213 302 4268 pro
314 4202 361 4256 illo
373 4203 457 4257 ariete
468 4216 552 4258 aureo
565 4205 595 4258 in
609 4204 760 4258 hereditate
780 4204 975 4273 perpetualiter
994 4205 1160 4270 sempiterna
1173 4216 1220 4269 per
1232 4200 1338 4254 intinita

107 4296 281 4354 saeculorum
294 4301 413 4355 saccula.
426 4304 481 4358 lter
490 4304 590 4358 iterum
603 4304 671 4357 dixit
683 4304 707 4358 ei
718 4321 725 4357 :
736 4305 831 4358 illam
840 4318 933 4371 qnam
944 4316 1028 4357 nune
1042 4301 1133 4356 bobes
1145 4314 1185 4354 ex
1193 4312 1273 4354 auro
1286 4303 1338 4353 tato

52 4399 91 4455 40
107 4398 218 4453 muti
227 4401 367 4469 tamem,-
378 4414 433 4469 epo
436 4415 498 4472 pro
509 4416 579 4458 ntea
588 4404 698 4458 animo
707 4407 737 4458 et
748 4404 860 4459 ononis
871 4407 901 4457 et
912 4404 1054 4473 filiorum
1064 4399 1229 4457 animabus
1243 4400 1338 4453 etiam

106 4510 153 4553 cm
163 4495 238 4565 sicco
247 4513 314 4557 nteo
325 4500 366 4555 cio
378 4500 436 4555 tibi
447 4505 576 4558 terram.
596 4504 687 4573 Vade,
700 4505 730 4557 et
741 4503 925 4572 ubicumque
936 4502 1071 4558 volueris
1083 4502 1118 4555 in
1129 4513 1192 4554 nnc
1204 4513 1244 4554 eoo
1252 4498 1339 4566 fiscia

104 4597 190 4652 noeis
199 4598 378 4659 incircuitu
387 4605 440 4658 ino
449 4608 602 4673 monente,
615 4609 644 4662 ot
655 4620 749 4675 cuper
760 4621 859 4663 tenum
871 4603 1339 4674 montcmjubetintinnabnlum
