3316 5482
215 342 283 410 508
559 358 684 410 caran.
703 359 806 410 cono.
825 358 1001 411 nacroott.
1019 359 1102 411 nar.

213 529 375 597 Rigomerus
387 541 497 596 quoque
509 541 604 582 causas
624 532 655 580 ut
673 533 794 595 peroret,
807 527 963 582 excusando
981 541 1016 581 an
1033 527 1199 596 detegendo,
1213 529 1285 583 tanti
1299 527 1393 597 flagitii
1404 541 1443 581 ex·

214 630 336 682 hortatus
346 634 395 680 est.
405 631 487 682 Porro
497 629 544 681 illc
553 627 692 694 eleganter
703 628 818 681 nimium
828 641 860 681 ae
873 629 1005 693 modeste,
1013 628 1115 694 quippe
1127 628 1156 680 in
1168 641 1225 695 quo
1234 629 1357 695 Spiritus
1365 630 1441 683 Patris

214 726 322 793 eloquia
336 726 528 792 concinnabat,
536 725 748 793 haudquaquam
760 739 790 780 se
801 727 859 781 viro
872 727 1034 793 dempsisse,
1043 739 1098 793 quo
1110 726 1162 779 sibi
1174 732 1343 780 annecteret
1352 740 1441 796 ganeo

213 840 275 878 rum
289 838 374 890 more,
383 825 422 877 uti
434 824 571 878 delatores
582 824 808 899 criminabantur,
817 830 937 890 optatum
949 826 1161 892 matrimonium,
1169 828 1360 894 prosequitur,
1366 829 1439 881 immo

213 926 327 978 amatori
349 925 511 993 integritatis
531 925 690 978 inviolatum
704 924 810 991 puellae
830 938 929 991 corpus
949 926 1006 978 suis
1018 924 1191 978 documentis
1204 926 1321 993 sigillari
1332 926 1463 980 uoluisset

214 1024 323 1077 fatetur.
337 1025 405 1076 ilinc
417 1023 529 1076 demum
547 1029 748 1091 consequenter
769 1030 901 1091 augustus
915 1041 921 1076 :
934 1024 1016 1091 Iam,
1029 1025 1127 1091 inquit,
1139 1025 1271 1078 reiectis
1292 1025 1439 1079 diciorum

214 1124 403 1193 ambagibus,
414 1138 457 1178 an
470 1126 612 1179 sincerae
624 1124 772 1191 religioni
784 1125 843 1178 tati
853 1124 974 1192 negotio
983 1124 1109 1178 orrroino
1117 1124 1316 1193 dermietis,
1329 1124 1438 1193 liquido

214 1224 336 1278 dinosci
355 1224 442 1293 faxo,
465 1224 584 1279 scilieet
602 1224 632 1276 si
650 1224 685 1276 in
704 1224 763 1277 itte
784 1224 854 1290 apsa
878 1236 957 1290 quac
975 1225 1102 1277 nostroe
1122 1223 1289 1289 rrtqjestati
1306 1223 1438 1278 detracti

213 1324 406 1377 irrunuscrila
418 1323 550 1388 (cereolos
571 1323 682 1388 etenim,
696 1335 732 1375 ne
753 1323 856 1389 regium
874 1323 998 1389 penetral
1018 1322 1095 1375 vacui
1107 1322 1332 1389 ingrederentur,
1344 1336 1437 1376 assum·

214 1423 334 1486 pserunt)
346 1421 534 1489 ignivomam
545 1421 678 1477 caelites
696 1421 834 1488 adipisci
849 1421 1004 1474 cremeris
1021 1420 1194 1486 fiaritmam.
1208 1421 1332 1476 adhaec
1343 1402 1436 1487 senior,
1451 1422 1472 1473 tt

186 1529 188 1534 ’
214 1531 262 1572 cor
279 1520 342 1586 polo
360 1519 485 1586 intigens,
499 1520 575 1573 nullo
595 1526 673 1586 paeto
694 1522 753 1587 ejus
765 1533 816 1586 ope
828 1519 933 1573 didlsus
945 1521 993 1587 qui
1013 1519 1047 1573 de
1066 1519 1248 1588 temptatione
1267 1522 1329 1589 pios
1340 1522 1437 1588 eripere

213 1624 296 1685 atque
307 1618 438 1673 auxilium
450 1626 614 1686 opportune,
627 1621 773 1687 praecipue
788 1621 817 1671 in
829 1620 1063 1685 tribulationibus,
1077 1621 1152 1674 nouit
1169 1621 1330 1683 immittere,
1342 1621 1438 1674 eunctis

213 1719 417 1785 speculantibus
429 1720 457 1773 in
470 1732 533 1773 arva
545 1734 600 1773 una
612 1734 674 1773 cum
686 1720 785 1773 Christi
794 1720 893 1773 dilecta
903 1717 1067 1773 Thenestirla
1079 1720 1155 1773 omni
1167 1731 1286 1786 corpore
1299 1721 1438 1787 prosterni-

213 1823 265 1884 tur,
280 1819 372 1884 ejusre
393 1819 516 1871 levamen
536 1820 582 1885 pio
594 1816 703 1885 affectu,
717 1820 763 1887 qui
783 1825 843 1873 rota
865 1817 1025 1886 debilesque
1037 1832 1189 1885 pauperum
1201 1831 1318 1872 snorum
1330 1819 1438 1888 gemitus

214 1918 342 1970 exaudire
354 1918 502 1984 consueuit,
517 1918 691 1984 imprecatur.
703 1920 757 1970 Neo
769 1931 831 1970 eum
850 1918 945 1971 fefellit
957 1930 1019 1984 spes
1036 1917 1130 1984 ipsius.
1143 1918 1226 1985 Atqui
1247 1924 1360 1972 sanctae
1373 1918 1438 1970 illius
1451 1917 1475 1969 rt

214 2014 346 2070 orationis
363 2015 474 2070 modum
489 2022 576 2070 ratum
589 2018 725 2070 credimus
737 2019 850 2071 reticere
864 2018 1003 2084 satiusque
1016 2031 1049 2070 ex
1060 2021 1194 2083 proventu
1212 2017 1346 2085 colligere
1356 2023 1438 2086 gestae

213 2115 263 2180 rei,
276 2115 406 2181 quoniam
419 2116 530 2182 quidem
551 2115 620 2169 adeo
641 2116 781 2182 pervalida
802 2118 887 2170 lertur
899 2117 956 2169 lore
968 2116 1081 2169 devotae
1100 2116 1250 2184 rogationis
1271 2117 1314 2169 vis
1325 2123 1356 2170 ut
1372 2116 1437 2169 idem

213 2214 272 2279 ipse
284 2214 327 2266 eui
340 2215 387 2266 bei
400 2215 516 2281 gratuito
529 2227 644 2268 munere
665 2214 788 2283 largitur,
801 2215 848 2268 ubi
870 2216 904 2268 de
918 2215 963 2267 illo
981 2215 1063 2282 felici,
1077 2215 1298 2282 opulentissimo,
1311 2216 1438 2269 excellen-

212 2310 327 2375 tissimo,
341 2310 498 2365 dulcissimo
511 2313 735 2380 quietissimoquc
749 2318 820 2366 statu
833 2314 942 2366 miseria
960 2326 1009 2366 sua
1026 2313 1218 2368 reverberatus
1229 2314 1265 2367 ad
1278 2327 1310 2367 se
1323 2314 1438 2377 redierit,

213 2409 279 2477 quid
292 2424 361 2477 pura
381 2425 460 2465 mens
481 2426 587 2465 summo
609 2413 781 2466 confabulata
793 2414 829 2465 sit
841 2413 893 2479 piis
904 2415 984 2480 uotis,
997 2414 1048 2479 piis
1064 2413 1221 2481 gemitibus,
1235 2413 1308 2467 lenis
1320 2413 1438 2468 clamori·
1451 2411 1476 2464 tt

213 2509 265 2563 bus
276 2511 403 2577 principi,
418 2511 499 2577 plene
511 2512 650 2565 reminisci
663 2513 808 2579 nequierit.
822 2515 915 2580 ltaque
933 2518 963 2565 ut
974 2512 1009 2564 de
1022 2514 1064 2564 his
1075 2525 1145 2578 quae
1159 2514 1255 2579 patulo
1266 2521 1365 2568 exacta
1382 2519 1440 2567 sunt

210 2610 343 2675 tantisper
364 2612 517 2677 loquamur,
540 2613 620 2665 breve
642 2620 702 2677 post
721 2613 848 2679 spatium,
871 2612 1015 2665 terminato
1039 2617 1134 2680 rogatu
1154 2613 1254 2677 sancti,
1277 2619 1439 2682 assurgunt,

213 2708 406 2777 dominicoque
418 2711 494 2777 signo
508 2712 622 2764 cereolis
634 2712 734 2776 inluso,
748 2711 869 2765 cernitur
887 2713 929 2764 his
947 2712 1052 2764 innasci
1070 2711 1141 2780 ignis
1158 2712 1297 2766 aethereis
1310 2713 1441 2766 demissus

213 2808 248 2860 ab
261 2808 325 2862 oris.
338 2811 407 2862 tum
428 2811 548 2876 prolecto
570 2825 617 2863 rer
638 2811 792 2863 cumomni
814 2809 997 2872 multitudine,
1012 2816 1085 2863 tanto
1104 2817 1227 2863 monstro
1246 2813 1402 2878 perculsus,
1414 2824 1442 2865 ac

214 2919 249 2959 ne
261 2921 291 2960 se
303 2909 393 2962 virum
406 2909 566 2963 obsorberct
587 2911 667 2963 tellus
687 2911 830 2963 dehiscens
842 2911 953 2976 veritus,
968 2923 999 2962 eo
1021 2910 1094 2977 quod
1107 2910 1207 2962 Christi
1219 2911 1351 2964 alumnos
1371 2912 1440 2965 calu-
1452 2912 1478 2963 ib

215 3007 334 3060 mniatus
346 3010 380 3060 sit
392 3009 570 3075 reproborum
585 3009 818 3074 insectationibus,
833 3009 904 3075 regia
916 3013 1005 3075 spreta
1024 3008 1164 3076 dignitate,
1176 3009 1285 3074 agiliter
1301 3011 1338 3063 ad
1356 3015 1442 3063 sancta

213 3106 326 3173 uestigia
338 3106 500 3167 advolvitur,
514 3108 599 3159 errori
613 3107 807 3174 indulgendam
821 3108 927 3160 veniam
941 3112 1099 3160 reverenter
1107 3106 1295 3172 expostulans,
1306 3108 1342 3161 de
1354 3114 1442 3162 cetero

214 3220 264 3259 nec
277 3219 306 3258 se
319 3206 371 3258 tale
392 3205 459 3272 quid
472 3207 514 3259 rel
536 3208 631 3259 leviter
652 3208 784 3272 suspicari
806 3208 957 3273 pollicetur.
971 3210 1025 3260 Nec
1047 3208 1097 3259 hoc
1119 3220 1229 3272 quoque
1242 3208 1316 3273 apud
1336 3209 1441 3261 beatum

213 3306 387 3371 ltigomerum
408 3318 489 3372 grave
510 3305 654 3370 impetratu
675 3314 733 3357 erat
747 3321 752 3356 :
768 3312 840 3358 totus
860 3308 960 3373 quippo
981 3307 1110 3359 elementi
1132 3306 1254 3360 bonitate
1276 3307 1440 3369 exundabat,

212 3405 340 3470 quocirca
356 3406 424 3458 nulli
446 3419 504 3457 eam
526 3406 661 3472 denegare
681 3407 784 3471 quibat.
798 3407 937 3473 Siquidem
958 3407 1158 3469 remissionem,
1171 3419 1255 3471 quam
1274 3408 1479 3473 supplicabattt

211 3518 292 3571 saepe
305 3506 403 3558 libatus
416 3513 555 3573 augustus
569 3506 594 3557 ei
614 3506 799 3571 impendente,
814 3509 931 3572 primunr
950 3507 1062 3572 quidem
1080 3508 1108 3560 in
1121 3507 1218 3561 eodem
1236 3509 1296 3562 uico
1308 3510 1344 3562 ad
1358 3523 1441 3563 recor·

212 3605 349 3658 dationem
371 3606 521 3658 sanctitatis
543 3606 676 3672 ltigomeri
699 3606 840 3657 basilicum
864 3607 934 3658 miro
957 3606 1081 3659 aedilicio
1102 3611 1266 3659 cameratam
1293 3609 1440 3671 instruxit,

210 3702 319 3769 deinde,
333 3718 366 3756 ex
378 3705 517 3756 voluntate
531 3705 667 3756 benedieti
681 3705 843 3769 innocentii,
857 3718 937 3770 quem
957 3705 1084 3770 superius
1104 3707 1291 3758 cenomannis
1305 3705 1439 3772 pontilica·

211 3808 267 3855 turn
290 3816 384 3870 regere
406 3802 640 3868 adstipularimus,
655 3803 696 3854 bis
718 3804 796 3855 binas
816 3803 893 3855 villas
914 3804 1022 3870 utrique
1044 3802 1164 3856 athletae
1185 3805 1296 3857 bomini
1310 3819 1392 3858 suurn
1408 3804 1439 3857 ad

210 3901 305 3953 liscum
318 3903 487 3967 pertinentes
498 3900 672 3965 contradidit,
687 3903 834 3954 novissime
847 3902 947 3954 obnixe
960 3903 1108 3954 obsecrans
1121 3909 1151 3954 ut
1164 3914 1213 3968 pro
1226 3917 1256 3956 se
1269 3911 1353 3971 atque
1365 3904 1438 3972 regni
1451 3904 1476 3954 bi

209 3999 354 4051 stabilitate
375 3999 416 4051 vel
429 3999 558 4051 diuturna
571 4000 665 4065 quiete
678 4001 759 4051 totius
771 4001 835 4052 boni
849 4000 1019 4052 conditorem
1030 4001 1131 4067 jugiter
1147 4007 1306 4067 exorarent,
1320 4004 1437 4055 nativum

209 4100 243 4152 ad
256 4101 344 4152 solurn
360 4101 456 4151 reverti
467 4100 618 4152 honorilice
631 4101 762 4165 permisit.
774 4103 794 4152 0
808 4105 833 4152 tc
847 4101 926 4166 plane
939 4100 1046 4153 felicem
1060 4102 1191 4167 omnique
1204 4103 1354 4167 praeconio
1365 4101 1437 4155 attol-

209 4198 321 4250 lendum
342 4213 374 4251 ae
395 4201 467 4250 ouini
484 4199 571 4264 jubilo
587 4199 792 4263 celebrandum,
808 4199 950 4267 ltigomerc
963 4202 1145 4266 sanctissime,
1159 4203 1257 4254 merito
1271 4204 1435 4268 praedicato·

207 4299 276 4364 rim;
290 4299 368 4363 eujus
387 4299 502 4350 inuictae
515 4299 600 4364 preci,
613 4298 646 4350 ad
660 4301 859 4352 ostendendum
877 4301 1080 4352 immaculatum
1098 4300 1325 4355 candidissimum
1344 4302 1433 4355 tlorem

208 4397 368 4465 virginitatis
389 4404 471 4463 atque
492 4397 525 4448 ad
548 4397 713 4450 refellendas
733 4399 881 4450 lutulentas
902 4399 1088 4452 falsidicorum
1111 4414 1206 4468 nugas,
1225 4413 1386 4454 concessum
1404 4398 1471 4452 sitit

209 4497 321 4549 rutilum
334 4497 427 4549 caelici
438 4497 519 4563 jubar
541 4496 660 4549 luminis.
675 4501 704 4549 Et
717 4497 828 4563 quidem
841 4506 995 4563 opportune
1017 4500 1099 4551 nimis
1120 4500 1182 4566 igne
1194 4500 1295 4554 alendo
1308 4502 1432 4568 operibus

208 4610 301 4664 apum,
315 4609 385 4664 quae
398 4610 478 4649 ‹arusa
491 4595 620 4662 liliorum,
634 4604 664 4650 ut
676 4598 793 4665 physicis
808 4597 904 4664 placet,
919 4597 1018 4651 cedere
1030 4604 1161 4667 respuunt
1177 4611 1327 4667 corporeae
1340 4601 1433 4653 immu-
