3316 5482
217 356 283 423 420
559 370 683 421 elren.
704 369 806 421 cono.
824 318 999 421 naamon.
1019 369 1100 421 nar.

215 542 364 597 deserebat.
377 544 409 595 lt
421 541 466 594 iile
484 541 601 594 libenter
620 553 763 594 assensum
788 540 914 607 praebuit
934 540 969 593 ad
990 552 1023 593 ea
1043 552 1113 608 quae
1127 539 1232 592 femina
1245 540 1427 607 postulabatet

214 643 338 707 reposuit
349 641 459 694 eosdem
472 652 565 693 saccos
577 640 605 692 in
618 639 718 693 solario
731 640 845 693 cancelli
859 638 984 706 ejusdem
1001 639 1143 708 ccclesiae,
1166 652 1285 706 sperans
1297 647 1326 693 et
1335 639 1429 694 creda

215 741 289 808 quod
301 741 357 795 illic
369 740 461 795 nullus
473 740 576 807 aliquid
589 740 751 806 requireret.
774 737 878 792 Accidit
898 742 989 792 autem
1002 743 1033 792 ut
1045 736 1157 805 qnidam
1167 739 1288 806 juvenes
1297 744 1360 806 apto
1370 739 1430 807 iope

163 875 167 883 -
215 843 262 895 nio
274 841 463 909 perquirerent
480 841 560 893 nidos
571 840 734 902 volatilium,
755 839 802 906 qui
825 839 929 893 ibidem
950 838 1138 893 nidificabant.
1162 841 1196 891 nt
1215 838 1433 894 videntessaoctt

214 941 311 1007 plenos
323 941 449 1007 pecuniis
461 941 489 992 in
502 939 602 993 solario
614 938 728 992 cancelli
742 938 899 1006 absconsos,
913 939 946 991 ad
960 939 1077 994 inuicem
1087 952 1117 992 se
1129 939 1229 993 hortati
1241 943 1317 1005 sunt,
1329 944 1361 993 ut
1370 934 1456 993 mont

216 1041 341 1107 sequenti
353 1040 381 1092 in
395 1039 503 1093 silentio
517 1039 605 1092 noctis
616 1039 742 1092 venirent
755 1043 782 1091 et
803 1039 901 1105 aptatis
920 1039 1038 1111 ingeniis
1056 1038 1121 1092 inde
1133 1037 1249 1093 eosdem
1261 1051 1356 1093 saccos
1366 1042 1437 1092 catra-

215 1139 312 1193 herent
324 1143 352 1192 et
363 1138 561 1205 absportarent.
581 1136 704 1200 Quicum
717 1137 746 1189 in
764 1137 816 1191 boc
836 1149 920 1203 opere
941 1136 1156 1191 concordassent
1176 1142 1205 1190 et
1217 1149 1273 1190 nox
1287 1137 1438 1201 advenisset,

214 1238 293 1292 allata
306 1237 377 1292 scala
390 1239 575 1291 ascenderunt
586 1237 634 1290 ubi
647 1241 726 1290 erant
737 1237 809 1290 sacci
822 1243 850 1289 et
861 1236 927 1289 inde
938 1237 1094 1303 captissime
1113 1249 1161 1290 eos
1180 1237 1360 1291 extrahentes
1370 1240 1440 1303 aque

215 1337 397 1405 deponentes,
409 1350 470 1390 cum
484 1336 587 1390 eisdem
601 1336 680 1404 fugae
694 1337 746 1389 iter
757 1337 893 1402 arripiunt
901 1336 944 1389 via
954 1349 1024 1403 quae
1034 1336 1110 1390 ducit
1122 1338 1315 1404 Rotomagum.
1328 1338 1440 1403 compe

216 1451 246 1491 se
259 1442 401 1504 sperarent
416 1436 532 1489 multum
546 1437 597 1489 iter
609 1436 767 1503 perfecisse,
780 1437 948 1490 inuenerunt
960 1449 989 1489 sc
998 1437 1076 1503 Juxta
1089 1436 1233 1489 ecclesiam
1251 1437 1342 1490 sancti
1355 1435 1441 1489 tiicbo
1453 1431 1475 1485 tt

214 1538 260 1591 lai.
274 1537 324 1600 Qui
347 1537 479 1589 mirantes
500 1535 586 1588 dere
608 1548 678 1602 quae
699 1535 844 1599 acciderat,
867 1536 914 1589 sed
937 1535 976 1587 nil
1000 1534 1064 1587 inde
1086 1535 1272 1602 paenitentes,
1295 1547 1359 1588 nam
1371 1545 1441 1588 tneor

215 1635 300 1689 semel
312 1635 415 1689 imbuta
425 1635 563 1701 nequitiae
575 1648 632 1688 non
643 1635 722 1688 facilc
734 1635 831 1700 recipit
842 1633 1061 1701 paenitudinem,
1074 1635 1126 1687 iter
1138 1634 1238 1688 iterum
1250 1634 1388 1701 arripiunt
1397 1645 1442 1700 per

214 1736 309 1789 silvam
322 1746 393 1802 qnae
411 1734 511 1788 dicitur
522 1734 666 1788 Lumbuel.
679 1735 803 1799 Quicum
817 1734 850 1787 ad
863 1734 1002 1801 quendam
1021 1734 1111 1788 locum
1124 1734 1153 1787 in
1166 1733 1264 1787 eadem
1277 1733 1442 1789 3113333313-

215 1839 279 1889 sent
290 1834 461 1888 notissimum
474 1835 526 1887 sibi
539 1839 566 1888 et
577 1834 614 1887 ibi
627 1847 656 1887 se
677 1847 789 1887 securos
807 1832 999 1899 credidissent,
1023 1833 1187 1886 invenerunt
1206 1846 1238 1887 sc
1249 1831 1281 1886 in
1291 1833 1441 1900 hortoque

215 1934 279 1987 dam
287 1934 366 2001 iuxta
385 1933 529 1987 ecclesiam
549 1933 697 1987 beatissimi
718 1933 850 1986 nicholai.
873 1936 951 1987 Tunc
969 1933 1145 1987 vehementer
1166 1932 1402 1998 obstupescentes,
1416 1928 1476 1984 etti

215 2038 308 2087 tamen
322 2034 350 2085 in
363 2046 412 2086 sua
425 2032 528 2086 malitia
540 2037 757 2099 perseverantes,
772 2033 883 2087 invento
896 2031 1017 2099 quodam
1034 2032 1202 2085 ferramento
1221 2032 1325 2085 iossam
1336 2031 1439 2096 belom,

211 2132 287 2186 etin
308 2146 340 2185 ea
360 2136 498 2198 reponunt
518 2130 665 2198 pecuniam
687 2144 757 2198 quae
779 2132 808 2183 in
830 2131 917 2185 saccis
937 2136 1005 2198 crat,
1028 2134 1056 2184 et
1076 2129 1215 2198 quandam
1229 2130 1440 2197 eodemque

211 2229 313 2285 ibidem
325 2235 392 2297 erat,
405 2230 525 2297 desuper
545 2235 659 2298 ponunt,
681 2243 714 2283 ac
734 2230 834 2283 deinde
855 2235 928 2283 terra
949 2230 1118 2297 cooperiunt,
1138 2233 1440 2296 etcoaequantccterae

212 2334 311 2384 terrae.
323 2333 381 2394 Quo
393 2331 474 2397 sacto,
488 2330 586 2383 iterum
599 2330 677 2398 lupae
690 2329 803 2383 latibula
815 2330 951 2396 arripiunt
963 2341 1026 2382 curn
1038 2329 1125 2382 saccis
1142 2333 1169 2380 et
1178 2327 1355 2395 aliquantulo
1367 2340 1437 2395 pecu·

211 2431 283 2483 niae.
297 2432 329 2483 lit
341 2443 404 2483 cum
413 2432 470 2497 jam
483 2430 563 2498 longe
576 2443 606 2482 se
618 2427 808 2496 credidissent,
828 2434 856 2482 ct
873 2441 972 2483 aurora
986 2429 1042 2494 jam
1062 2428 1325 2496 appropinquasset,
1339 2423 1473 2482 totenes

212 2534 276 2582 mnt
287 2542 316 2582 se
328 2529 475 2596 supradicti
484 2530 600 2595 juvenes
612 2533 675 2581 ante
695 2529 796 2582 ostium
817 2529 950 2582 ecclesiae
974 2527 1062 2582 sancti
1082 2526 1214 2580 Nicholai.
1227 2528 1262 2579 itt
1273 2526 1348 2581 oltra
1366 2536 1438 2594 quarn

211 2629 265 2682 dici
277 2633 365 2695 potest
376 2629 609 2694 pertimescentes,
635 2627 699 2681 inde
711 2628 886 2696 aufugerunt,
902 2628 1004 2682 relictis
1021 2627 1107 2681 saccis
1124 2631 1188 2680 ante
1201 2626 1305 2680 ostium
1317 2626 1438 2681 ecclesiae

211 2741 293 2794 supra
306 2728 443 2795 quandam
459 2733 574 2794 petram.
587 2731 665 2781 llane
677 2734 769 2781 autem
782 2728 852 2781 iacto
874 2727 1047 2794 supradictus
1061 2727 1188 2792 clericus,
1202 2725 1251 2792 qui
1264 2725 1378 2780 eosdem
1391 2736 1439 2777 sao

213 2840 259 2881 cos
271 2832 412 2895 receperat
423 2827 453 2881 in
470 2841 519 2881 sna
531 2828 664 2893 custodia,
678 2842 740 2882 curn
753 2829 875 2883 clavibus
887 2830 961 2882 venit
973 2829 1006 2882 ad
1020 2829 1174 2882 ecclesiam.
1193 2828 1224 2879 lit
1242 2826 1344 2881 ridens
1354 2836 1440 2881 saccot

213 2934 276 2980 ante
287 2928 386 2981 ostium
399 2933 425 2981 et
437 2941 484 2981 eos
498 2941 711 2996 recognoscens,
734 2930 853 2995 obriguit
874 2929 972 2981 timore
995 2934 1022 2981 et
1033 2928 1221 2981 admiratione.
1235 2927 1285 2991 Qui
1295 2931 1389 2980 tamen
1399 2920 1476 2979 ali-5

211 3027 373 3093 quantulum
393 3027 531 3092 dubitans,
556 3029 679 3080 neforto
703 3041 758 3081 non
782 3035 875 3081 essent
898 3027 946 3094 qui
967 3026 1148 3081 commendati
1171 3025 1291 3092 tuerent,
1319 3026 1441 3092 aperient

210 3126 354 3179 ecclesiam
367 3127 452 3193 pergit
464 3127 510 3179 ubi
524 3139 571 3179 eos
584 3125 775 3180 absconderat.
789 3129 820 3178 ist
832 3140 887 3179 non
900 3126 1028 3192 inventis,
1042 3125 1214 3191 nimiumque
1236 3125 1322 3177 tristis
1333 3124 1442 3178 effectos

212 3238 260 3289 pro
274 3239 307 3278 eo
321 3225 385 3291 quia
398 3225 516 3291 pecunia
529 3226 563 3278 de
575 3225 678 3278 eisdem
692 3226 779 3279 sacris
791 3225 894 3292 deerat,
908 3225 997 3292 coepit
1009 3237 1099 3277 secum
1113 3224 1190 3290 plura
1204 3222 1358 3277 revolvere.
1369 3225 1444 3277 Cum·

211 3338 265 3390 que
277 3328 358 3377 staret
371 3329 472 3377 moesto
484 3324 575 3377 animo
585 3330 649 3378 ante
662 3327 762 3378 ostium
774 3326 916 3392 ecclcsiae,
927 3324 1006 3377 adest
1015 3322 1113 3377 mulier
1123 3323 1295 3389 supradicta;
1308 3330 1337 3377 et
1345 3336 1444 3378 uocans

210 3436 269 3476 eam
282 3424 407 3487 clericus,
420 3424 540 3476 ostendit
552 3436 655 3488 saccos,
676 3423 771 3477 dicens
792 3425 839 3477 ubi
859 3429 885 3477 ct
903 3423 1041 3490 quomodo
1059 3435 1107 3475 cos
1117 3423 1291 3489 repperisset.
1306 3423 1358 3476 1113
1370 3437 1443 3481 uero,
1458 3420 1480 3473 at

210 3522 307 3576 videns
320 3536 413 3576 saccos
427 3528 454 3575 et
466 3524 537 3576 benc
549 3537 597 3577 eos
610 3537 820 3591 recognoscens,
832 3524 988 3590 percutiens
999 3523 1093 3576 ambas
1104 3535 1202 3575 manus
1211 3521 1246 3575 ad
1256 3521 1377 3575 invicem
1385 3535 1448 3576 cum

209 3634 307 3688 magno
320 3623 441 3687 heiulatu
462 3623 639 3676 exclamavit:
663 3622 731 3676 Hert
751 3636 799 3676 me
818 3623 977 3687 temeram,
992 3621 1122 3688 perdidi
1141 3620 1257 3674 cronia.
1276 3622 1405 3688 Cumque
1419 3624 1447 3674 in

207 3719 300 3772 multis
312 3733 341 3772 se
353 3724 576 3786 conquereretur,
593 3727 622 3773 ut
634 3734 663 3773 se
676 3721 757 3774 habet
768 3735 848 3774 sexus
861 3722 1006 3782 semineus,
1026 3719 1103 3773 affuit
1123 3726 1150 3773 et
1168 3719 1209 3772 vir
1222 3720 1294 3784 ejus.
1311 3722 1345 3772 itt
1357 3721 1450 3773 sciens

209 3829 279 3884 quae
290 3817 446 3870 acciderant
466 3820 543 3872 uxori
565 3832 640 3883 suae,
663 3820 752 3884 coepit
772 3820 886 3872 nimium
906 3831 1021 3886 arguere
1041 3818 1172 3871 clericum
1184 3817 1231 3883 qui
1244 3822 1339 3870 custos
1357 3817 1452 3871 iuerat

210 3929 301 3968 rerum
315 3918 409 3969 uxoris
422 3930 498 3970 suae.
512 3919 545 3969 at
556 3918 603 3970 ille
616 3919 704 3982 coepit
717 3932 778 3970 cum
789 3919 952 3984 iuramentis
970 3931 999 3970 se
1018 3929 1159 3983 excusare,
1173 3915 1299 3982 nihilque
1313 3917 1387 3970 scire
1399 3929 1450 3983 pro
1464 3919 1480 3971 ³

206 4021 281 4069 certo
295 4029 325 4067 se
337 4017 421 4081 aliud,
437 4017 489 4068 nisi
502 4017 644 4083 quievere
657 4017 715 4082 ipsc
728 4016 877 4083 recepisset
888 4017 1033 4082 pecuniam
1047 4016 1141 4069 uxoris
1153 4028 1219 4068 suae
1231 4014 1266 4068 ad
1281 4015 1445 4070 eustodien-

209 4113 272 4167 dam
288 4121 315 4167 et
326 4116 355 4166 in
367 4115 413 4167 tali
426 4115 486 4169 loco
499 4115 631 4182 posuisse,
646 4117 726 4169 modo
739 4129 803 4170 vero
825 4118 979 4183 repperisse
997 4129 1096 4170 vacuos
1109 4119 1172 4169 ante
1184 4115 1285 4169 ostium
1299 4116 1450 4170 ecclesiae.

207 4215 274 4265 Cum
288 4214 370 4280 igitur
384 4214 455 4267 inter
468 4228 497 4267 se
509 4215 753 4267 confabularentur
765 4215 799 4267 de
812 4216 861 4268 bac
876 4229 915 4280 re,
928 4216 996 4268 dixit
1009 4214 1125 4268 clericus
1134 4212 1265 4266 Gaurrido
1277 4215 1449 4281 praeposito,

207 4313 286 4378 cujus
298 4314 414 4377 pecunia
427 4313 498 4366 turto
512 4314 617 4366 sublata
639 4320 697 4367 crat
710 4332 717 4368 :
731 4315 882 4368 Hester-rto
899 4315 950 4368 dic
963 4314 1015 4367 itti
1025 4314 1224 4379 duojttccrtes
1237 4312 1340 4367 vittae
1351 4313 1450 4368 istius

207 4409 364 4464 notissimi
382 4424 453 4465 carn
471 4414 559 4465 scota
581 4413 777 4466 circuierunt
796 4414 890 4469 istam
908 4413 1082 4476 ecetesiam,
1104 4425 1212 4479 carran,
1231 4413 1269 4464 ut
1288 4411 1480 4482 dicebaru,t

207 4510 296 4562 nidos
309 4510 484 4563 volatilium
491 4511 787 4578 perquirendorum.
802 4515 833 4565 Et
845 4514 1017 4580 praepositus
1030 4511 1143 4565 adhaec
1156 4527 1163 4563 :
1180 4509 1234 4563 Ubi
1243 4513 1322 4563 sunt
1334 4512 1451 4567 modo?

207 4609 239 4659 nt
251 4607 366 4661 clericus
380 4624 387 4662 a
401 4609 489 4663 Modo
509 4608 576 4663 citii
596 4610 684 4678 Docet,
707 4611 745 4664 sic
766 4612 840 4665 enim
861 4612 1009 4665 vocabatur
1030 4624 1102 4664 unus
1119 4622 1156 4664 cx
1168 4608 1451 4678 illisjurenibusqui
