3316 5482
402 112 498 173 eran.
518 123 603 175 nau.
621 123 741 174 rems.
761 142 805 153 —
821 123 899 174 oon.
920 121 996 174 5324.
1237 110 1304 176 237

14 293 24 305 '
86 303 221 356 perarma
232 293 432 346 muudamin
448 294 552 348 uoetri
568 295 702 362 templo·
718 294 831 361 cordio,
852 291 1101 361 quatinusaolie
1112 292 1300 363 facultatem
1353 294 1443 371 *cod3

13 428 19 434 .
89 386 361 448 lonaeiutentionis
369 394 534 449 concedere
542 394 697 462 canetur,
709 394 836 462 ipoeqtle
844 393 932 449 uobis
943 393 1198 461 faciatuelrulam
1205 393 1304 460 praui
1349 360 1455 426 ¹⁰¹¹¹⁹¹¹·

10 488 26 527 :‘
91 492 192 546 oraru
203 491 343 560 ausuri,
354 493 513 548 maculam
520 492 650 561 primae
660 492 794 561 oripiuie
805 495 835 546 et
841 495 1042 561 peccatorum
1056 491 1303 561 chiropraphum

10 613 12 619 ¹
91 585 180 661 deleri
199 593 330 647 vincula
347 606 465 662 quaem
483 593 555 647 boui
571 593 794 660 impedimenta
811 593 820 612 '
840 592 952 661 operis,
974 605 1056 660 quae
1074 592 1204 647 miseros
1222 591 1302 646 duro
1324 589 1414 668 ‘cod
1427 590 1475 668 im3

70 678 150 742 itari
157 691 427 760 carceriepeerulo
439 692 588 760 detinent,
600 691 722 761 manci,
736 703 850 760 uosque
861 692 970 747 doceat
990 704 1090 746 morer
1103 691 1226 759 iniquos
1238 703 1303 747 cor·
1321 656 1483 724 mmmm·

92 784 184 858 noue,
196 788 278 845 boue
287 803 308 845 a
320 791 415 846 malie
427 790 782 859 incommemoratum
793 803 911 859 amare,
924 794 1044 847 uosmet
1054 790 1196 859 didicere,
1214 793 1303 848 mala
1396 862 1399 867 Ι

91 891 185 944 aum
193 901 354 957 respuere.
367 890 467 945 Dicunt
477 903 573 945 omnes
587 906 594 944 :
609 890 691 944 Fiat.

113 988 156 1040 15.
168 990 238 1043 inde
246 991 348 1045 etenim
354 991 491 1058 jejunium
501 990 631 1045 indicitur
640 990 798 1045 triduanum
809 1005 898 1059 usque
910 991 945 1045 ad
953 1003 1107 1059 vesperam,
1120 1005 1136 1046 a
1153 992 1304 1060 majorinus
1373 1026 1378 1035 ·

31 1090 35 1095 '
85 1097 162 1154 nsque
172 1087 208 1140 ad
218 1088 352 1143 minores.
365 1089 521 1143 sollemniis
532 1102 628 1143 sacrae
639 1090 827 1143 translationis
839 1090 1023 1157 constituitur,
1035 1090 1162 1145 videlieet
1171 1091 1303 1158 reliquia·

10 1250 15 1265 ι
29 1222 35 1231 .
47 1179 72 1235 ll
83 1196 137 1238 mm
148 1185 221 1241 beati
233 1185 378 1253 valeriani,
392 1188 508 1254 septimo
520 1188 653 1242 kalendas
665 1188 806 1242 februarii.
820 1190 861 1241 lit
873 1189 966 1256 populi
979 1202 1130 1244 concursus
1141 1206 1149 1256 3
1163 1203 1227 1244 nam
1240 1203 1305 1244 eon·

81 1284 399 1341 docoadunalnrtamex
408 1288 571 1356 propinquis
579 1288 766 1356 vicinisquam
776 1289 857 1342 etiam
867 1302 900 1342 ex
908 1289 1065 1358 longinquis
1073 1289 1163 1359 terris,
1174 1291 1304 1358 quoniam

78 1383 168 1452 opinio
179 1397 230 1439 sua
241 1384 361 1454 agilitate
371 1392 491 1454 pennata
504 1386 665 1441 firmaverat
677 1387 847 1453 praedictum
860 1388 997 1450 abbatem,
1011 1388 1114 1442 scilicet
1123 1389 1301 1456 stephanum,

74 1481 308 1551 sennicurtem]
319 1484 382 1537 miri
394 1485 495 1552 operis,
509 1485 538 1538 in
550 1485 651 1552 quihus
663 1499 725 1538 cum
739 1485 854 1539 consilio
862 1499 918 1539 una
928 1487 1043 1540 fratrum
1052 1491 1167 1554 poneret
1175 1489 1300 1540 sanctum

72 1581 260 1650 Valerianum,
271 1596 304 1637 ac
313 1585 395 1637 edam
405 1583 497 1637 fabros
508 1583 671 1650 praedoctos
692 1585 767 1638 exire
785 1598 819 1638 ex
832 1584 1076 1654 longinquatum,
1090 1586 1137 1654 qui
1149 1586 1301 1640 seeundum

13 1682 49 1737 ln
65 1682 128 1749 eins
140 1680 311 1737 desiderium
323 1697 403 1738 sunm
417 1684 500 1751 polite
524 1689 715 1751 perpetrarent
726 1697 806 1752 opus,
824 1683 899 1752 quod
916 1690 944 1738 et
962 1686 1127 1740 factumest
1142 1685 1209 1740 inde
1229 1686 1305 1753 equi·

68 1780 135 1835 dem
146 1780 248 1851 delegit
259 1796 295 1837 ex
305 1784 373 1850 ipsis
385 1784 514 1837 iratribus
524 1788 580 1837 tres
592 1785 750 1849 monachos,
764 1784 811 1851 qui
822 1785 901 1851 juxta
913 1786 973 1852 ejus
985 1765 1201 1854 intellegentiam
1212 1791 1306 1840 essent

61 1881 224 1948 prohabiles
245 1882 280 1935 ad
300 1883 415 1949 hujusce
434 1883 474 1937 rei
500 1881 598 1946 officia,
619 1884 744 1937 intentos
764 1896 796 1936 ac
815 1884 912 1951 dignos
932 1886 1040 1952 aperire
1059 1899 1107 1939 vas
1124 1885 1302 1953 reliquiarum

63 1980 157 2034 sancti
168 1981 318 2047 Valeriani,
330 1982 405 2050 qnod
417 1996 465 2049 per
477 1983 562 2036 multa
574 1982 675 2036 saeculi
694 1987 826 2049 tempora,
837 1983 942 2036 scilicet
954 1982 1175 2052 octingentomm
1187 1984 1303 2052 quadra-

58 2080 143 2149 ginta
154 2085 288 2149 quattuor
294 2094 441 2149 annorum,
453 2083 564 2136 tenebat
574 2082 706 2136 tumulata
719 2082 805 2136 sancti
818 2082 864 2136 liei
878 2083 1003 2150 martyris
1014 2083 1148 2138 Valeriani
1161 2097 1232 2139 ossa.

10 2177 40 2233 Ι)
863 2180 1238 2248 (deteradeeiderantur.)

257 2654 411 2748 odon.
435 2656 560 2746 dodon
580 2657 772 2769 signatus
805 2683 918 2750 num.
944 2659 1071 2751 5324.

90 2880 168 2934 olim
178 2883 307 2936 coenobii
319 2885 412 2938 Sancti
425 2886 581 2940 Germania
594 2888 680 2941 iratis
693 2889 738 2955 (1),
760 2886 861 2941 deinde
880 2905 895 2936 «
908 2887 1003 2942 claudi
1022 2889 1136 2943 puteani
1158 2906 1184 2957 n,
1209 2893 1304 2957 postea

58 2979 170 3048 nerim
182 2981 212 3034 c.
225 2983 304 3035 llll.

92 3078 236 3135 Foliorum
256 3083 316 3147 205,
340 3082 410 3137 min.
435 3085 543 3151 (ondin
558 3088 695 3153 >(0‚185),
719 3087 799 3140 lineis
821 3087 920 3155 plenis,
939 3095 1067 3143 exaratus
1088 3090 1206 3144 maxima
1227 3096 1304 3159 parte

46 3181 83 3246 (a
96 3179 151 3234 iol.
167 3182 209 3246 la)
221 3194 295 3236 saec.
308 3184 340 3250 x,
354 3183 442 3249 prima
455 3197 519 3238 vero
532 3184 596 3238 lolia
609 3186 687 3251 (1·11)
699 3199 771 3239 saec.
785 3188 841 3240 illl.
901 3210 904 3215 ·

167 3277 206 3354 1ο
221 3278 319 3381 [Vita
336 3288 490 3361 sanotae
509 3283 697 3384 Pelagine]
715 3283 796 3380 (iol.
821 3285 944 3386 11-61).

94 3409 149 3464 lid.
163 3411 192 3465 1).
204 3415 245 3481 1.,
261 3417 329 3469 tom.
341 3417 456 3481 11111111,
469 3431 496 3484 p.
509 3418 615 3484 66311,
629 3417 678 3470 sed
698 3415 807 3470 diversa
828 3419 964 3473 versione.
987 3422 1077 3473 Pauca
1098 3423 1181 3476 verba
1199 3423 1302 3477 desunt

55 3509 162 3563 initio.

168 3605 209 3683 2⁰
224 3611 356 3692 Passio
373 3613 494 3693 sancii
514 3612 723 3716 Nicephori
741 3615 936 3715 martyris,
970 3639 1070 3718 quae
1097 3619 1239 3698 colitur
1256 3646 1301 3699 xv

216 3736 404 3817 kalendas
422 3739 545 3817 maias
562 3740 643 3836 (iol.
665 3739 804 3841 liv-10¹).

96 3866 213 3936 Eadem,
227 3869 302 3937 quod
314 3871 349 3924 ad
362 3885 405 3925 res
418 3877 542 3925 narmtas
554 3876 667 3940 spectat,
681 3887 744 3927 cnm
756 3872 801 3926 ed.
815 3873 881 3928 Act.
894 3875 955 3942 SS.,
969 3876 1004 3929 ad
1016 3875 1045 3930 d.
1058 3880 1074 3931 a
1087 3877 1176 3944 Febr„
1187 3883 1253 3932 tom.
1267 3880 1299 3944 11,

54 3986 91 4039 p.
105 3969 214 4037 widi,
227 3970 277 4023 sed
290 3968 450 4038 simpliciori
464 3972 527 4025 stilo
537 3977 670 4027 contexta.

95 4071 158 4123 inc.
170 4067 366 4136 inpertiam
381 4070 659 4139 nuncupantem
673 4071 838 4139 presbyter·
854 4073 920 4143 fuit
938 4075 1063 4129 uomiue
1087 4077 1247 4144 sapricius
1267 4080 1297 4131 ei

48 4166 259 4236 nicephorus
272 4170 381 4226 laicus.
398 4171 456 4232 Qui
468 4171 591 4226 damae
604 4171 737 4228 laricem
750 4176 784 4227 ut
796 4172 919 4241 fratres
932 4174 1134 4243 dilipereut...

89 4370 131 4435 ll)
142 4366 198 4420 dir.
212 4366 284 4422 dab.
297 4368 352 4422 dee
363 4381 447 4435 inse,
461 4375 526 4424 tom.
541 4371 575 4435 ll,
589 4384 615 4437 p.
628 4372 671 4425 10.
