3316 5482
274 365 369 417 erse.
389 363 471 416 nar.
491 362 608 414 eunus.
626 381 672 394 -
688 341 840 413 means.
860 360 908 411 eu
925 361 1002 412 eon.
1022 359 1097 413 aas.
1238 347 1305 414 357

68 545 151 595 utero
170 552 233 593 eum
255 538 377 603 haberet,
399 534 589 603 hujuscemodi
610 535 758 600 somnium,
781 533 952 601 praesagium
978 533 1062 586 hrturi
1084 531 1206 600 effeetus,
1227 533 1304 588 vidit.

67 641 165 693 visum
178 650 299 705 namque
312 640 353 690 est
365 635 417 689 sibi
430 649 460 688 se
472 633 570 688 sedere
582 647 648 702 prae
661 634 766 688 loribus
786 633 885 686 domus
907 646 982 698 suae,
1004 636 1032 686 et
1053 633 1151 687 adesse
1163 633 1304 688 obtutibus

69 739 134 806 ejus
151 735 288 804 quoddam
300 735 418 788 sublime
429 733 571 799 vexillum,
584 734 662 800 culus
674 732 816 785 summitas
828 731 935 784 caelum
946 735 1059 799 tangere
1071 731 1222 798 rideretur,
1230 733 1305 800 quod

67 836 230 891 inclinando
252 847 283 888 se
300 831 452 888 bonoritlce
474 829 656 885 circumdedit
675 829 790 883 fimbriis
808 829 926 896 propriis
953 830 1178 898 impraegnatam.
1202 833 1306 885 Rursus

29 940 52 992 5
71 937 168 1002 itaque
178 934 277 988 mulier
288 945 418 1000 oppressa
432 944 541 996 somno,
555 930 652 985 eadem
664 934 744 982 nocte
761 929 829 982 vidit
840 929 918 997 quasi
931 942 1044 982 auream
1067 930 1186 997 aquilam
1204 931 1238 984 de
1255 944 1304 985 ore

68 1036 160 1104 ipsius
172 1035 248 1088 exire
258 1037 285 1086 et
296 1026 415 1096 avolare,
426 1035 481 1084 tam
492 1030 631 1096 ingentem
643 1033 674 1083 ut
684 1028 825 1082 videretur
837 1033 893 1083 tota
905 1029 1000 1083 ciuitas
1012 1030 1072 1096 ejus
1084 1030 1185 1083 auratis
1204 1030 1304 1097 pennis

67 1114 244 1189 obumbrari}
265 1134 366 1185 tiorum
387 1135 480 1185 autem
503 1129 684 1197 somniorum,
706 1129 776 1182 sieut
796 1129 835 1182 rei
850 1129 976 1196 probavit
999 1130 1306 1197 eventus,conjectores

67 1232 152 1288 facile
168 1244 228 1286 esse
239 1243 394 1297 possumus,
408 1230 437 1282 in
449 1227 560 1282 sublimi
577 1227 676 1281 vexillo
688 1227 882 1296 intellegentes
893 1226 980 1281 hlium
993 1228 1062 1296 ejus,
1076 1241 1160 1294 quem
1179 1229 1302 1297 gestabat

67 1333 102 1386 in
112 1337 200 1398 utero,
211 1330 371 1399 signiferum
383 1329 441 1384 iore
454 1327 566 1382 militiae
579 1328 637 1393 liei,
651 1327 722 1381 sicut
735 1332 762 1380 et
774 1332 843 1393 erat,
851 1332 879 1380 et
890 1327 918 1379 in
931 1327 1024 1394 aquila
1036 1341 1119 1381 aurea
1131 1328 1304 1394 praeclarum

10 1436 48 1490 to
66 1432 170 1494 virum,
182 1428 394 1483 sicutbomiuus
405 1427 435 1479 in
446 1426 588 1493 evangelio
600 1427 658 1479 ait:
678 1425 863 1493 Ubicumque
882 1425 983 1493 faerit
1001 1438 1122 1494 empus,
1136 1427 1214 1481 illae
1236 1439 1304 1481 cora

65 1527 286 1598 preqobantur
296 1529 328 1579 et
337 1525 475 1593 aquilae.
490 1526 589 1577 lterum
602 1523 661 1590 ipsa
673 1528 770 1590 mater,
789 1522 908 1590 quadam
929 1522 975 1576 die
994 1531 1069 1577 stans
1086 1524 1115 1576 in
1127 1524 1244 1578 ecclesia
1256 1524 1302 1578 sti·

68 1634 136 1696 pata
147 1627 252 1681 civibus
262 1638 344 1680 eausa
356 1629 478 1678 sancam
492 1624 603 1677 missam
616 1622 757 1689 audiendi,
770 1624 855 1676 sensit
866 1623 975 1677 venisse
988 1624 1108 1677 animam
1121 1624 1199 1691 pueri
1221 1637 1304 1692 quem

66 1727 193 1796 gestabat
204 1727 233 1778 in
246 1729 323 1779 utero
343 1728 371 1778 et
392 1725 510 1778 intrasse
531 1724 560 1776 in
582 1721 739 1789 eumeleus
759 1727 853 1789 postea
874 1723 932 1789 ipse
953 1726 1065 1776 sanctus
1082 1724 1129 1791 qui
1147 1725 1303 1778 nasciturus

67 1831 141 1892 erat,
150 1827 206 1893 jam
217 1826 362 1892 episcopus
372 1823 518 1893 gaudendo
531 1824 611 1878 nobis
624 1823 799 1876 narratibus
810 1836 865 1890 quo
876 1822 1031 1878 ostenditur
1043 1838 1107 1877 eum
1119 1824 1237 1878 electum
1249 1828 1304 1879 beo

10 1930 47 1985 15
65 1923 208 1980 exstitisse
219 1924 300 1978 etiam
312 1929 460 1991 antequam
474 1926 643 1989 nasceretur,
653 1927 680 1976 et
691 1922 810 1975 animam
824 1922 1007 1976 bominlsuou
1019 1937 1035 1976 a
1047 1927 1123 1989 patre
1133 1924 1176 1977 vel
1186 1936 1202 1978 a
1213 1928 1300 1979 matre

65 2025 177 2102 venire,
190 2025 238 2078 scd
251 2037 266 2078 a
284 2024 343 2078 solo
355 2029 480 2077 creatore
491 2023 642 2091 unicuique
655 2022 723 2075 dari.

104 2125 137 2177 2.
149 2126 216 2179 Nato
227 2137 293 2179 vero
304 2125 418 2193 infame,
429 2127 601 2211 rocaverunt
611 2136 675 2177 eum
686 2126 815 2189 parentes
835 2123 895 2188 ejus
915 2121 1117 2177 ethelwoldum
1131 2137 1195 2177 cum
1209 2137 1302 2178 sacro·

66 2227 167 2278 sancto
187 2224 350 2291 baptismate
370 2224 540 2278 ablueretur.
554 2222 656 2276 heeidit
677 2234 797 2289 namque
809 2221 927 2289 quadam
948 2223 1075 2277 sollemni
1097 2223 1152 2290 die,
1166 2222 1303 2278 sedente·
1362 2231 1372 2253 ·

66 2327 160 2377 matre
170 2322 244 2378 domi
257 2328 283 2377 et
294 2323 324 2377 in
335 2324 439 2391 grermo
456 2322 590 2376 infantem
606 2327 725 2390 tenente,
740 2326 956 2388 tempestuosam
978 2335 1074 2376 auram
1095 2322 1254 2391 adsurgere,
1274 2323 1303 2376 in

10 2427 48 2482 Ιο
67 2426 180 2477 tantum
191 2427 223 2476 ut
234 2423 303 2489 ipsa,
317 2423 395 2476 sicuti
408 2423 538 2489 decrevit,
552 2421 629 2475 adire
646 2421 790 2475 ecclesiam
811 2422 947 2488 nequiret.
971 2422 1024 2476 sed
1045 2436 1108 2475 cum
1127 2422 1300 2492 gemebunda

70 2521 191 2576 orationi
203 2535 232 2575 se
253 2521 383 2590 dedisset,
405 2521 496 2575 subito
515 2521 627 2574 inventa
648 2521 736 2574 estin
758 2518 874 2573 ecclesia
894 2521 994 2575 sedens
1015 2535 1078 2574 cum
1091 2521 1237 2589 infantulo,
1255 2520 1304 2575 ubi

25 2665 28 2674 .
71 2621 186 2675 missam
198 2622 338 2688 presbyter
349 2621 515 2675 celebrabat.
531 2621 621 2674 crevit
631 2625 725 2674 autem
737 2633 815 2687 puer,
829 2624 856 2673 et
869 2621 898 2673 in
911 2620 968 2686 ipsa
981 2621 1097 2687 pueritia
1107 2621 1192 2674 sacris
1204 2621 1305 2675 littera·

72 2733 138 2773 rum
149 2720 248 2774 studiis
260 2720 376 2774 traditus
387 2725 438 2774 est.
452 2721 501 2785 Qui
523 2718 683 2773 adolescens
704 2718 801 2785 iactus,
814 2720 970 2772 hetelstano
989 2707 1059 2788 regi,
1083 2719 1139 2773 lilio
1151 2720 1307 2787 lladwerdi,

73 2819 148 2872 rama
161 2819 287 2888 vulgante
300 2823 381 2873 notus
393 2819 489 2885 tactus,
503 2823 529 2871 et
542 2819 601 2885 ejus
611 2818 750 2871 comitatui
762 2817 810 2870 diu
822 2816 986 2882 adhaerens,
999 2831 1062 2872 cum
1075 2823 1147 2872 esset
1159 2831 1223 2872 acer
1234 2820 1308 2887 inge·

14 2921 55 2974 25
74 2919 133 2981 nlo,
146 2918 252 2983 pluraa
273 2918 442 2984 sapientibus
462 2918 533 2986 regis
553 2917 631 2970 utilia
651 2917 703 2969 sihi
724 2916 839 2983 didicit;
854 2922 880 2970 et
904 2918 1026 2982 demum,
1046 2918 1161 2984 jubente
1183 2931 1256 2987 rege,
1275 2919 1310 2973 ab

74 3017 184 3085 aelfego
195 3017 376 3072 wintoniensi
389 3016 517 3084 episcopo
528 3019 686 3070 tonsuratus
699 3021 725 3068 et
737 3017 766 3068 in
781 3016 896 3085 gradum
914 3015 1113 3070 sacerdotalem
1133 3022 1309 3071 consecratus

75 3124 127 3170 est.
141 3119 201 3183 lpse
214 3130 279 3170 vero
300 3117 425 3185 aelfegus
445 3116 606 3183 prophetiae
628 3116 724 3182 spiritu
745 3115 882 3182 pollebat;
904 3121 932 3169 et
950 3116 1063 3184 contigit
1083 3130 1146 3170 eum
1168 3117 1311 3172 ordinasse

76 3215 160 3270 simul
168 3218 336 3268 dunstanum
350 3219 377 3268 et
389 3215 588 3268 htbelwoldum
600 3219 626 3267 et
637 3213 786 3280 quendam,
799 3214 1006 3267 hethelstanum
1018 3197 1161 3282 vocabulo,
1172 3216 1219 3282 qui
1238 3221 1311 3282 post·

77 3314 200 3381 modurn,
223 3314 405 3367 monachilem
427 3314 550 3367 habitum
574 3313 718 3380 deserens,
737 3318 859 3379 apostata
886 3312 1021 3367 linetenus
1051 3313 1217 3380 perduravit.
1249 3319 1312 3369 Post

27 3418 61 3468 bo
77 3415 188 3468 missam
200 3421 291 3467 autem
304 3413 371 3466 dixit
386 3414 531 3480 episcopus
551 3401 675 3480 heliequs
688 3413 740 3465 sibi
762 3413 995 3466 adhaerentibus:
1015 3413 1115 3467 Hodie
1131 3414 1313 3469 consecravi

80 3515 145 3567 tres
155 3511 341 3577 sacerdotes,
354 3524 487 3578 quoram
498 3512 560 3565 dae
572 3511 615 3564 ad
626 3511 833 3578 episcopales
845 3510 965 3577 apicem
972 3511 1164 3579 pertimeat,
1178 3513 1263 3566 alter
1276 3513 1311 3567 ia

79 3624 150 3665 mea
163 3612 242 3679 sede,
250 3612 335 3665 alter
346 3609 401 3679 [ia]
411 3611 479 3664 atio
492 3611 617 3665 diocesi.
628 3613 704 3664 'runc
715 3611 916 3664 aethelstanus:
925 3612 998 3665 Sam
1010 3623 1073 3680 epa,
1084 3612 1182 3680 inquit,
1192 3626 1234 3667 ea
1245 3613 1313 3667 iltis

80 3710 199 3765 dicebas
210 3710 266 3778 qai
275 3711 318 3764 ad
326 3710 533 3778 episcopatem
548 3710 733 3778 dicacitatem
738 3709 925 3776 percenseri
935 3712 1009 3764 sant
1018 3712 1032 3765 t
1041 3739 1067 3750 -
1084 3712 1163 3779 Noa,
1176 3712 1243 3765 dixit
1255 3713 1314 3766 hel·

81 3810 167 3878 iequs,
180 3823 236 3865 nee
248 3810 284 3863 ia
294 3810 462 3863 sanctitate
473 3823 568 3877 quam
580 3808 750 3864 iatcobabas
761 3821 991 3876 permansuras
1011 3823 1044 3864 es
1054 3827 1064 3877 ,·
1076 3811 1146 3864 sicut
1166 3824 1217 3864 uec
1238 3812 1311 3866 iecit.

27 3912 62 3964 ³3
112 3909 144 3962 8.
157 3909 343 3963 athelwoldus
355 3923 430 3976 vero,
444 3909 561 3962 multum
575 3909 733 3962 melioratus
745 3908 879 3962 doctrinis
892 3914 919 3963 et
930 3910 1063 3977 exemplis
1085 3911 1187 3979 helfegi
1202 3912 1312 3966 ordina·

82 4009 149 4063 toris
160 4009 213 4074 sui,
226 4010 269 4062 cui
279 4009 394 4076 jubente
406 4021 470 4077 rege
482 4007 605 4062 studiose
618 4009 651 4061 ad
674 4015 784 4075 tempus
805 4007 939 4077 adhaesit,
952 4010 1125 4075 postmodum
1147 4011 1313 4065 diastoniam

83 4109 257 4175 perveniens,
272 4107 409 4176 magniilci
431 4108 481 4160 viri
496 4109 641 4174 liunstani,
654 4108 760 4161 abbatis
773 4109 896 4175 ejusdem
914 4110 1084 4176 monasterii,
1099 4109 1273 4176 discipulatui
1286 4125 1315 4167 se

82 4208 201 4261 tradidit.
214 4208 297 4273 cujus
310 4206 466 4274 magisterio
478 4206 594 4260 multum
608 4205 763 4274 proficiens,
777 4208 888 4260 tandem
899 4209 1041 4262 monastici
1062 4209 1168 4263 ordinis
1188 4211 1310 4264 habitum

81 4308 116 4360 ab
129 4308 188 4373 ipso
201 4306 331 4372 suscepit,
346 4303 443 4358 humili
463 4305 608 4359 devotione
629 4306 688 4372 ejus
709 4306 834 4372 regimini
854 4306 972 4361 deditus.
992 4307 1089 4360 Didicit
1108 4322 1226 4375 namque
1243 4309 1310 4363 inibi

25 4410 62 4461 tt)
80 4406 283 4474 grammaticam
295 4410 381 4457 artem
393 4409 421 4457 et
432 4405 572 4457 metricam
586 4410 612 4458 et
624 4405 708 4458 libros
720 4403 828 4459 divinos
841 4418 890 4459 seu
909 4410 1045 4473 auctores,
1065 4407 1180 4461 nimium
1199 4408 1313 4475 insuper

82 4505 182 4575 uigiliis
192 4510 220 4559 et
231 4504 399 4560 orationibus
420 4504 549 4557 insistens
569 4509 597 4558 et
620 4505 785 4558 abstinentia
807 4506 983 4572 semetipsum
1005 4505 1145 4574 edomans,
1168 4512 1195 4561 et
1216 4507 1313 4563 iratres

83 4618 192 4672 semper
203 4603 238 4658 ad
250 4603 336 4657 ardua
349 4603 509 4656 exhortans.
521 4604 617 4669 Elapso
630 4602 750 4671 denique
771 4605 856 4659 multo
877 4610 1000 4671 tempore
1020 4613 1164 4674 postquam
1176 4608 1313 4661 monaehi·
