3316 5482
653 348 778 402 carni..
797 350 899 401 coba.
919 348 1093 401 adaloch.
1113 347 1193 400 uad.

664 568 873 681 Appendix
898 568 948 656 nd
974 567 1057 658 cod.
1088 567 1210 657 5321.

483 785 660 851 Minaeum
677 782 711 851 S.
731 782 893 850 deracau
911 781 991 871 (Cir.
1011 805 1121 870 supra,
1141 805 1173 870 p.
1204 783 1280 861 let,
1299 778 1366 869 20).

370 971 535 1044 rnctpunt
555 974 662 1045 gesta
681 972 937 1033 miraculorum
952 973 1035 1045 poet
1048 974 1128 1047 ejus
1149 972 1285 1033 obitum
1306 974 1497 1034 rectorum.

341 1179 369 1230 1.
382 1179 581 1243 Immemorem,
596 1178 693 1231 iratres
705 1177 847 1240 carissimi,
861 1178 1003 1231 caritatem
1021 1181 1140 1229 vestram
1159 1189 1215 1231 non
1236 1177 1402 1244 ambigimus
1423 1156 1611 1244 qualite*

310 1276 519 1344 inpraecedcnti
531 1277 624 1331 libello
636 1277 671 1331 de
684 1275 747 1341 rita,
763 1278 893 1341 moribus,
908 1277 1055 1329 virtutihus
1066 1276 1186 1343 denique
1198 1276 1270 1330 beati
1283 1276 1410 1342 liparchii
1422 1264 1607 1344 compffl‘

310 1379 360 1431 sito
374 1377 497 1430 instructi
509 1376 542 1429 ad
563 1375 780 1429 aedificationem
801 1377 868 1441 sitis,
882 1377 954 1443 quod
976 1376 1053 1429 robis
1075 1377 1205 1428 recitante
1217 1375 1320 1429 lectore
1332 1376 1398 1430 satis
1421 1378 1509 1433 relatu
1563 1342 1640 1413 ³¹⁰⁵

310 1484 358 1529 est.
372 1479 490 1529 lltnunc
509 1481 611 1542 quanta
624 1475 666 1528 rel
684 1474 775 1541 qualia
796 1480 857 1541 pest
871 1476 940 1528 sacri
962 1475 1085 1541 corporis
1105 1476 1164 1541 eius
1187 1475 1375 1529 humationem
1399 1475 1428 1528 in
1441 1478 1565 1533 sancfl'
1579 1454 1623 1502 *ω

307 1575 495 1628 tumulationis
519 1575 578 1640 ejus
598 1574 668 1639 loeo,
690 1574 732 1626 vel
755 1574 923 1640 ubicumque
946 1580 1081 1627 terramm
1104 1575 1235 1627 memoria
1257 1575 1317 1640 ejus
1340 1572 1440 1629 diffusa
1462 1547 1632 1643 [est5‘3'

312 1675 442 1727 hominus
455 1675 583 1728 virtutum
596 1672 713 1741 insignia
726 1687 776 1740 por
787 1687 849 1727 eum
863 1679 990 1740 operatus
1002 1675 1046 1736 sit,
1059 1676 1157 1727 restris
1175 1674 1287 1728 auribus
1304 1675 1423 1730 breviter
1438 1676 1562 1731 lucido
1581 1648 1641 1709 ,θ’

311 1787 365 1842 que
376 1774 571 1827 intimabimus.

344 1874 376 1926 2.
386 1874 470 1943 igitur
477 1848 600 1940 ¹(putidam
612 1876 744 1939 tempore,
758 1886 820 1926 cum
833 1872 944 1927 inclitae
966 1875 1115 1926 memoriae
1137 1874 1312 1928 charibertus
1334 1887 1383 1928 rex
1395 1875 1430 1930 ad
1443 1870 1603 1946 repert¹
1613 1859 1652 1899 ‘¹¹'

311 1974 373 2027 dam
386 1974 590 2026 Narbonensem
603 1972 766 2039 advenisset,
779 1978 806 2025 et
818 1973 912 2039 piures
924 1987 956 2026 ex
968 1975 1134 2027 Francorum
1154 1987 1254 2042 genere
1276 1987 1407 2041 pmceres
1427 1976 1596 2043 optimss
1608 1957 1657 2003 '³'

312 2079 416 2141 tesque,
432 2084 506 2126 more
519 2072 629 2139 regibus
641 2072 730 2137 solito,
744 2073 772 2124 in
784 2073 844 2139 ejus
856 2073 1034 2126 advenissent
1045 2074 1188 2139 obsequio,
1211 2073 1322 2139 quidam
1344 2073 1469 2143 illomm,
1482 2068 1563 2129 liu!
1578 2043 1652 2113 ‘³¹¹

312 2174 407 2228 ciadus
419 2173 540 2237 nomine,
554 2173 582 2224 in
595 2173 731 2226 territorio
752 2173 996 2239 Engolismensium
1018 2173 1124 2226 comitis
1144 2174 1256 2227 sortitus
1275 2179 1314 2226 est
1335 2172 1466 2228 cilicium.
1492 2176 1530 2240 Qu
1543 2164 1626 2223 1¹
1637 2158 1652 2197 '¹

313 2274 463 2339 inconpmo
473 2273 523 2325 sibi
536 2286 602 2325 usus
615 2272 757 2335 vocabulo,
769 2272 916 2326 dulcedine
929 2273 1064 2326 bonorum
1078 2286 1194 2339 operum
1206 2287 1316 2339 vacuus,
1340 2286 1451 2329 amaros
1462 2275 1562 2343 cupir
1579 2254 1619 2311 ἶ
1628 2244 1649 2296 ’ἰ

313 2370 604 2437 ditatissacrilepiiquc
616 2370 830 2436 amplectebatur
842 2370 956 2424 fructus.
976 2370 1024 2424 llic
1043 2372 1163 2438 denique
1181 2385 1243 2425 cum
1263 2373 1382 2439 quadam
1406 2374 1461 2440 die,
1480 2357 1657 2428 nont*n

315 2484 395 2526 cansa
407 2469 550 2534 orationis,
561 2483 667 2535 rerum,
680 2475 710 2523 ut
722 2474 784 2536 post
795 2470 890 2537 patuit,
904 2482 984 2523 eausa
997 2470 1155 2537 cupiditatis
1172 2472 1327 2538 sepulcrum
1347 2471 1452 2527 adisset
1471 2462 1610 2527 beati³
1625 2460 1644 2498 ²

131 2574 303 2629 'hactenus
319 2572 381 2635 riri,
394 2570 485 2623 velum
498 2570 571 2637 quod
592 2568 726 2635 quaedam
742 2570 888 2622 matrona·
906 2569 1059 2623 devotionis
1080 2570 1179 2623 intuitu
1201 2571 1329 2624 basilicae
1348 2573 1437 2624 sancti
1449 2556 1650 2627 centurfl

157 2654 198 2696 ⁰0³
209 2639 275 2694 ⁶⁰d·
320 2669 398 2734 ierat,
414 2664 543 2734 motique
554 2667 622 2719 ostio
636 2667 763 2719 introitus
775 2666 907 2720 eeclesiae
919 2665 1027 2720 affixum
1038 2667 1182 2733 pendebat,
1195 2668 1283 2722 oeulis
1304 2681 1424 2735 nequam
1438 2670 1585 2737 eonsptae

180 2708 256 2761 5523.

315 2769 390 2824 ciens
405 2766 569 2832 concupivit.
582 2767 656 2819 inter
676 2767 744 2819 baec
754 2768 832 2819 torro
845 2765 921 2819 vultu
932 2764 1024 2818 abbati
1036 2764 1196 2818 comminari
1209 2764 1309 2832 coepit,
1322 2765 1509 2836 hominesque
1519 2760 1589 2821 ei?
1603 2740 1652 2796 Εἰ

312 2866 469 2921 assistentes
481 2865 537 2918 suis
548 2864 703 2930 aspectibus
724 2864 781 2917 sistl
802 2864 948 2931 praecepit,
970 2863 1106 2917 mandans
1126 2876 1175 2930 per
1198 2864 1401 2917 internuntium
1422 2850 1647 2933 paeane)

312 2966 404 3021 abbati
415 2976 511 3033 graves
522 2976 553 3017 se
566 2964 681 3030 iniurias
693 2964 753 3030 ejus
765 2962 923 3016 hominibus
935 2963 1049 3027 inferre,
1063 2963 1116 3014 nisi
1129 2962 1221 3015 velum
1234 2962 1365 3031 dirigeret
1377 2976 1443 3018 suae
1461 2976 1542 3031 prae·
1598 2966 1639 2987 ²

313 3067 427 3121 sentiae.
440 3067 472 3116 nt
483 3063 567 3117 abbas
590 3064 758 3131 prospiciens
770 3063 839 3127 [bei]
851 3063 969 3127 famulis,
980 3062 1070 3114 velum
1089 3063 1166 3128 quasi
1183 3062 1282 3115 direxit
1300 3075 1382 3117 causa
1409 3064 1542 3119 muneris.

313 3166 389 3232 Quod
413 3165 459 3218 ille
482 3163 581 3231 cupide
607 3163 769 3229 suscipiens,
794 3163 890 3215 stratui
914 3176 966 3215 suo
984 3163 1134 3229 superponi
1152 3163 1302 3229 praecepit.
1324 3161 1416 3217 Noctis
1439 3164 1544 3218 interea

313 3265 441 3321 veniente
453 3277 560 3331 sopore,
573 3264 637 3318 vino
649 3263 788 3317 debriatus
801 3263 896 3327 multo,
911 3264 939 3315 in
952 3263 1050 3316 eodem
1062 3263 1192 3315 decubuit
1213 3262 1282 3317 lecto
1295 3280 1303 3330 3
1325 3268 1352 3317 el
1373 3263 1447 3316 inter
1462 3265 1541 3329 baec,

313 3377 465 3431 somnoque
477 3363 596 3429 vinoque
608 3362 741 3428 sepultus,
754 3362 894 3415 acerrimis
905 3362 994 3428 coepit
1006 3362 1121 3415 cruciari
1135 3361 1266 3416 febribus.
1277 3365 1433 3430 vocatoque
1445 3376 1541 3431 puero,
1631 3338 1655 3391 Ἀ

312 3466 402 3519 velum
415 3464 478 3517 ilico
491 3463 624 3531 reportari
633 3462 711 3529 lubet
723 3462 756 3515 ad
767 3463 913 3515 tumulum.
927 3464 987 3529 lpse
1001 3468 1092 3516 tamen
1104 3463 1278 3516 membratim
1298 3463 1441 3529 delicians,
1461 3465 1543 3534 longo

312 3564 463 3617 tabefactus
473 3562 578 3628 dolore,
591 3562 674 3614 vitam
686 3561 771 3615 nimio
784 3562 871 3615 linivit
882 3562 1024 3630 languore.

347 3661 379 3714 8.
389 3661 527 3714 blemorati
540 3660 610 3727 regis
619 3660 797 3726 temporibus,
806 3659 875 3714 duos
886 3659 958 3714 beati
969 3660 1020 3713 riri
1033 3660 1160 3714 homines
1169 3674 1262 3715 comes
1275 3660 1367 3728 palatii
1382 3666 1543 3718 catenarum

287 3740 289 3745 ⁵
312 3760 429 3815 vinculis
440 3759 496 3812 suis
505 3757 637 3824 adstringi
650 3760 787 3825 praecepit
799 3759 900 3825 pueris,
922 3759 1158 3813 conclamantibus
1181 3761 1221 3813 eis
1240 3774 1288 3828 per
1309 3761 1395 3815 sancti
1416 3760 1542 3828 ejusdem

315 3859 429 3913 virtutes
440 3871 500 3911 sese
513 3871 528 3911 a
541 3857 628 3924 culpis
640 3871 699 3911 esse
714 3858 844 3911 insontes.
868 3859 1031 3925 intempesta
1052 3860 1135 3926 igitur
1152 3860 1249 3925 noctis,
1267 3860 1429 3914 custodibus
1443 3874 1542 3915 somno
1560 3832 1651 3914 5¹⁰

313 3959 460 4027 depressis,
474 3958 605 4012 catenatis
617 3959 725 4011 vincula
739 3964 803 4011 sunt
815 3957 934 4013 effracta.
948 3959 996 4023 Qui
1018 3959 1119 4012 exinde
1140 3973 1222 4014 eursu
1245 3960 1332 4014 veloci
1344 3959 1380 4013 ad
1401 3960 1544 4015 basilicam

315 4061 401 4113 sancti
414 4058 561 4128 progressi,
583 4059 678 4111 mortis
703 4065 766 4112 sunt
778 4059 901 4125 periculo
912 4058 1030 4112 liberati.

346 4160 378 4213 4.
390 4158 693 4227 waraguliusquidam,
706 4157 858 4212 consularis
871 4157 952 4212 oilleii
970 4172 1070 4225 gerens
1092 4159 1226 4225 militiam,
1248 4159 1337 4214 morbi
1357 4160 1424 4228 regii
1453 4160 1546 4215 condi·

313 4264 401 4313 clatus
411 4256 596 4323 incommodo,
609 4271 755 4311 nervorum
768 4272 850 4325 super
862 4259 913 4312 hoc
925 4257 1063 4312 debilitate
1077 4260 1225 4325 resolutus
1238 4259 1272 4312 ad
1293 4258 1452 4327 sepulcrum
1463 4261 1545 4328 huius

313 4360 385 4413 beati
398 4357 556 4425 protectoris
569 4357 654 4411 nostri
667 4356 825 4423 deportatur
838 4358 865 4409 in
879 4358 988 4423 feretro,
1011 4371 1067 4411 non
1088 4360 1165 4424 quasi
1187 4365 1217 4413 ut
1237 4363 1391 4423 sanaretur,
1405 4371 1502 4414 rerum
1513 4364 1545 4413 ut
1570 4354 1654 4402 ts

315 4456 486 4522 sepeliretur.
498 4456 601 4507 'lamen
614 4458 769 4520 praestante
783 4455 829 4507 illo
843 4456 889 4521 qui
903 4468 959 4508 non
973 4456 1029 4508 rult
1051 4462 1165 4509 mortem
1185 4456 1346 4523 peccatoris,
1368 4457 1416 4510 sed
1438 4462 1469 4511 ut
1481 4469 1544 4512 con·

312 4562 433 4610 vertatur
444 4560 471 4609 et
480 4556 561 4619 vivat,
575 4568 624 4620 per
637 4555 824 4608 beatissimum
837 4569 916 4608 suum
931 4555 1062 4608 lanmlum
1080 4558 1242 4622 liparehium
1268 4556 1377 4610 sanitati
1401 4557 1544 4611 restitutus

316 4659 356 4708 est
369 4653 507 4722 pristinae,
521 4656 644 4706 cessante
657 4652 843 4706 membrorum
855 4650 1006 4707 debilitate.
