3316 5482
259 338 353 389 aruo.
371 338 456 390 uxr.
473 337 592 389 exous.
610 357 656 370 -
672 336 829 387 apruno.
856 335 904 385 ao
920 332 1000 386 coo.
1017 331 1092 384 5³15.
1243 319 1284 383 91

8 532 19 569 ι,
96 505 182 561 iubous
192 508 232 572 (tl,
244 512 320 561 tanta
332 507 361 561 in
374 520 422 562 eos
433 507 517 561 ardor
526 507 586 560 sitis
598 506 698 560 exarsit
710 510 741 558 ut
752 506 887 558 sustinere
898 503 1065 557 nullomodo
1078 503 1285 569 nequivissent3

95 604 159 657 nuum
170 619 216 660 nec
226 619 326 674 aquam
341 609 364 660 si
376 607 519 672 baberent,
533 607 603 658 nihil
620 607 660 659 eis
681 605 833 672 prodesset,
852 603 900 657 sed
912 604 990 670 quasi
1009 603 1078 670 ignis
1100 601 1284 656 exardescens

8 748 13 755 .
93 715 174 770 corpora
183 705 432 759 corumitecordati
444 718 508 758 vero
520 703 662 772 perfidiam
675 703 872 771 quamdudum
885 703 1039 756 babuerunt
1053 707 1080 754 et
1092 705 1166 754 tanta
1179 706 1207 753 et
1218 701 1282 755 talia

8 835 10 869 :
93 801 118 855 dc
124 804 167 869 ipso
174 807 214 858 bei
223 818 302 860 servo
308 804 446 874 dixerunt,
457 819 550 859 verum
560 805 640 858 etiam
650 803 725 871 quod
735 804 816 856 binis·
827 806 853 856 et
861 800 1059 855 ternisvicibus
1068 813 1115 854 eos
1125 799 1288 866 deprecatus

8 923 16 961 ,2
63 901 82 953 <l
93 902 198 958 bertot
207 905 346 959 caritatem
360 905 488 959 fecissent
499 910 526 958 et
538 905 684 971 impetrare
698 916 753 957 noo
765 903 863 969 potuit,
875 901 1080 954 sciebantenim
1089 900 1164 967 quod
1175 913 1225 966 per
1235 900 1288 952 boc

92 1000 119 1052 cis
131 1003 198 1057 ardor
210 1005 267 1056 sitis
285 1003 452 1058 advenisset.
466 1007 541 1056 Tunc
553 1003 678 1070 prostrati
692 1001 727 1054 ad
738 1002 823 1069 pedes
836 1001 984 1054 beatissimi
995 1001 1045 1053 viri
1055 999 1129 1066 Apri,
1139 1000 1289 1066 jacuerunt

92 1105 184 1155 suenus
199 1109 225 1156 et
236 1103 387 1157 clamantes
400 1119 407 1155 ε
421 1103 567 1156 Miserere
586 1101 683 1170 uobis,
699 1104 803 1170 pater,
817 1101 893 1168 puta
905 1100 960 1154 siti
977 1099 1141 1164 morimur,
1155 1100 1185 1152 et
1205 1097 1286 1152 obse·

91 1210 187 1255 cramus
196 1205 231 1256 ut
240 1204 340 1256 Deum
346 1215 409 1271 pro
427 1201 514 1256 uobis
527 1203 733 1269 interpellare
744 1199 893 1268 diprceris.
907 1202 967 1267 lpse
985 1212 1049 1253 uero
1062 1198 1097 1251 ad
1109 1211 1156 1252 eos
1174 1209 1288 1264 respon·

92 1296 253 1354 tcosaiebat:
276 1301 366 1368 buia,
387 1301 516 1369 fratres,
531 1301 565 1353 iu
577 1300 633 1355 boc
652 1299 759 1370 fucere
773 1312 913 1368 possum,
935 1299 990 1367 qui
1009 1298 1185 1364 caritatem,
1208 1307 1288 1363 puae

11 1426 15 1439 .
61 1394 81 1445 tt
93 1394 150 1449 deur
164 1402 211 1469 est,
224 1412 319 1466 apere
338 1401 629 1468 contempsistisiet
649 1399 725 1467 quia
745 1399 899 1467 scriptum
919 1401 986 1453 est:
1007 1397 1131 1453 toritas
1148 1395 1286 1463 cooperit

92 1493 292 1550 multitudinem
307 1500 519 1565 peccatorum.
540 1499 639 1550 Seruus
659 1510 723 1551 uero
745 1498 791 1549 bei
810 1510 867 1551 non
888 1497 989 1549 malum
1010 1508 1058 1562 pro
1080 1495 1151 1548 maio
1172 1492 1288 1547 reddere

92 1598 184 1657 orator,
200 1603 377 1663 prosternens
398 1611 427 1652 se
447 1597 482 1652 ad
505 1600 656 1652 orationem
679 1598 824 1651 bominum
847 1597 1009 1664 precabatur
1029 1600 1059 1648 ut
1079 1595 1150 1663 ignis
1172 1605 1287 1659 corpora

93 1686 175 1744 abusa
189 1696 323 1763 exstingui
343 1702 507 1749 mereretur.
527 1698 557 1748 ln
580 1701 719 1749 momento
739 1696 855 1748 ueniens
874 1707 953 1749 cerua
974 1694 1008 1748 de
1029 1693 1167 1747 vicinitate
1188 1691 1289 1744 montis

93 1785 174 1843 Alandri
184 1793 210 1845 in
222 1795 283 1848 ioco
295 1795 414 1862 Ambias,
428 1795 510 1861 plena
533 1795 618 1848 ubera
630 1796 689 1861 ejus
701 1795 790 1862 lactis,
803 1807 953 1848 conservus
968 1793 1015 1847 bei
1027 1792 1078 1846 sub
1096 1789 1289 1845 testificatione

61 1883 83 1934 ll
95 1885 156 1941 lalus
165 1898 187 1943 et
197 1893 253 1945 iiiii
265 1899 292 1947 et
304 1895 420 1960 spiritus
431 1894 517 1948 sancti
528 1907 588 1948 eam
602 1893 667 1948 fecit
678 1898 759 1959 stare,
773 1899 801 1947 et
817 1894 968 1957 vasculum,
981 1907 1064 1960 quem
1076 1891 1179 1959 collega
1191 1890 1220 1942 in
1233 1889 1289 1942 sois

94 1986 164 2043 uibus
173 1993 335 2061 deportabat,
346 1995 485 2064 emulgere
498 1995 561 2048 fecit
572 2002 600 2048 et
622 1994 785 2060 supradictis
794 1995 868 2057 uiris,
878 1994 925 2060 qui
938 1992 1036 2046 ardore
1048 1991 1106 2044 sitis
1117 1988 1288 2053 aestuabant,

95 2081 165 2141 libere
174 2092 239 2158 tecit,
252 2099 281 2147 et
292 2095 383 2147 statim
397 2095 540 2147 refocillati
554 2094 621 2147 nibil
636 2094 700 2147 mali
713 2108 747 2148 ex
761 2095 811 2148 boc
824 2092 1038 2159 inpostmodum
1052 2092 1218 2144 habuerunt.

119 2183 142 2236 8·
158 2191 251 2259 beipso
263 2207 329 2246 vero
351 2193 410 2247 loco
422 2200 630 2260 praecesserunt
651 2196 739 2247 virum
760 2195 807 2246 bei
828 2199 855 2246 et
872 2194 999 2258 episcopo
1020 2191 1106 2244 isicio
1128 2189 1289 2242 festinanter

96 2286 257 2345 nutaverunt
268 2293 362 2346 omnia
374 2293 507 2346 miracula
518 2307 589 2361 quae
601 2294 739 2348 viderunt.
753 2296 785 2345 iit
796 2293 949 2359 episcopus,
963 2290 1082 2357 repletos
1094 2296 1121 2342 et
1133 2287 1291 2356 indignatus

59 2373 83 2426 ὓ]
95 2376 163 2438 lurore
171 2395 194 2441 et
210 2391 249 2444 ira
260 2396 357 2445 contra
377 2404 424 2445 eos
437 2393 485 2459 qui
499 2394 635 2459 nuntiant,
648 2393 715 2445 dixit
727 2408 734 2444 :
756 2394 810 2447 Vos
822 2404 894 2446 vero
911 2390 966 2459 qui
985 2390 1066 2444 tolia
1086 2389 1124 2442 de
1143 2400 1178 2441 eo
1195 2386 1288 2454 digua

92 2480 220 2557 Μῆτίς,
232 2491 336 2544 multa
345 2491 458 2559 iniqua
470 2491 559 2560 facta
568 2491 697 2559 bebetis,
702 2505 763 2560 per
773 2494 781 2511 ·
790 2504 872 2560 guae
880 2488 1143 2545 mecommovistis
1150 2484 1290 2556 peccatis

95 2579 195 2639 moriad
205 2589 417 2644 iracundiam.
432 2592 493 2657 ipsa
515 2605 579 2645 vero
592 2594 658 2645 bora
672 2593 792 2658 pontifex
803 2592 906 2644 isicius
919 2590 1023 2643 clerum
1041 2594 1068 2641 et
1081 2587 1211 2654 populum
1224 2585 1288 2638 adu·

95 2679 138 2730 lid
147 2683 231 2742 feritet
240 2688 367 2756 patefecit
380 2703 505 2757 quaeres
518 2692 678 2745 nabebatur.
690 2695 765 2744 irinc
774 2704 941 2745 omnescum
954 2687 1082 2756 pontifice
1091 2687 1198 2742 obviam
1209 2683 1288 2738 beato

93 2771 145 2839 Aiit
155 2792 298 2855 pergentes,
311 2802 375 2841 cum
387 2802 403 2841 a
415 2802 483 2843 nave
496 2790 596 2856 egressi
619 2790 743 2854 fuissent,
756 2792 893 2843 uenerunt
905 2796 932 2842 et
950 2787 1092 2842 intervallo
1105 2787 1174 2840 tacto
1189 2797 1204 2837 a
1216 2789 1289 2837 terra

55 2869 80 2922 Ἀ
92 2882 305 2942 illustraverunt
316 2904 324 2951 ;
338 2893 366 2939 et
375 2892 469 2940 mutuo
482 2901 511 2941 se
521 2889 681 2952 salutantes,
691 2889 795 2943 isicius
808 2888 952 2955 episcopus
962 2888 1069 2942 reniam
1081 2885 1245 2952 postulabat,
1257 2888 1289 2935 ut

90 2968 115 3026 de
123 2977 302 3048 impedimento
312 2986 414 3039 laboris
423 2988 520 3056 beatus
530 2991 599 3055 iper
607 2989 780 3042 concederet.
792 2989 846 3041 sed
855 2990 900 3041 bei
911 3001 1006 3040 servus
1015 2987 1081 3039 utile
1091 2985 1167 3037 dedit
1176 2995 1288 3048 respon·

87 3084 146 3141 son;
158 3084 278 3147 primitus
287 3098 317 3137 se
326 3097 468 3149 accusans,
481 3087 551 3139 sicut
560 3088 691 3154 scriptum
701 3096 744 3140 cst
753 3104 759 3139 ε
767 3088 876 3162 fusius
890 3086 923 3138 iu
931 3083 1108 3153 primordio
1116 3080 1287 3136 orationis·

82 3182 225 3235 mucro·
242 3184 288 3236 est
304 3183 366 3248 sui,
387 3182 455 3237 dixit
472 3199 478 3234 :
498 3185 620 3252 Oportet
637 3198 694 3250 ute,
711 3188 817 3252 pater,
836 3184 994 3252 castigarc
1014 3184 1052 3237 de
1068 3181 1222 3236 edacitate
1239 3180 1289 3231 cel

77 3273 249 3349 ebrietate,et
257 3283 510 3350 te,puipoutisex
519 3297 560 3352 es,
571 3287 690 3352 oportet
700 3287 857 3351 corripere
866 3287 895 3337 et
905 3279 1290 3350 derelinquerclasciviom

31 3376 58 3428 id
70 3377 177 3443 carm's,
188 3381 337 3435 luxuriae
345 3382 467 3449 vitium,
478 3386 508 3436 et
516 3384 684 3437 recordare
695 3384 777 3451 quod
787 3384 961 3437 auctoritas
970 3381 1151 3448 evangelica
1161 3381 1289 3444 clamat,

68 3487 145 3542 guae
154 3477 230 3532 dicit
244 3496 251 3530 :
273 3479 326 3533 Vos
338 3481 413 3533 estis
425 3481 476 3535 sai
488 3484 610 3549 terrae,·
623 3484 704 3549 pctod
721 3483 750 3535 si
762 3484 813 3536 sai
824 3483 995 3549 coercuerit,
1009 3482 1044 3534 irc
1061 3492 1120 3548 quo
1132 3477 1291 3532 salietur?

65 3575 97 3629 id
107 3579 162 3643 est,
174 3577 204 3630 si
214 3580 361 3633 sacerdos
375 3581 560 3650 peccaverit,
580 3582 614 3634 irc
631 3594 692 3648 quo
709 3581 970 3649 recuperabitur?
991 3581 1130 3634 Maaime
1146 3577 1290 3645 displicet

61 3677 144 3745 guod
154 3679 357 3732 sollemnibus
368 3679 475 3734 diebus
485 3694 523 3735 ac
532 3681 767 3748 uectibusjaces
776 3682 810 3734 iu
824 3682 886 3734 luti
894 3681 1038 3736 sordibus
1049 3684 1079 3734 et
1091 3676 1292 3747 squaloribus

59 3780 89 3830 et
100 3777 299 3831 delectabiles
307 3778 445 3845 feroinus
454 3781 581 3846 quaeris
594 3783 647 3833 'ut
656 3783 784 3848 sarpieos
796 3793 875 3848 quae
887 3794 950 3835 uou
961 3780 1086 3848 empedit
1097 3782 1127 3833 et
1138 3790 1201 3832 nort
1214 3775 1270 3830 tibi
1281 3778 1290 3796 ·

11 3879 38 3932 5
56 3875 255 3930 recordaris*
267 3877 455 3931 sertteutiam
466 3878 638 3933 beatissimi
651 3880 713 3933 oiri
722 3880 784 3947 lob,
799 3881 854 3948 qui
865 3879 942 3934 dicit
955 3900 963 3930 .·
980 3879 1241 3946 Coraputrueruui
1254 3878 1289 3928 ut

47 3976 200 4043 jumenta
221 3976 256 4028 iu
275 3979 410 4030 stercore
420 3991 485 4044 suo,
500 3977 555 4033 boc
574 3981 620 4032 est
641 3977 779 4033 homiues
792 3980 939 4033 carnales
960 3979 993 4032 iu
1004 3977 1122 4048 foetore
1141 3975 1292 4030 luxuriae

53 4075 269 4144 perdurantes
289 4076 388 4129 vitam
400 4077 518 4142 finiunt
538 4081 557 4129 ·.
571 4079 651 4145 Ideo,
660 4081 764 4146 pater,
779 4081 808 4131 tc
827 4079 986 4146 admorsae,
1001 4078 1031 4130 si
1041 4077 1079 4130 ab
1101 4075 1156 4130 boc
1175 4075 1251 4129 uitio
1263 4076 1293 4127 tc

54 4174 219 4242 oorrt'pere
229 4177 261 4228 et
272 4175 440 4228 emendare
451 4177 598 4244 colueris,
612 4177 752 4244 adimple
763 4176 809 4230 bis
823 4177 946 4231 Domini
962 4176 1055 4231 verba
1067 4189 1147 4243 quae
1153 4187 1213 4242 per
1220 4186 1292 4241 pro·

47 4272 187 4342 phetam
199 4273 278 4327 dicit
288 4274 508 4341 :derelinquat
520 4275 638 4342 irupius
650 4275 735 4328 viam
745 4288 837 4328 suam
849 4279 878 4328 et
890 4275 940 4328 vir
953 4275 1081 4341 iniquus
1092 4272 1293 4341 cogitationes

91 4437 132 4501 ti)
150 4437 195 4489 Sic
208 4437 260 4490 boc
273 4437 332 4491 loco
343 4437 506 4503 compendio
522 4439 622 4505 scripta
634 4438 763 4491 videntur
777 4437 845 4491 baec
859 4440 969 4491 nomina
981 4457 988 4503 3
1002 4438 1085 4490 sedin
1100 4436 1154 4488 ime
1169 4434 1290 4501 ejusdem

51 4521 169 4576 numeri
191 4519 320 4571 distincte
341 4526 369 4571 et
388 4522 448 4573 sine
468 4521 631 4586 compendio
655 4526 803 4574 occurrunt
825 4521 867 4573 iris
898 4522 1036 4574 scribendi
1061 4520 1164 4583 formis,
1189 4519 1292 4570 scilicet

50 4602 177 4658 mantis
188 4603 329 4656 Aiarsdri
341 4608 368 4655 et
381 4603 431 4656 ioci
444 4603 580 4657 Ambias.
