3316 5482
202 355 271 423 532
463 392 464 396 =
549 372 1091 425 curan.conn.r1acroun.nsr.

200 541 278 595 tinuo
290 540 325 594 ab
337 539 457 595 inlicitae
469 541 582 595 incursu
594 542 741 609 voluptatis
753 542 834 596 tutari
845 541 972 609 fidentes,
986 543 1115 608 precibus
1126 542 1296 597 humillimis
1309 556 1360 598 eos
1373 543 1438 598 effa·

201 640 315 707 gitatum
335 641 368 693 iri
390 642 456 695 haut
475 647 583 695 cessant
603 642 681 709 prole
704 644 895 709 peccaminum
915 642 1056 710 mortales,
1077 644 1294 697 resurrectionis
1312 648 1436 698 aeternae

201 753 278 807 spem
291 741 434 806 habentes,
449 742 488 794 uti
510 740 723 809 suifragantibus
742 740 848 796 meritis
868 743 992 810 ipsorum
1012 742 1114 797 faciant
1134 757 1198 797 esse
1220 744 1264 798 eis
1284 750 1433 799 consortes.

201 842 304 894 llorum
316 841 429 909 dignum
443 842 574 895 memoria
587 843 679 910 gestis,
693 843 817 910 undique
838 855 918 896 secus
937 844 1136 908 venerandum,
1155 842 1235 897 caelo
1255 845 1354 899 animo
1365 844 1433 914 geni·

201 944 270 1006 tum,
290 944 380 994 terrae
400 941 473 994 baud
494 942 612 996 obscuro
632 942 693 996 loco
713 946 817 1010 satum,
839 943 987 996 Melanium
1006 942 1052 996 bei
1074 942 1226 997 antistitem
1247 957 1300 1011 pro
1322 944 1455 999 moduloli

201 1039 338 1093 humanae
350 1040 501 1108 fragilitatis
512 1041 646 1095 condecet
658 1041 787 1096 laudibus
805 1046 887 1109 atque
906 1041 1010 1095 sedulis
1019 1041 1234 1110 danudonibus
1248 1043 1432 1112 frequentm,

202 1140 418 1207 quemchristus
431 1140 569 1194 decoravit
588 1140 698 1195 caelesti
720 1154 846 1195 munere.
859 1143 924 1209 Ejus
936 1141 1086 1208 opitulante
1100 1142 1214 1210 auxilio,
1229 1144 1360 1210 quamvis
1370 1143 1435 1198 indi·

200 1239 247 1308 gni
259 1243 286 1293 et
297 1240 457 1293 inscientiae
468 1240 585 1307 caligine
598 1240 759 1308 praepediti,
782 1254 868 1308 pauca
885 1254 1086 1309 prosequamur
1101 1255 1137 1296 ex
1154 1242 1355 1297 illustrissimis
1366 1242 1434 1297 illius

202 1340 278 1394 actis.
291 1342 364 1405 Quae
379 1341 563 1407 subsequente
575 1341 713 1409 paginula,
726 1342 791 1395 licet
810 1341 942 1408 impolite,
966 1341 1106 1396 catholicis
1124 1342 1213 1396 instar
1225 1343 1324 1398 titanel
1346 1342 1433 1411 splen·

201 1440 278 1495 doris
290 1439 324 1494 ad
336 1439 454 1495 stadium
466 1440 595 1495 victoriae
607 1440 642 1495 de
655 1442 732 1495 hoste
748 1441 977 1511 christigenarum
995 1442 1170 1496 aeternaliter
1181 1447 1292 1498 exstant
1303 1443 1414 1498 inserta
1446 1442 1471 1495 to

658 1539 803 1607 sxpucit
820 1544 981 1608 prologus.

202 1744 334 1818 Incipit
339 1744 419 1805 vite
429 1739 547 1806 suncti
557 1741 810 1805 aebeatissimi
820 1742 971 1804 Melaml
981 1743 1138 1830 episcopi
1151 1746 1189 1806 et
1200 1745 1428 1809 confessoris.

236 1942 263 1992 1.
276 1938 412 1992 creatoris
428 1938 510 1992 totius
522 1949 554 1990 ac
574 1936 752 1990 inenarrabili
773 1934 923 2003 polentiae,
943 1936 1021 2005 cnjus
1040 1942 1109 1992 nutu
1121 1942 1220 1992 cuncta
1233 1943 1371 1994 exstante
1382 1939 1434 2008 pri·

202 2038 320 2106 mordio,
334 2043 361 2092 et
372 2038 487 2092 mortale
498 2038 603 2104 plasma
612 2035 714 2090 nobilis
727 2037 769 2090 sui
783 2036 901 2105 imagine
915 2041 1054 2103 comptum
1067 2036 1256 2092 vivificabitur
1272 2040 1302 2092 in
1314 2044 1431 2108 postero,

200 2138 264 2192 licet
275 2138 311 2191 sit
321 2137 426 2205 pulveri
438 2142 465 2191 et
477 2136 562 2190 cineri
581 2136 788 2202 visceribusque
809 2136 915 2190 telluris
940 2149 1014 2190 nunc
1028 2136 1161 2199 deditum,
1172 2139 1313 2205 justornm
1327 2140 1433 2194 animae
1447 2136 1472 2190 tt

200 2241 227 2291 et
238 2237 324 2289 sancti
336 2236 457 2303 spiritus,
470 2235 640 2288 incessanter
653 2247 700 2301 pro
719 2233 811 2288 debito
832 2233 921 2289 oflloio
934 2235 1073 2302 simulque
1085 2249 1135 2304 pro
1148 2237 1243 2291 bravio
1256 2238 1432 2292 inexhaustae

200 2334 335 2389 felicitatis
346 2334 399 2388 sibi
411 2334 545 2400 perpetim
556 2345 686 2387 concesso
696 2333 871 2400 famulantes,
882 2339 1110 2403 terrenorumque
1127 2348 1178 2402 pro
1189 2336 1320 2403 piaculis,
1333 2337 1433 2392 sedulis

200 2433 372 2502 invigilantes
385 2433 467 2498 curis,
480 2445 496 2485 a
509 2432 622 2486 bomino
643 2432 784 2498 expiandis
805 2431 972 2500 efflagitandi
994 2437 1059 2487 sunt
1075 2433 1249 2487 humillimis.
1263 2437 1371 2490 florum
1383 2439 1432 2488 tra·

200 2531 297 2587 dentes
309 2532 458 2586 memoriae
471 2533 641 2586 mentionem
653 2544 730 2585 sacre
747 2532 857 2586 vivendi
874 2533 903 2585 in
921 2532 1054 2586 mundiali
1072 2533 1221 2602 ergastulo,
1232 2533 1361 2589 tollendo
1373 2547 1432 2588 cru·

199 2646 259 2686 cem
271 2645 303 2686 ac
314 2633 451 2686 christum
461 2631 614 2699 sequendo,
625 2631 692 2684 dum
704 2631 787 2697 prisci
799 2636 894 2698 poetae
907 2637 1079 2700 moratores,
1092 2632 1282 2687 saecularibus
1295 2633 1426 2702 supersti-
1443 2632 1469 2686 ’t

194 2733 316 2788 tionibus
329 2734 523 2800 obsequentes,
537 2732 691 2799 pompatico
704 2744 768 2785 suas
786 2744 915 2786 sermone
928 2732 1061 2787 linierunt
1073 2733 1190 2801 fabulas,
1205 2738 1318 2800 oportet
1330 2747 1380 2788 uos
1397 2733 1429 2787 ad

196 2831 262 2885 boni
275 2831 394 2884 exercitii
408 2829 543 2884 indicium
554 2830 674 2899 gloriosa
687 2830 782 2883 merita
795 2834 822 2884 et
835 2830 981 2898 praecipua
991 2835 1066 2900 gesta
1077 2832 1167 2900 magni
1180 2837 1209 2885 et
1218 2832 1428 2899 praeclarissimi

195 2932 255 2998 viri,
269 2931 298 2983 in
310 2931 496 2997 praefatorum
507 2944 616 2999 gregem
626 2931 773 2996 computati
795 2929 918 2985 virorum
931 2971 937 2997 ,
956 2931 1086 2985 videlicet
1097 2932 1219 2995 llelanii‚
1232 2932 1262 2984 in
1285 2932 1428 3000 propatulo

195 3029 330 3083 conferre.
352 3030 490 3083 Gloriosus
508 3029 591 3095 igitur
612 3030 712 3083 indolis
733 3031 931 3084 sacratissimus
952 3032 993 3084 vir
1013 3031 1120 3085 bomini
1138 3031 1283 3097 ltelanius,
1298 3031 1427 3085 cunctisa

194 3129 321 3182 fidelibus
333 3129 432 3182 Christi
443 3128 648 3197 glorificandus,
661 3143 676 3182 a
687 3142 782 3196 puero,
796 3131 947 3197 inspirante
960 3132 1012 3185 sibi
1024 3132 1117 3184 divina
1127 3130 1330 3199 misericordia,
1344 3131 1423 3185 dona·
1437 3128 1463 3182 il

193 3229 231 3282 vit
243 3230 383 3282 saeculum
396 3229 500 3282 luminu
514 3230 604 3283 rutilo.
619 3231 700 3295 cujus
713 3230 763 3281 viri
777 3229 892 3282 infantia
905 3231 1057 3283 innumeris
1068 3231 1147 3298 longe
1161 3230 1273 3298 lateque
1295 3231 1424 3298 portentis

193 3329 291 3381 claruit
302 3327 396 3381 effusa.
410 3330 517 3382 Exstitit
530 3343 649 3396 namque
662 3331 807 3382 venetensi
827 3330 861 3382 de
879 3331 1020 3396 provincia
1033 3330 1178 3396 oriundus,
1192 3331 1285 3384 Placio
1309 3332 1338 3384 in
1359 3332 1424 3394 vico,

192 3429 337 3498 generosis
349 3430 509 3495 parentibus
522 3434 606 3494 satus,
620 3431 674 3481 beo
687 3430 853 3482 amabilibus
864 3434 892 3481 et
904 3430 1040 3483 benivolis
1052 3430 1161 3484 famulis
1174 3431 1273 3483 Christi
1284 3431 1419 3484 omnibus.

192 3527 358 3593 bisponente
371 3541 490 3593 namque
505 3540 624 3593 superna
642 3526 798 3594 clementia,
815 3528 893 3593 cujus
913 3527 1084 3594 providentia
1097 3534 1196 3582 cuncta
1210 3534 1319 3583 constat
1331 3543 1422 3583 essen-

192 3625 238 3693 tia,
251 3625 393 3679 traditura
407 3626 567 3692 parentibus
587 3625 743 3693 paedagogo
764 3626 933 3679 crudiendus
954 3625 1109 3680 litterarum
1126 3626 1292 3695 disciplinis,
1306 3627 1420 3681 caeleste
1434 3624 1460 3676 it

192 3725 350 3779 thesaurum
363 3726 497 3778 mandans
509 3726 594 3779 vivaci
607 3726 764 3791 memoriae,
776 3725 891 3779 eductus
900 3729 941 3779 est
951 3726 979 3778 in
990 3727 1065 3780 brevi
1076 3726 1133 3779 sale
1142 3725 1286 3780 delibutus
1300 3727 1421 3794 perenni.

191 3824 294 3878 beinde
306 3826 340 3879 de
352 3825 396 3878 die
409 3827 437 3878 in
449 3825 522 3878 diem
535 3831 590 3878 tam
611 3829 704 3878 mente
725 3837 808 3891 quam
829 3837 945 3891 corpore
964 3824 1120 3891 proficiens,
1143 3825 1172 3877 in
1189 3829 1299 3878 tantum
1313 3826 1418 3894 quidem

99 3931 131 3984 ·,
192 3924 299 3976 celebre
312 3925 484 3990 nomenejus
507 3924 637 3976 innituit·
657 3927 696 3991 ut,
718 3922 895 3975 circumcirca
916 3923 1019 3976 volatili
1037 3924 1109 3977 fama
1131 3924 1191 3988 ejus
1213 3929 1326 3977 actuum
1345 3929 1420 3990 atque

190 4024 375 4078 doctrinarum
393 4039 532 4078 sacrarum
553 4026 719 4091 cursitante,
741 4026 840 4077 honori
865 4025 1014 4078 haberetur
1034 4025 1180 4087 omnibus,
1208 4025 1416 4092 frequentiaque

191 4138 247 4178 non
260 4125 366 4178 modica
378 4125 530 4178 conflueret
541 4125 576 4177 ad
588 4125 678 4191 ipsum
691 4124 867 4190 populomm.
1429 4118 1453 4170 ³5

225 4225 256 4276 2.
269 4225 314 4276 Vir
333 4225 425 4291 itaque
444 4225 617 4277 venerandus
638 4237 721 4291 opere
740 4229 768 4277 et
788 4237 926 4290 sermone,
950 4224 1081 4290 paulatim
1102 4223 1241 4276 scandens
1254 4224 1289 4277 ad
1299 4235 1415 4278 summos

190 4324 291 4391 gradus
312 4324 452 4386 virtutum,
473 4323 685 4389 prosperabatur
705 4322 739 4375 de
760 4323 858 4375 virtute
879 4324 908 4375 in
929 4324 1068 4381 virtutem,
1091 4320 1222 4375 affectans
1241 4321 1415 4391 contemplari

191 4425 275 4475 ileum
289 4422 403 4475 deorum
416 4421 444 4473 in
458 4422 533 4473 Sion.
542 4423 605 4473 Erat
615 4427 706 4474 autem
719 4421 805 4474 forma
815 4421 989 4487 praecipuus,
1000 4432 1115 4485 corpore
1127 4426 1229 4483 castus,
1239 4421 1416 4475 mentedevo

190 4529 244 4591 tus,
257 4524 372 4578 affabilis
383 4524 532 4589 colloquio,
545 4531 655 4589 aspectu
665 4524 791 4588 decorus,
803 4523 948 4589 prudentia
967 4522 1093 4589 egregius
1105 4561 1112 4579 ,
1125 4524 1312 4588 temperantia
1323 4524 1415 4586 clanis

188 4625 246 4677 zelo
258 4626 304 4676 bei
316 4628 343 4676 et
362 4636 455 4676 amore
475 4621 593 4688 proximi
614 4623 745 4688 fervidus,
768 4626 971 4689 perpetuaeque
991 4621 1154 4688 virginitatis
1172 4627 1279 4676 custos.
1293 4625 1363 4692 Ergo
1379 4615 1450 4675 virli

16 4724 81 4778 cod.
96 4723 169 4779 novi.
188 4721 341 4789 doctilogus
353 4734 387 4775 ex
398 4723 488 4775 novo‘
505 4725 532 4774 et
543 4722 628 4774 veteri
641 4726 806 4775 testamento
824 4733 894 4785 pene
913 4719 1020 4772 cunctis
1036 4719 1141 4772 circum
1158 4718 1330 4789 degentibus
1346 4732 1415 4788 prae-
