3316 5482
337 363 405 429 370
656 376 783 428 caran.
805 376 908 428 cono.
927 376 1102 428 paemen.
1122 377 1205 429 nar.
1310 351 1314 357 ’

335 553 392 602 tam
406 547 600 614 perspicaciter
611 545 773 613 providebat
785 551 812 599 et
824 551 963 612 tamquam
977 545 1046 600 alter
1057 547 1156 601 lobias
1174 546 1331 600 videntibus
1352 546 1431 614 liliis,
1447 547 1511 615 ipse
1523 561 1581 602 ese

338 659 387 701 cus
399 651 427 700 et
438 644 544 712 videns,
558 646 629 699 viam
642 645 763 700 veritatis
776 649 902 712 patenter
914 645 1088 699 ostendebat.

369 745 400 798 5.
411 745 460 810 Qui
473 745 603 811 quoniam
616 745 644 796 in
657 744 707 796 hac
720 744 939 812 peregrinatione
951 743 1011 797 solo
1024 756 1139 810 corpore
1168 744 1340 812 constitutus,
1361 745 1537 815 cogitatione
1553 752 1580 800 et

335 844 463 899 aviditate
475 846 504 897 11
516 844 562 896 1111
575 848 687 897 aeterna
699 844 786 910 patria
798 845 1012 898 conversabatur
1024 849 1051 896 ct
1062 844 1211 898 incolatum
1230 859 1310 898 suum
1334 846 1501 914 prolongari
1513 846 1578 900 coti·

334 944 416 998 diana
433 943 630 997 lamentatione
647 943 825 1009 querebatur,
847 941 950 997 meruit
964 942 1113 1010 aliquando
1134 943 1162 996 in
1181 945 1241 997 visu
1265 944 1355 997 noctis
1374 944 1607 1014 ambangelumii

335 1042 494 1096 llicbaelem
507 1042 558 1095 sibi
574 1041 748 1094 assistentem
761 1041 855 1095 videre
876 1047 902 1094 et
922 1041 956 1094 ab
978 1054 1011 1095 eo
1033 1040 1190 1109 hujusmodi
1211 1042 1430 1098 consolationem
1454 1043 1575 1098 audire:

334 1140 433 1196 Hecto
445 1141 502 1195 Dei
513 1138 706 1207 Pardotpltc,
719 1153 813 1207 surge
825 1141 968 1194 velociter
980 1142 1010 1194 et
1017 1153 1078 1208 per
1094 1141 1217 1208 grados
1230 1140 1325 1208 bamus
1337 1143 1459 1210 scalae,
1473 1144 1576 1197 scalam

335 1232 869 1309 1111111111111111111111111111111·
888 1241 1031 1296 ascende.
1054 1241 1093 1294 Im
1110 1242 1179 1309 ejus
1201 1243 1383 1296 summitate
1400 1243 1573 1297 Dominum

331 1343 440 1397 Iesum
454 1342 608 1397 Christum
621 1341 761 1396 invenies
773 1342 853 1395 etde
863 1355 963 1395 manu
975 1341 1041 1408 eius
1054 1353 1212 1411 cormeum,
1226 1356 1321 1410 quom
1340 1342 1400 1396 tibi
1411 1356 1478 1411 pro
1492 1343 1574 1398 tabo

330 1441 420 1496 ribus
431 1445 463 1496 et
468 1441 628 1509 patientia
651 1443 707 1494 tam
723 1440 943 1508 praeparavit,
956 1452 1028 1494 eum
1037 1441 1155 1508 patroio
1167 1441 1329 1510 suscipies.
1343 1443 1473 1509 cumque
1486 1442 1569 1511 evigi-
1585 1443 1613 1496 lt

331 1539 415 1594 lasset
426 1541 468 1593 vir
479 1544 600 1606 sanctus,
615 1544 689 1592 tanta
701 1552 730 1591 se
742 1540 829 1591 sensit
850 1539 981 1591 suavitate
1001 1539 1140 1605 pertusum
1159 1545 1187 1593 et
1207 1540 1331 1593 claritate
1351 1540 1522 1595 irradiatum
1544 1544 1574 1594 nt

332 1639 451 1693 suavitas
463 1652 526 1692 cum
538 1638 659 1692 claritate
672 1637 814 1705 probabile
826 1643 1018 1706 argumentum
1032 1636 1111 1691 daret
1131 1639 1204 1706 quod
1224 1639 1271 1692 illa
1285 1636 1353 1692 visio
1371 1652 1432 1693 non
1453 1639 1574 1706 pbanta·

332 1738 399 1791 stica
411 1737 501 1791 illusio
514 1737 562 1790 sed
574 1735 698 1804 angelica
710 1735 827 1788 visitatio
839 1734 1027 1789 indubitanter
1040 1735 1144 1790 luisset.
1159 1734 1294 1789 intellexit
1305 1741 1397 1791 autem
1409 1737 1452 1791 vir
1473 1738 1522 1792 liei
1544 1751 1574 1792 se
1653 1754 1656 1797 i

332 1838 383 1891 bac
393 1837 499 1890 visione
520 1836 717 1890 commonitum
729 1839 760 1887 ul
779 1834 881 1887 sanctis
893 1834 1023 1900 operibus
1034 1835 1091 1888 suis
1103 1836 1333 1901 perseverantiam
1351 1835 1533 1906 adjungeret,
1546 1843 1574 1891 et

331 1937 403 1990 sicut
413 1936 447 1990 de
459 1935 545 2004 gradu
557 1936 586 1988 11
598 1933 722 2003 gradum,
736 1934 776 1986 sic
788 1933 823 1987 de
834 1934 934 1987 virtute
946 1933 974 1986 in
989 1934 1119 1987 uirtutem
1131 1933 1287 2002 proficiens,
1301 1938 1386 1989 ileum
1404 1936 1526 1990 deorum
1539 1937 1569 1990 in
1589 1938 1617 1990 lt

330 2036 396 2089 Sion
407 2035 500 2089 videre
513 2038 658 2102 satageret.
671 2036 731 2087 llos
742 2045 806 2099 ergo
819 2045 946 2101 surgens,
960 2033 989 2086 in
1002 2033 1063 2087 loco
1075 2034 1123 2087 ubi
1136 2033 1220 2100 pedes
1232 2035 1322 2104 angeli
1335 2036 1445 2090 stetisse
1458 2036 1571 2091 viderat

330 2134 453 2190 adoravit
464 2139 491 2188 et
502 2149 564 2189 cum
577 2134 698 2187 lacrimis
710 2134 893 2199 omnipotenti
907 2135 961 2187 beo
974 2146 1023 2200 pro
1033 2133 1177 2187 beneflciis
1198 2135 1256 2188 suis
1276 2136 1377 2204 gratias
1389 2149 1476 2205 agere
1495 2137 1572 2191 lesti-
1654 2196 1656 2213 Ι

331 2235 414 2289 navit.
428 2238 465 2289 be
479 2240 552 2288 terra
563 2241 654 2288 autem
668 2234 714 2287 illa
726 2234 815 2286 turbis
826 2233 861 2286 ad
874 2246 903 2286 se
915 2233 1119 2288 continentibus
1128 2234 1254 2301 dabat‚et
1263 2247 1386 2302 sparsam
1399 2235 1430 2288 in
1440 2235 1573 2290 domibus

169 2344 179 2366 ·
242 2381 250 2398 .
281 2383 288 2397 .
332 2348 428 2391 eorum
440 2337 450 2358 ·
462 2336 629 2390 salutiferam
643 2336 702 2389 tore
714 2334 828 2387 minime
841 2332 993 2387 dubitabat.
1008 2335 1028 2386 0
1049 2347 1132 2401 quam
1153 2335 1302 2401 pretiosum
1323 2341 1351 2388 et
1372 2333 1571 2390 admirabilem

333 2447 456 2501 caecum,
469 2433 516 2500 qul
529 2446 578 2500 per
589 2433 662 2486 diem
675 2445 731 2485 non
743 2437 832 2499 potest
845 2432 971 2485 homines
982 2431 1074 2486 videre
1087 2435 1114 2484 et
1123 2445 1173 2498 per
1184 2437 1293 2486 noctem
1307 2431 1420 2500 angelos
1444 2439 1569 2488 meretur
1584 2434 1613 2487 θ)

333 2534 472 2600 aspicere!
486 2535 506 2586 0
517 2534 665 2602 gloriosum
677 2533 801 2598 militem,
815 2537 911 2586 eontra
923 2531 1073 2598 spiritualia
1083 2531 1223 2598 nequitiae
1232 2530 1354 2599 legitime
1360 2530 1570 2595 colluctantem,

332 2634 379 2701 qui
391 2633 514 2702 angelica
528 2633 682 2686 visitatione
695 2638 721 2685 et
732 2631 870 2686 dominica
883 2632 1086 2698 exspectatione
1101 2630 1200 2698 dignus
1212 2631 1362 2698 invenitur,
1376 2636 1405 2684 et
1427 2630 1524 2687 adhue
1541 2633 1570 2684 11

333 2733 483 2786 certamine
501 2733 615 2799 positus,
636 2733 691 2797 jam
704 2731 739 2784 de
761 2743 863 2785 corona
884 2735 974 2784 certus
996 2729 1129 2784 etllciturl
1154 2732 1212 2783 lua
1233 2737 1298 2784 sunt
1319 2731 1386 2784 baec
1403 2743 1504 2799 opera,
1523 2744 1570 2785 rex
1655 2722 1657 2733 '

333 2843 437 2899 regum,
446 2836 540 2884 sancte
552 2833 719 2895 sanctorum,
728 2831 798 2882 bens
809 2827 989 2894 deorum,qul
1002 2832 1110 2881 sanctos
1123 2832 1184 2881 tuos
1195 2827 1232 2880 ita
1242 2827 1388 2895 glorificas,
1398 2829 1448 2895 qui
1459 2827 1569 2882 infirma

331 2935 358 2983 et
369 2930 584 2996 contemptibilia
598 2928 695 2982 mundi
708 2928 786 2997 eligis
798 2932 829 2981 ut
840 2928 921 2981 fortia
932 2934 961 2980 et
973 2927 1101 2980 sublimia
1121 2927 1286 2993 confundas,
1308 2928 1355 2994 qui
1377 2928 1484 2982 electos
1502 2934 1566 2982 tuos
1586 2928 1614 2981 bi

333 3035 380 3082 aut
391 3042 532 3096 purpurea
544 3029 672 3095 passione
684 3034 731 3080 aut
743 3028 830 3081 liliosa
841 3027 1016 3080 consessione
1028 3027 1190 3080 mirabiliter
1214 3039 1340 3080 coronas.
1358 3027 1418 3080 libi
1440 3026 1512 3094 laus,
1524 3028 1572 3080 tibi

336 3130 433 3198 gloria,
447 3130 496 3183 tibi
510 3129 658 3197 gratiarum
672 3129 753 3193 actio,
766 3128 813 3194 qui
826 3133 901 3180 tanta
913 3127 1083 3195 benignitate
1096 3125 1240 3180 consulere
1251 3124 1380 3194 dignatus
1390 3139 1420 3179 es
1433 3124 1573 3180 humiliet

332 3229 441 3282 sublimi
454 3229 556 3283 famulo
570 3234 615 3281 tuo
637 3225 802 3292 Pardulpbo.
820 3226 866 3278 llis
887 3225 922 3278 de
942 3226 996 3278 vita
1020 3232 1048 3278 et
1069 3226 1192 3278 moribus
1213 3225 1379 3279 sanctissimi
1400 3227 1571 3281 contessoris

137 3335 270 3401 ‘prolatis
281 3337 307 3390 2,
332 3328 479 3394 Pardulphi
489 3328 609 3381 breviter
621 3327 768 3393 propalatis
779 3327 799 3392 ·,
815 3326 906 3392 aliqua
919 3324 953 3377 de
967 3326 1106 3378 miraculis
1118 3328 1178 3391 ejus
1191 3326 1294 3379 reterre
1305 3326 1479 3380 studeamus.

368 3429 399 3480 6.
413 3429 459 3480 De
472 3426 655 3492 Regnarieo
675 3425 775 3477 milite
796 3427 924 3477 sanato.
937 3425 1097 3488 —Quidam
1119 3424 1185 3477 dum
1210 3425 1238 3477 in
1251 3425 1318 3478 silva
1341 3425 1415 3494 ligna
1429 3426 1569 3492 caederet,
1584 3425 1612 3477 it

334 3526 438 3581 boletos
450 3527 545 3580 edules
557 3525 648 3579 arbori
661 3524 841 3578 adhaerentes
854 3523 982 3589 repperit,
1003 3535 1073 3589 quos
1094 3528 1172 3577 caute
1192 3523 1322 3577 collectos
1336 3525 1461 3577 caritatis
1481 3527 1567 3594 gratia

333 3627 391 3680 viro
403 3627 449 3679 liei
462 3626 616 3691 Pardulpbo
629 3629 807 3690 praesentare
818 3621 949 3676 decrevit.
972 3622 1021 3684 Qui
1042 3635 1167 3688 egressus
1188 3621 1223 3675 de
1245 3622 1323 3688 silva,
1346 3623 1459 3676 obvium
1473 3624 1569 3677 babuit

176 3731 185 3749 ·
199 3742 258 3784 om.
272 3733 297 3785 Ξ,
331 3726 468 3793 quendam
483 3725 692 3793 ‘Regnarlcum
702 3723 815 3775 illustris
830 3722 879 3774 viri
889 3721 1007 3774 llunaldi
1020 3721 1345 3787 principisconsiliarium
1356 3724 1468 3790 etrcgis
1479 3723 1569 3777 llarcli

336 3825 504 3894 legatarium.
518 3827 538 3877 Α
552 3837 607 3891 quo
621 3823 765 3889 inquisitus
779 3820 844 3888 quid
868 3821 951 3873 terret
963 3835 970 3872 :
982 3820 1135 3888 Lemt'pos,
1149 3821 1248 3887 inquit,
1270 3820 1405 3885 domine,
1424 3823 1467 3875 sic
1490 3823 1565 3876 enim

169 3926 178 3945 ⁶
190 3927 257 3979 mibi
268 3929 294 3981 1.
335 3926 418 3980 boleti
430 3939 445 3978 a
457 3924 620 3992 quibusdam
641 3927 781 3985 vocantur,
803 3933 880 3988 quos
892 3921 981 3973 modo
995 3923 1002 3939 ·
1016 3921 1050 3972 in
1061 3920 1144 3974 silva
1165 3919 1291 3988 repperi
1307 3923 1337 3974 et
1349 3920 1478 3975 domino
1496 3934 1565 3976 meo
1581 3922 1611 3973 st

335 4024 520 4091 Pardulpbo
529 4022 642 4090 abbati,
656 4022 711 4088 qui
716 4020 858 4087 pretioso
878 4020 986 4072 edulia
1001 4020 1131 4086 penitus
1152 4022 1288 4086 recusat,
1301 4032 1356 4074 eos
1368 4018 1486 4086 offerre
1506 4021 1568 4074 1111-

330 4124 433 4190 posui.
447 4126 478 4176 At
491 4124 547 4188 ille,
559 4121 708 4188 postposita
720 4119 807 4172 sancti
821 4118 973 4172 reverentia
987 4123 1014 4170 et
1034 4119 1155 4171 bominis
1173 4118 1247 4171 illius
1270 4118 1314 4185 pia
1333 4117 1493 4173 intentione
1505 4133 1570 4175 con·

334 4229 445 4290 tempta,
458 4222 570 4289 lemigas
582 4219 616 4272 dc
630 4218 756 4271 manibus
768 4219 828 4284 ejus
840 4217 980 4279 abstraxit,
997 4221 1024 4268 et
1035 4221 1065 4269 ut
1077 4218 1128 4270 sibi
1142 4218 1208 4271 bora
1221 4217 1263 4270 sui
1284 4217 1393 4284 prandii
1418 4217 1570 4288 diligenter

333 4328 442 4389 paratae
454 4324 658 4388 apponerentur
670 4318 818 4385 praecepit.
839 4316 992 4383 Adimpleta
1014 4317 1132 4370 nefanda
1148 4318 1272 4384 jussione
1293 4321 1321 4369 et
1342 4322 1438 4385 parata
1461 4319 1568 4372 infelici

331 4422 496 4490 epulatione,
518 4421 589 4471 inter
609 4419 661 4471 alia
682 4416 835 4482 voluptuosi
857 4415 974 4469 convivii
994 4414 1097 4468 fercula
1121 4416 1223 4481 praeda
1242 4415 1293 4467 viri
1315 4415 1406 4467 saneti
1428 4418 1565 4486 sacrilego
1584 4418 1615 4471 ib

331 4522 463 4590 praedoni
477 4527 517 4573 est
529 4520 663 4586 apposita.
676 4517 759 4585 cujus
770 4528 832 4568 cum
846 4515 960 4580 primam
974 4513 1125 4567 buccellam
1139 4514 1216 4567 avida
1229 4514 1379 4566 voracitate
1398 4526 1569 4571 consumen-

331 4620 394 4674 dam
407 4619 537 4675 dentibus
550 4618 703 4682 obtulisset,
717 4629 780 4669 mox
791 4616 828 4666 ita
840 4615 968 4667 coartatis
989 4613 1113 4666 saucibus
1137 4613 1255 4667 inhaesit
1274 4618 1305 4666 ut
1325 4626 1378 4668 nec
1399 4615 1498 4681 glutiri
1517 4630 1570 4671 nec
