3316 5482
264 371 360 423 sinn.
378 370 463 424 uir.
481 368 600 422 rums.
619 388 665 402 -
680 368 836 422 mrnun.
855 369 904 420 an
920 368 999 421 oon.
1018 367 1095 419 sess.
1231 355 1299 422 315

63 548 119 600 beo
130 542 312 598 transmissus
323 542 428 610 luisset,
439 545 467 596 et
478 555 560 610 quem
572 547 683 596 mucius
692 544 789 596 Petrus
802 547 828 596 et
838 542 937 596 Paulus
947 541 981 596 ad
992 540 1188 596 illuminandas
1197 542 1297 597 Gallias

62 646 105 701 rel
116 643 270 699 occidentis
281 648 372 711 partes
382 641 549 710 direxerant,
562 642 662 711 dignus
674 647 747 696 esset
765 642 921 708 episcopus.
942 644 1005 695 Post
1022 642 1089 696 haec
1101 640 1204 696 indicto
1216 642 1298 696 silen-

62 745 112 813 tio,
124 741 339 799 reverentissimi
350 741 469 808 episcopi
481 741 595 795 verbum
607 740 711 795 iaciunt
722 738 755 793 ad
769 740 911 806 populum,
924 739 1047 793 dicentes
1061 754 1068 792 :
1092 739 1299 794 Dilectissimi

60 845 135 913 filii,
147 855 270 912 uosque,
282 840 476 896 venerabiles
486 840 607 910 fratres
619 844 650 896 et
659 841 893 896 consacerdotes
904 839 1016 908 nostri,
1035 840 1159 894 uidistis
1184 840 1218 893 in
1235 839 1298 895 hac

21 952 43 1006 b
60 949 113 1002 die
125 959 146 1001 a
157 946 218 999 beo
229 945 386 999 osmnsum
397 941 590 1007 mysterium,
602 943 631 994 et
643 938 800 994 hominem
811 939 894 994 hunc
899 939 1085 1007 perspicitis
1103 938 1297 1009 manifestis·

59 1043 288 1103 nnteabeoin
295 1041 425 1097 civitate
433 1040 608 1095 istaadros
616 1039 716 1108 fuisse
727 1040 929 1094 destinatum.
939 1039 1018 1100 Quid
1029 1042 1135 1094 oestro
1146 1039 1297 1095 mobilitas

59 1149 92 1203 et
106 1141 380 1209 cmunnmjucia
389 1139 580 1193 uoluntatem
590 1139 733 1192 diuinam
743 1139 891 1193 decernat
904 1138 1017 1192 vestris
1034 1140 1179 1194 columns
1191 1150 1296 1206 cogno

58 1256 149 1301 acere
158 1240 267 1297 uerbis.
276 1242 354 1294 'lunc
362 1239 452 1292 subito
462 1239 552 1291 omnis
562 1237 689 1304 populus,
699 1239 745 1305 qui
757 1237 865 1292 diabolo
875 1238 1021 1305 instigante
1030 1236 1120 1292 tuerat
1130 1237 1295 1305 disjunctus,

59 1349 150 1402 iactus
162 1351 205 1400 est
221 1343 313 1397 divina
332 1341 538 1409 dispensatione
561 1341 664 1399 unitus.
689 1347 717 1393 et
739 1340 823 1408 magis
844 1353 876 1394 ac
888 1341 974 1408 magis
986 1341 1107 1395 clamare
1123 1343 1293 1408 coeperunt:

10 1447 40 1503 to
60 1440 350 1508 Quieoraiionibus
362 1439 475 1495 nestris
480 1441 619 1508 populns
632 1439 690 1493 iste
702 1440 744 1493 ool
755 1439 955 1494 concordiam
966 1439 1072 1507 rediit,
1093 1442 1123 1494 et
1134 1439 1295 1510 famulum
1365 1458 1368 1462 ⁴

55 1559 156 1602 snam
167 1543 291 1598 beatum
302 1539 467 1594 barritum
479 1537 515 1592 in
526 1538 603 1593 urbe
620 1537 680 1593 hoc
700 1537 842 1593 eabibuit
862 1538 919 1593 Dei
932 1539 1047 1608 pietas,
1064 1539 1206 1608 petimus
1223 1552 1295 1608 ergo

54 1643 302 1700 sanctimoniam
315 1643 450 1696 nestram
462 1641 496 1693 ut
506 1639 650 1694 celeriter
661 1642 861 1694 consecretur
871 1641 902 1693 et
907 1638 1059 1709 pontisera
1080 1639 1199 1708 dignus
1217 1638 1291 1694 hnic

55 1741 359 1811 cinitotieffiriotnr,
372 1737 555 1794 etsitnobis
569 1740 685 1807 postor
704 1739 791 1793 omni
813 1741 958 1808 tempore,
980 1741 1016 1793 ut
1030 1741 1146 1807 poscat
1167 1752 1293 1807 gregem

54 1843 252 1899 dominicam
271 1839 405 1908 eloquiis
427 1837 657 1906 spiritualibus,
670 1841 701 1892 et
722 1838 884 1892 ministret
889 1839 1047 1907 pabulum
1067 1839 1293 1907 sempiternum

10 1947 35 2002 5
55 1942 149 1998 verbi
158 1939 318 1997 dominici.
332 1937 437 1993 Deinde
447 1939 598 1992 auxiliante
611 1939 726 1992 bomino
739 1939 794 1992 itur
805 1939 839 1991 ad
853 1939 993 1993 basilicam
1006 1939 1098 1993 Sancti
1120 1939 1200 1993 ltarci
1212 1952 1293 1993 evan·

54 2044 182 2112 gelistae,
195 2054 265 2109 quac
275 2044 342 2094 tunc
354 2040 383 2092 in
396 2039 491 2106 majori
503 2039 680 2092 veneratione
692 2037 721 2091 in
734 2038 794 2093 loco
807 2039 853 2092 illo
867 2038 1035 2106 habebatur,
1049 2039 1097 2093 ubi
1110 2044 1137 2092 et
1160 2039 1218 2104 ipse
1230 2051 1290 2092 san-

55 2148 123 2197 ctus
133 2141 223 2195 subito
235 2138 406 2207 perducitur,
420 2141 448 2190 et
458 2135 559 2190 exinde
570 2149 632 2190 cum
646 2136 754 2205 hymnis
763 2142 791 2190 et
804 2137 930 2191 laudibus
943 2137 1058 2191 diversis
1069 2136 1214 2191 ordinibus
1226 2150 1291 2191 con·

54 2241 236 2296 clamantium
247 2240 276 2292 in
288 2237 396 2292 civitate
407 2237 618 2291 Aurelianorum
630 2235 786 2304 adducitur,
809 2237 903 2304 ibique
921 2237 1071 2291 auxiliante
1091 2238 1206 2291 bomino
1223 2250 1286 2290 cum

54 2353 160 2410 magno
169 2338 270 2409 gaudio
282 2337 317 2391 ab
328 2336 464 2404 episcopis
475 2342 659 2396 consecratur.
671 2337 721 2400 Qui
731 2341 842 2404 accepto
854 2337 1022 2405 episcopatu,
1035 2341 1154 2404 quantus
1166 2343 1212 2391 aut
1225 2349 1291 2404 qua·

10 2446 34 2500 n
54 2442 95 2495 lis
106 2441 136 2494 in
147 2438 235 2495 officio
248 2439 296 2491 bei
307 2437 390 2490 tuerit
402 2440 430 2490 et
441 2448 534 2490 amore
547 2436 641 2491 divino
653 2437 884 2504 promptissimus,
899 2437 1040 2503 miracula,
1054 2450 1125 2505 quae
1137 2450 1186 2505 per
1199 2436 1289 2503 ipsum

54 2544 190 2609 operatus
201 2535 580 2604 estChristus‚declaramnt.

94 2638 128 2693 8.
146 2641 257 2693 lactum
268 2639 311 2690 est
322 2639 383 2703 post
397 2649 501 2690 annum
514 2635 696 2689 ordinationis
708 2649 775 2690 suae
784 2640 814 2691 ut
826 2636 972 2705 instigante
983 2637 1092 2691 diabolo
1112 2636 1206 2690 civitas
1223 2637 1286 2705 igne

56 2739 160 2795 ruisset
179 2750 321 2792 succensa.
334 2738 367 2790 bi
388 2749 451 2789 cum
471 2749 568 2790 omnes
589 2736 682 2803 populi
703 2737 737 2791 ad
758 2744 883 2789 sanctum
905 2737 1044 2791 livurtium
1065 2736 1245 2791 vociterantes
1265 2741 1292 2791 et

54 2840 189 2892 umentes
200 2837 351 2903 venissent,
364 2837 550 2904 precabantur
569 2840 599 2890 ut
612 2836 669 2890 suis
686 2837 857 2891 orationibus
869 2841 924 2889 tam
936 2837 976 2890 illi
988 2851 1071 2905 quam
1083 2837 1179 2890 civitas
1190 2850 1206 2890 a
1220 2836 1291 2904 peri·

10 2942 35 2995 s
55 2938 124 2992 culo
135 2937 206 3007 ignis
218 2935 410 2989 liberarentur.
423 2936 473 2990 llle
484 2949 550 2990 vero
563 2936 646 2989 celeri
660 2949 742 2989 cursu
760 2937 789 2989 in
812 2936 936 3001 ecclesia,
950 2950 1020 3003 quae
1033 2949 1067 2990 eo
1085 2942 1207 3003 tempore
1229 2949 1289 3003 par·

55 3037 173 3091 sissimo
184 3035 287 3090 ambitu
301 3036 471 3102 cingebatur,
484 3048 514 3089 se
526 3037 555 3088 in
567 3035 721 3088 orationem
740 3036 899 3102 prosternit.
916 3039 947 3089 lit
958 3049 1020 3090 cum
1042 3036 1205 3089 obtinuisset
1217 3036 1289 3103 quod

55 3134 237 3189 devotissime
247 3135 392 3188 bominum
401 3134 610 3199 deprecabatur,
621 3134 753 3201 populum
763 3135 923 3188 adhortatus
934 3139 975 3188 est
984 3140 1014 3187 ut
1023 3134 1138 3188 bomino
1149 3139 1289 3199 voverent,

57 3235 108 3303 qui
120 3247 169 3288 eos
187 3233 358 3299 liberaverat,
371 3232 448 3301 quod
468 3233 612 3286 ecclesiam
632 3233 662 3285 in
682 3234 780 3301 majori
801 3234 888 3300 spatio
909 3234 1082 3301 ampliarent.
1103 3237 1179 3288 Tunc
1196 3235 1289 3301 populi

56 3331 212 3402 gaudenter
222 3336 398 3399 praeceptum
409 3330 561 3384 sacerdotis
574 3336 748 3400 acceperunt,
762 3335 950 3399 voveruntque
967 3338 1007 3397 ut,
1021 3332 1086 3399 quia
1098 3345 1146 3385 eos
1160 3332 1290 3385 hominus

10 3436 38 3489 tu
55 3433 231 3498 liberaverat,
244 3430 376 3483 continuo
387 3430 421 3483 de
444 3430 617 3497 reparatione
630 3430 716 3497 ipsius
728 3430 863 3484 ecclesiae
879 3431 1059 3484 attentissime
1072 3432 1234 3499 cogitarent.
1247 3430 1291 3483 Sic

56 3536 262 3599 posteaomncs
279 3529 456 3596 unanimiter,
467 3530 543 3596 juxta
565 3543 644 3582 suam
656 3530 847 3597 unusquisque
870 3530 1089 3597 possibilitatem,
1103 3543 1175 3598 quae
1196 3542 1290 3584 ncces·

58 3631 133 3684 saria
144 3633 223 3682 erant
234 3633 410 3695 paravemnt.

93 3730 126 3782 e.
144 3731 250 3783 lituum
263 3730 355 3783 omnia
367 3729 485 3783 luissent
497 3728 632 3797 ordinata,
644 3734 755 3783 sanctus
767 3729 896 3784 sacerdos
908 3731 1026 3797 propriis
1036 3731 1163 3784 manibus
1176 3730 1291 3784 fossorio

59 3834 172 3896 arrepto
192 3827 370 3882 hundamenta
391 3829 497 3896 aperire
509 3830 599 3896 coepit
618 3829 761 3883 ccclesiae.
776 3832 806 3882 lit
830 3844 893 3882 cum
915 3830 1002 3884 tribus
1023 3831 1079 3884 tere
1100 3830 1216 3898 pedihus
1233 3832 1290 3897 jam

10 3931 44 3983 ab
60 3927 185 3996 fodisset,
198 3929 319 3994 repperit
330 3928 413 3982 ollam
426 3929 545 3982 clausam
560 3934 641 3996 atque
662 3930 864 3997 bituminatam,
879 3931 975 3996 inqua
995 3931 1077 3982 etiarn
1091 3930 1212 3984 modium
1231 3930 1292 3984 soli-

61 4027 161 4080 dorum
173 4026 287 4094 invenit,
301 4027 347 4094 qui
360 4026 441 4080 solidi
462 4027 603 4080 historiam
615 4028 729 4081 Neronis
750 4027 922 4094 imperatoris
936 4026 1124 4095 designabant.
1139 4029 1211 4091 Quos
1228 4041 1292 4083 cum

61 4123 220 4190 invenisset,
242 4124 381 4191 praecepit
401 4125 508 4178 evocari
520 4123 554 4177 ad
575 4138 604 4177 se
622 4124 844 4178 archidiaconem
865 4138 955 4189 suum,
977 4127 1148 4177 llansuetum
1167 4125 1290 4191 nomine,

61 4222 183 4290 dixitque
202 4224 227 4277 ci
241 4240 248 4276 :
261 4224 381 4292 Accipe,
394 4223 445 4292 fili
464 4225 638 4292 carissime,
658 4224 740 4278 branc
755 4224 926 4291 pecuniam
945 4236 1026 4291 qaae
1046 4223 1174 4276 inuenta
1194 4225 1248 4291 est,
1262 4226 1291 4277 et

54 4335 152 4392 perpe
168 4324 299 4378 mmmm
319 4322 517 4393 festinanter,
531 4326 560 4377 et
582 4323 671 4391 deser
688 4337 758 4377 eam
779 4324 983 4378 Constantino
1001 4323 1195 4390 imperotori,
1214 4323 1291 4389 quio

10 4425 42 4479 to
59 4434 125 4477 non
135 4421 264 4489 empedit
277 4422 366 4475 nobis
372 4422 508 4490 publice,
527 4435 597 4476 cnm
617 4424 713 4477 etiam
726 4421 893 4476 historiam
906 4422 1101 4489 imperialem
1121 4422 1288 4490 contineat,

51 4520 199 4589 propriis
211 4520 319 4575 usibus
330 4522 482 4576 reuocari.
495 4526 571 4575 Tunc
593 4525 750 4576 Mansuetus
761 4522 973 4575 archidiaconus
994 4520 1130 4589 pontificis
1148 4521 1190 4574 sui
1212 4534 1289 4588 prae·

55 4624 169 4691 ceptum
181 4624 261 4675 curat
272 4621 434 4674 festinanter
453 4621 576 4689 implere.
592 4624 622 4674 lit
642 4635 704 4675 cum
723 4624 837 4676 ltomam
858 4621 1039 4690 pervenisset,
1053 4625 1080 4674 ct
1100 4634 1130 4674 se
1148 4620 1288 4675 obtutibus
