3316 5482
382 323 446 389 130
717 341 842 392 ouran.
862 341 965 390 oooo.
984 339 1159 390 unoroon.
1182 339 1262 390 aar.

377 502 495 570 lapidem
505 506 674 559 extrahendo
687 509 774 574 majus
787 510 930 575 majusque
941 509 1064 562 foramen
1077 507 1241 571 efficeretur,
1252 505 1365 573 contigit
1373 509 1403 558 ut
1414 502 1507 558 omnis
1519 501 1609 570 paries

378 606 485 660 ruinam
498 608 600 662 iaciens
611 622 693 675 super
704 623 767 663 eum
778 610 898 664 caderet.
912 615 987 665 Tunc
999 611 1136 675 sacerdos,
1149 612 1228 677 cujus
1237 610 1361 676 jussione
1372 609 1455 661 bomo
1467 606 1528 672 lpse
1540 603 1609 657 illud

376 718 445 772 opus
457 707 606 774 inceperat,
619 710 796 763 veliementer
807 711 835 763 in
848 710 940 777 seipso
960 712 1094 775 turbatus,
1108 711 1268 765 convocavit
1289 707 1423 772 homines,
1443 705 1491 773 qui
1504 707 1610 757 tantam

378 807 478 860 molem
491 811 648 876 tantamque
661 811 819 878 congeriem
843 811 1016 864 revolverent
1027 816 1054 863 et
1066 823 1226 877 oppressum
1248 809 1299 862 sub
1312 812 1386 860 tanto
1407 804 1532 873 pondere
1553 816 1612 857 cor·

375 918 427 971 pus
435 908 619 961 extraherent.
633 910 700 961 bum
714 909 796 977 igitur
809 910 859 976 ipsi
871 911 921 963 viri
936 911 1002 964 tanti
1016 911 1105 964 acervi
1119 909 1261 963 cumulum
1282 908 1483 968 subverterent,
1502 905 1607 971 ipsum·
1625 899 1654 953 Ξ

299 1040 303 1053 .
375 1018 430 1071 que
451 1005 562 1059 tandem
576 1008 736 1061 semivivum
758 1010 786 1062 in
808 1009 944 1076 profundo
963 1009 1014 1061 sub
1036 1009 1173 1076 lapidibus
1193 1008 1355 1074 reperirent,
1375 1003 1525 1058 credentes
1546 1015 1611 1056 eum

377 1108 515 1157 mortuum
545 1106 711 1174 penitusque
733 1108 874 1174 obtritum,
894 1121 957 1161 cum
978 1121 1077 1176 magno
1096 1108 1208 1174 planctu
1229 1111 1391 1170 extraxere;
1405 1104 1510 1170 illoque
1527 1105 1611 1167 tacto,

376 1214 467 1268 neque
479 1216 575 1256 venam
588 1204 764 1271 palpitantem
784 1218 876 1271 neque
888 1204 1041 1258 anhelitum
1054 1205 1082 1256 in
1104 1217 1136 1258 eo
1149 1217 1272 1258 sensere.
1294 1202 1428 1256 Sacerdos
1447 1206 1542 1254 autem
1565 1212 1612 1252 su·

377 1302 484 1367 spirans
493 1302 619 1356 lacrimas
628 1302 770 1357 effundere
780 1317 838 1357 non
847 1304 988 1372 abstinuit,
996 1305 1132 1370 beatoque
1139 1304 1247 1358 Silvano
1257 1302 1335 1370 quasi
1347 1302 1399 1355 sub
1412 1298 1612 1366 increpationis

376 1401 468 1465 specie
480 1400 550 1455 dixit
560 1418 567 1455 ι
578 1403 600 1456 0
610 1402 697 1456 beate
704 1403 839 1467 silvane,
847 1403 933 1456 itone
944 1405 1141 1471 neptepenter
1153 1402 1327 1469 emittam,
1336 1400 1418 1468 quod
1432 1399 1490 1453 ttbt'
1501 1398 1612 1453 devote
1629 1394 1653 1448 tt

377 1499 507 1554 reddere
517 1501 740 1569 disposuimus,
761 1502 912 1570 accepisti
928 1506 965 1556 ut
985 1504 1090 1570 operto
1110 1502 1308 1569 mapiatrum,
1322 1500 1411 1566 majus
1431 1496 1560 1567 ruperto
1579 1497 1610 1551 et

375 1611 466 1666 opere
489 1602 614 1654 domum
638 1604 727 1655 tuom
749 1604 947 1656 corruentem
972 1602 1154 1656 restaurari
1178 1602 1327 1670 volebam,
1353 1603 1418 1654 tam
1436 1597 1609 1666 repentino

374 1701 473 1752 morte
479 1699 681 1766 permitteres
693 1701 889 1768 appraoarrt
902 1702 950 1753 vix
962 1702 1030 1755 baec
1040 1700 1168 1755 sacerdos
1179 1701 1263 1755 verba
1276 1699 1394 1765 finierat,
1408 1711 1471 1751 cum
1495 1697 1544 1750 ille
1561 1696 1610 1765 qui

375 1802 497 1849 mortuus
509 1797 664 1862 videbatur,
677 1798 768 1851 divina
789 1798 899 1851 fulcitus
911 1799 1066 1864 clementia,
1081 1799 1179 1866 spiritu
1198 1804 1308 1864 recepto
1328 1798 1485 1864 apertisque
1508 1795 1610 1863 oculis,

376 1908 540 1949 succensere
551 1897 641 1962 coepit
652 1897 902 1966 circumstantibus,
916 1898 990 1964 quod
1003 1911 1098 1952 eorum
1112 1897 1366 1963 importunitatibus
1378 1896 1456 1963 quasi
1476 1894 1512 1948 de
1532 1896 1611 1964 pravi
1629 1896 1653 1948 tt

376 2006 473 2047 somno
485 1994 579 2047 fuisset
592 1996 733 2049 excitatus.
752 1999 828 2049 Tunc
849 1996 888 2047 illi
911 1997 958 2063 qui
980 2002 1139 2062 praesentes
1158 1997 1273 2049 aderant
1294 2008 1431 2064 agnovere
1451 1996 1536 2048 beorn
1560 2007 1613 2061 per

377 2092 509 2145 famulum
522 2107 602 2147 suum
614 2096 753 2148 Silvanum
767 2102 870 2149 tanmm
882 2097 908 2150 ei
920 2097 1034 2165 gratiam
1050 2097 1227 2163 impendisse,
1251 2103 1278 2150 et
1297 2095 1428 2163 quicquid
1441 2107 1539 2160 passus
1550 2098 1613 2148 erat

379 2192 430 2246 sibi
444 2196 625 2246 narrantesin
643 2194 741 2248 ordine
758 2195 897 2261 dicebant,
914 2202 942 2250 et
963 2202 1046 2249 totam
1065 2198 1212 2250 maceriam
1234 2209 1316 2262 super
1336 2209 1400 2248 eum
1419 2194 1562 2257 cecidisse,
1583 2199 1612 2246 et

378 2293 469 2344 omnia
482 2294 604 2346 membra
617 2295 686 2360 ojus,
700 2297 809 2361 penitus
822 2297 969 2362 contracta,
991 2310 1040 2363 per
1059 2299 1155 2349 merita
1167 2296 1253 2348 sancti
1266 2295 1367 2348 Silvani
1380 2307 1396 2347 a
1414 2293 1529 2349 bomino
1543 2293 1610 2347 soli·

379 2391 441 2443 data
453 2404 523 2444 esse.
536 2394 612 2445 Tunc
625 2393 670 2446 ille
682 2395 783 2461 gratias
804 2407 887 2461 agens
907 2395 1100 2449 universorum
1122 2395 1247 2461 bomino,
1260 2395 1307 2461 qui
1328 2407 1392 2447 eum
1405 2406 1455 2460 per
1473 2392 1611 2446 famulum
1629 2394 1652 2447 Ι

377 2504 458 2543 suum
478 2491 617 2545 Silvanum
636 2493 754 2548 liberare
772 2496 897 2563 dignatus
917 2501 958 2548 est
975 2496 1010 2549 de
1031 2501 1107 2549 tanto
1132 2496 1265 2563 periculo,
1287 2495 1378 2547 statim
1399 2493 1534 2561 promisit,
1554 2495 1612 2547 beo

376 2590 522 2656 adjuvante
534 2598 562 2645 et
573 2593 626 2644 vita
635 2595 744 2660 comite,
758 2595 839 2662 liujus
851 2596 944 2661 templi
958 2597 1066 2649 ruinam
1079 2597 1264 2650 relevaturum
1284 2609 1314 2648 se
1336 2607 1386 2647 suo
1409 2594 1503 2646 labore
1525 2598 1612 2660 atque

376 2688 496 2754 ingenio.
508 2692 565 2754 Qua
577 2689 612 2744 de
625 2705 654 2745 rc
666 2693 804 2758 praetatus
817 2695 968 2761 presbyter,
988 2695 1034 2763 qui
1050 2696 1139 2761 primo
1160 2695 1195 2748 de
1216 2701 1271 2747 tam
1291 2694 1367 2762 gravi
1388 2698 1488 2747 eventu
1511 2692 1614 2745 anxius

376 2793 444 2853 erat,
457 2793 523 2841 tunc
535 2790 624 2855 coepit
636 2796 823 2857 competenter
837 2793 943 2859 lactari,
965 2807 997 2846 ac
1009 2794 1124 2847 calicem
1145 2808 1224 2847 suum
1243 2794 1299 2846 vini
1321 2794 1433 2860 plenum
1451 2804 1610 2857 assumens,

377 2886 448 2940 facto
458 2889 536 2956 signo
546 2889 636 2941 crucis
650 2891 674 2942 ei
688 2890 838 2945 bibendum
851 2893 959 2946 obtulit.
981 2893 1031 2956 Qui
1049 2893 1161 2946 eumad
1182 2893 1330 2946 sacerdotis
1344 2893 1498 2960 jussionem
1522 2892 1652 2944 totam!

376 2986 515 3056 ebibisset,
532 2989 621 3040 statim
634 2994 706 3043 totus
718 2991 864 3045 incolumis
878 2992 975 3057 iactus,
989 2992 1065 3046 dedit
1078 3006 1107 3046 sc
1120 2994 1148 3046 in
1162 2993 1289 3059 pedibus,
1302 2991 1482 3060 gaudensque
1493 2990 1612 3043 domum

375 3085 466 3150 rediit,
480 3088 516 3138 ita
528 3093 559 3140 ut
571 3088 670 3141 mirum
683 3089 821 3144 videretur
833 3092 1015 3146 intuentibus.
1040 3093 1129 3146 Gratia
1142 3097 1235 3145 autem
1256 3093 1362 3146 bomini
1375 3097 1404 3145 et
1416 3091 1487 3144 beati
1506 3090 1612 3143 Silvani

375 3185 566 3251 pretiosissimi
576 3189 741 3241 confessoris
755 3191 819 3243 ttaa
838 3196 926 3244 morte
950 3197 1102 3257 revocatus,
1115 3196 1208 3257 postea
1229 3191 1405 3245 devotissime
1426 3195 1555 3256 operatus
1568 3197 1614 3243 est

376 3284 405 3336 in
418 3286 468 3337 bac
479 3285 593 3338 ecclesia
606 3288 699 3340 multis
710 3290 888 3355 temporibus.

410 3385 442 3434 4.
456 3384 515 3436 llio
527 3389 618 3439 autem
632 3391 752 3453 tempore
764 3401 838 3455 aves,
851 3402 922 3456 quae
936 3403 1061 3456 passeres
1073 3392 1212 3458 dicuntur,
1226 3390 1368 3443 ecclesiam
1382 3390 1462 3442 istam
1474 3389 1606 3454 frequen·
1627 3391 1651 3440 a

376 3486 435 3535 tare
447 3483 582 3551 solebant,
596 3491 622 3538 et
634 3500 689 3539 non
703 3487 802 3552 solum,
816 3495 845 3541 ut
857 3502 938 3554 saepe
951 3489 989 3554 lit,
1003 3503 1052 3556 per
1064 3462 1199 3543 foramina
1212 3491 1345 3555 parietum
1359 3489 1530 3541 extrinsecus
1542 3486 1610 3540 voli·

377 3583 481 3645 tabant,
495 3585 542 3636 sed
555 3586 636 3637 etiam
649 3588 809 3653 frequenter
822 3590 955 3643 intrantes
968 3591 1026 3643 loca
1038 3591 1193 3644 sanctuario
1206 3589 1329 3655 proxima
1341 3586 1528 3641 sordidabant.
1542 3587 1612 3649 Qua·

377 3681 440 3734 dam
454 3696 517 3736 vero
530 3685 657 3751 die,cum
667 3687 724 3752 jam
743 3688 784 3741 sol
805 3689 963 3742 inclinasset
985 3690 1019 3743 ad
1032 3702 1169 3756 occasum,
1192 3696 1219 3742 et
1239 3688 1367 3742 sacerdos
1384 3688 1453 3739 banc
1475 3699 1510 3739 ex
1534 3699 1613 3741 more

377 3779 493 3832 intraret
501 3782 653 3847 ecclesiam,
666 3786 760 3837 boram
771 3787 956 3854 completurus
966 3801 1037 3855 quae
1049 3789 1149 3841 dicitur
1161 3787 1378 3853 completorium,
1391 3798 1455 3839 ecce
1468 3785 1544 3850 ipsae
1551 3785 1611 3851 jam

376 3878 464 3931 dictae
477 3881 599 3934 aviculae
617 3888 722 3936 tantum
736 3884 774 3936 illi
787 3885 931 3940 clamando
944 3888 1063 3940 intulere
1076 3887 1196 3940 taedium
1209 3892 1239 3939 ut
1260 3886 1340 3939 finire
1360 3898 1416 3939 non
1438 3883 1612 3950 praevaleret
1628 3887 1651 3938 ἃ

377 3976 431 4030 diei
451 3980 602 4032 servitium.
628 3984 797 4049 Quapropter
819 3985 874 4045 ille,
900 3987 1039 4053 paulisper
1059 3992 1222 4052 commotus,
1237 3984 1345 4039 tacendi
1369 3984 1521 4051 potentiam
1553 3996 1611 4037 non

377 4076 479 4142 babuit,
493 4079 552 4144 scd,
566 4081 632 4132 bora
644 4096 726 4148 quam
739 4084 898 4151 incoeperat
910 4087 1075 4150 intermissa,
1088 4086 1155 4138 dixit
1168 4103 1176 4138 .·
1197 4086 1219 4138 O
1238 4084 1325 4138 beate
1336 4083 1470 4148 silvane,
1489 4080 1519 4134 ei
1531 4083 1608 4136 tuoe

375 4179 594 4233 solertissimae
607 4183 763 4236 voluntati
774 4185 890 4253 liberet,
905 4186 1034 4252 dipnum
1047 4186 1208 4240 videretur
1227 4187 1263 4238 ut
1276 4184 1333 4238 beo
1345 4196 1426 4250 aver,
1446 4194 1529 4249 quae
1541 4184 1611 4235 tara·

375 4279 425 4329 tas
438 4276 487 4330 bic
499 4277 640 4345 fundunt
652 4282 879 4352 itnrnundr'tios,
893 4286 978 4338 intus
1000 4286 1139 4352 arreptius
1160 4286 1285 4338 intrare
1300 4281 1493 4351 prohiberes.
1513 4281 1612 4334 adhue

374 4375 421 4428 illo
435 4377 575 4445 loquente,
590 4394 652 4433 ecce
666 4389 783 4448 quatuor
795 4397 890 4438 earum
902 4392 966 4438 ante
980 4386 1064 4452 pedes
1088 4388 1147 4452 ejus
1168 4399 1223 4439 una
1236 4390 1296 4450 post
1310 4385 1391 4438 aliam
1413 4383 1548 4436 cecidere.
1562 4384 1611 4435 Sa·
1630 4383 1650 4435 lt

374 4475 472 4529 cerdos
484 4479 575 4544 igitur,
590 4480 643 4532 illis
655 4484 843 4548 apprehensis,
865 4486 964 4553 gratias
986 4485 1166 4551 omnipotenti
1185 4488 1240 4538 beo
1261 4491 1410 4551 sanctoque
1432 4483 1543 4537 silvano
1556 4495 1610 4548 pro

374 4575 433 4640 ipso
446 4577 523 4643 signo
535 4577 662 4642 reddidit,
676 4586 703 4634 et
715 4585 842 4637 extractis
854 4584 1019 4651 quibusdam
1032 4585 1132 4649 pennis
1145 4597 1251 4653 eorum,
1270 4584 1371 4651 quibus
1383 4596 1433 4650 per
1453 4594 1516 4638 aera
1530 4595 1613 4651 rege·
