<?xml version="1.0" encoding="UTF-8"?>
<!DOCTYPE html PUBLIC "-//W3C//DTD XHTML 1.0 Transitional//EN"
    "http://www.w3.org/TR/xhtml1/DTD/xhtml1-transitional.dtd">
<html xmlns="http://www.w3.org/1999/xhtml" xml:lang="en" lang="en">
 <head>
  <title>
</title>
<meta http-equiv="Content-Type" content="text/html;charset=utf-8" />
  <meta name='ocr-system' content='tesseract 3.04.00' />
  <meta name='ocr-capabilities' content='ocr_page ocr_carea ocr_par ocr_line ocrx_word'/>
</head>
<body>
  <div class='ocr_page' id='page_1' title='image "./cataloguscodicu02manugoog_0330.png"; bbox 0 0 3316 5482; ppageno 0'>
   <div class='ocr_carea' id='block_1_1' title="bbox 398 337 1303 406">
    <p class='ocr_par' dir='ltr' id='par_1_1' title="bbox 398 337 1303 406">
     <span class='ocr_line' id='line_1_1' title="bbox 398 337 1303 406; baseline 0.001 -2"><span class='ocrx_word' id='word_1_1' title='bbox 398 352 493 404; x_wconf 80' lang='lat' dir='ltr'>amr..</span> <span class='ocrx_word' id='word_1_2' title='bbox 511 353 589 406; x_wconf 91' lang='lat' dir='ltr'>oon.</span> <span class='ocrx_word' id='word_1_3' title='bbox 606 352 726 405; x_wconf 73' lang='lat' dir='ltr'>euers.</span> <span class='ocrx_word' id='word_1_4' title='bbox 743 372 789 386; x_wconf 90' lang='lat'><em>-</em></span> <span class='ocrx_word' id='word_1_5' title='bbox 804 353 883 405; x_wconf 89' lang='lat' dir='ltr'>con.</span> <span class='ocrx_word' id='word_1_6' title='bbox 902 352 978 405; x_wconf 77' lang='lat' dir='ltr'>casa.</span> <span class='ocrx_word' id='word_1_7' title='bbox 1236 337 1303 405; x_wconf 88' lang='lat'>305</span> 
     </span>
    </p>
   </div>
   <div class='ocr_carea' id='block_1_2' title="bbox 171 518 1305 748">
    <p class='ocr_par' dir='ltr' id='par_1_2' title="bbox 171 518 1305 748">
     <span class='ocr_line' id='line_1_2' title="bbox 171 518 1305 624; baseline 0.005 -28"><span class='ocrx_word' id='word_1_8' title='bbox 171 519 238 597; x_wconf 92' lang='grc'>110</span> <span class='ocrx_word' id='word_1_9' title='bbox 255 518 385 600; x_wconf 82' lang='lat' dir='ltr'><strong>Passio</strong></span> <span class='ocrx_word' id='word_1_10' title='bbox 403 520 525 600; x_wconf 89' lang='lat' dir='ltr'>sancti</span> <span class='ocrx_word' id='word_1_11' title='bbox 545 520 729 623; x_wconf 82' lang='lat' dir='ltr'>Gargonii</span> <span class='ocrx_word' id='word_1_12' title='bbox 748 521 943 624; x_wconf 84' lang='lat' dir='ltr'>martyris,</span> <span class='ocrx_word' id='word_1_13' title='bbox 964 521 1013 601; x_wconf 69' lang='lat' dir='ltr'>,o</span> <span class='ocrx_word' id='word_1_14' title='bbox 1027 520 1116 600; x_wconf 89' lang='lat' dir='ltr'>idus</span> <span class='ocrx_word' id='word_1_15' title='bbox 1133 528 1305 623; x_wconf 87' lang='lat' dir='ltr'>septem-</span> 
     </span>
     <span class='ocr_line' id='line_1_3' title="bbox 222 644 594 748; baseline 0.003 -25"><span class='ocrx_word' id='word_1_16' title='bbox 222 644 306 724; x_wconf 90' lang='lat' dir='ltr'>bris</span> <span class='ocrx_word' id='word_1_17' title='bbox 322 645 404 744; x_wconf 86' lang='lat' dir='ltr'>(iol.</span> <span class='ocrx_word' id='word_1_18' title='bbox 423 644 594 748; x_wconf 54' lang='lat' dir='ltr'>iti-iili.</span> 
     </span>
    </p>
   </div>
   <div class='ocr_carea' id='block_1_3' title="bbox 62 768 1305 939">
    <p class='ocr_par' dir='ltr' id='par_1_3' title="bbox 62 768 1305 939">
     <span class='ocr_line' id='line_1_4' title="bbox 98 768 1305 839; baseline -0.002 -15"><span class='ocrx_word' id='word_1_19' title='bbox 98 768 152 824; x_wconf 80' lang='lat' dir='ltr'>nd.</span> <span class='ocrx_word' id='word_1_20' title='bbox 162 769 243 837; x_wconf 79' lang='lat' dir='ltr'>ibid,</span> <span class='ocrx_word' id='word_1_21' title='bbox 253 771 559 838; x_wconf 58' lang='lat' dir='ltr'>pusillanimum</span> <span class='ocrx_word' id='word_1_22' title='bbox 572 775 613 825; x_wconf 88' lang='lat' dir='ltr'>est</span> <span class='ocrx_word' id='word_1_23' title='bbox 626 770 741 837; x_wconf 88' lang='lat' dir='ltr'>epistola</span> <span class='ocrx_word' id='word_1_24' title='bbox 753 769 861 825; x_wconf 84' lang='lat' dir='ltr'>llilonis</span> <span class='ocrx_word' id='word_1_25' title='bbox 873 770 1023 825; x_wconf 82' lang='lat' dir='ltr'>ltindensis</span> <span class='ocrx_word' id='word_1_26' title='bbox 1035 770 1167 839; x_wconf 81' lang='lat' dir='ltr'>episcopi,</span> <span class='ocrx_word' id='word_1_27' title='bbox 1177 768 1221 825; x_wconf 86' lang='lat' dir='ltr'>ed.</span> <span class='ocrx_word' id='word_1_28' title='bbox 1232 770 1305 837; x_wconf 90' lang='lat' dir='ltr'>apud</span> 
     </span>
     <span class='ocr_line' id='line_1_5' title="bbox 62 868 1016 939; baseline 0.001 -18"><span class='ocrx_word' id='word_1_29' title='bbox 62 868 212 936; x_wconf 74' lang='lat' dir='ltr'>itabillon,</span> <span class='ocrx_word' id='word_1_30' title='bbox 224 868 290 923; x_wconf 79' lang='lat' dir='ltr'>Act.</span> <span class='ocrx_word' id='word_1_31' title='bbox 302 868 348 923; x_wconf 73' lang='lat'>83.</span> <span class='ocrx_word' id='word_1_32' title='bbox 365 870 397 924; x_wconf 91' lang='lat' dir='ltr'>O.</span> <span class='ocrx_word' id='word_1_33' title='bbox 409 869 438 923; x_wconf 81' lang='lat' dir='ltr'>S.</span> <span class='ocrx_word' id='word_1_34' title='bbox 451 870 498 937; x_wconf 88' lang='grc' dir='ltr'>Β.,</span> <span class='ocrx_word' id='word_1_35' title='bbox 512 882 584 923; x_wconf 88' lang='lat' dir='ltr'>saec.</span> <span class='ocrx_word' id='word_1_36' title='bbox 598 872 644 938; x_wconf 91' lang='lat' dir='ltr'>lli,</span> <span class='ocrx_word' id='word_1_37' title='bbox 659 877 729 938; x_wconf 90' lang='lat' dir='ltr'>part.</span> <span class='ocrx_word' id='word_1_38' title='bbox 743 883 771 939; x_wconf 91' lang='lat' dir='ltr'>n,</span> <span class='ocrx_word' id='word_1_39' title='bbox 786 887 812 939; x_wconf 92' lang='lat' dir='ltr'>p.</span> <span class='ocrx_word' id='word_1_40' title='bbox 827 873 886 939; x_wconf 78' lang='lat' dir='ltr'>iol,</span> <span class='ocrx_word' id='word_1_41' title='bbox 900 885 977 925; x_wconf 89' lang='lat' dir='ltr'>num.</span> <span class='ocrx_word' id='word_1_42' title='bbox 990 874 1016 925; x_wconf 76' lang='lat'>3.</span> 
     </span>
    </p>
   </div>
   <div class='ocr_carea' id='block_1_4' title="bbox 173 957 1305 1188">
    <p class='ocr_par' dir='ltr' id='par_1_4' title="bbox 173 957 1305 1188">
     <span class='ocr_line' id='line_1_6' title="bbox 173 957 1305 1064; baseline 0.003 -28"><span class='ocrx_word' id='word_1_43' title='bbox 173 957 236 1036; x_wconf 76' lang='grc'>110</span> <span class='ocrx_word' id='word_1_44' title='bbox 253 959 337 1038; x_wconf 90' lang='lat' dir='ltr'>Vita</span> <span class='ocrx_word' id='word_1_45' title='bbox 366 958 471 1040; x_wconf 90' lang='lat' dir='ltr'>beati</span> <span class='ocrx_word' id='word_1_46' title='bbox 489 959 657 1039; x_wconf 87' lang='lat' dir='ltr'>Manrilii</span> <span class='ocrx_word' id='word_1_47' title='bbox 683 961 971 1063; x_wconf 70' lang='lat' dir='ltr'>andegavensis</span> <span class='ocrx_word' id='word_1_48' title='bbox 1004 961 1193 1064; x_wconf 84' lang='lat' dir='ltr'>episcopi,</span> <span class='ocrx_word' id='word_1_49' title='bbox 1214 960 1305 1039; x_wconf 89' lang='lat' dir='ltr'>idus</span> 
     </span>
     <span class='ocr_line' id='line_1_7' title="bbox 222 1082 766 1188; baseline 0.002 -25"><span class='ocrx_word' id='word_1_50' title='bbox 222 1083 459 1186; x_wconf 86' lang='lat' dir='ltr'>septembris</span> <span class='ocrx_word' id='word_1_51' title='bbox 475 1082 553 1185; x_wconf 82' lang='lat' dir='ltr'>(iol.</span> <span class='ocrx_word' id='word_1_52' title='bbox 574 1083 766 1188; x_wconf 59' lang='lat' dir='ltr'>ibiibi*</span> 
     </span>
    </p>
   </div>
   <div class='ocr_carea' id='block_1_5' title="bbox 66 1208 1309 1379">
    <p class='ocr_par' dir='ltr' id='par_1_5' title="bbox 66 1208 1309 1379">
     <span class='ocr_line' id='line_1_8' title="bbox 103 1208 1309 1279; baseline -0.002 -16"><span class='ocrx_word' id='word_1_53' title='bbox 103 1208 350 1278; x_wconf 70' lang='lat' dir='ltr'>Desuntprologus</span> <span class='ocrx_word' id='word_1_54' title='bbox 369 1209 492 1278; x_wconf 74' lang='lat' dir='ltr'>Gregorii</span> <span class='ocrx_word' id='word_1_55' title='bbox 515 1211 694 1278; x_wconf 80' lang='lat' dir='ltr'>Turonensis,</span> <span class='ocrx_word' id='word_1_56' title='bbox 708 1210 793 1265; x_wconf 87' lang='lat' dir='ltr'>index</span> <span class='ocrx_word' id='word_1_57' title='bbox 813 1211 997 1279; x_wconf 91' lang='lat' dir='ltr'>capitulorum</span> <span class='ocrx_word' id='word_1_58' title='bbox 1017 1215 1046 1264; x_wconf 89' lang='lat' dir='ltr'>et</span> <span class='ocrx_word' id='word_1_59' title='bbox 1068 1222 1139 1277; x_wconf 86' lang='lat' dir='ltr'>quae</span> <span class='ocrx_word' id='word_1_60' title='bbox 1152 1211 1309 1276; x_wconf 83' lang='lat' dir='ltr'>sequnntur</span> 
     </span>
     <span class='ocr_line' id='line_1_9' title="bbox 66 1311 264 1379; baseline -0.015 -13"><span class='ocrx_word' id='word_1_61' title='bbox 66 1314 137 1379; x_wconf 90' lang='lat' dir='ltr'>post</span> <span class='ocrx_word' id='word_1_62' title='bbox 148 1322 208 1378; x_wconf 89' lang='lat' dir='ltr'>cap.</span> <span class='ocrx_word' id='word_1_63' title='bbox 222 1311 264 1364; x_wconf 82' lang='lat' dir='ltr'>tc.</span> 
     </span>
    </p>
   </div>
   <div class='ocr_carea' id='block_1_6' title="bbox 174 1400 1308 1504">
    <p class='ocr_par' dir='ltr' id='par_1_6' title="bbox 174 1400 1308 1504">
     <span class='ocr_line' id='line_1_10' title="bbox 174 1400 1308 1504; baseline 0.003 -27"><span class='ocrx_word' id='word_1_64' title='bbox 174 1400 236 1480; x_wconf 84' lang='grc'>130</span> <span class='ocrx_word' id='word_1_65' title='bbox 252 1401 337 1481; x_wconf 89' lang='lat' dir='ltr'>Vita</span> <span class='ocrx_word' id='word_1_66' title='bbox 354 1401 476 1480; x_wconf 89' lang='lat' dir='ltr'>sancti</span> <span class='ocrx_word' id='word_1_67' title='bbox 494 1402 621 1482; x_wconf 76' lang='lat' dir='ltr'>rimati</span> <span class='ocrx_word' id='word_1_68' title='bbox 655 1402 824 1502; x_wconf 90' lang='lat' dir='ltr'>abbatis,</span> <span class='ocrx_word' id='word_1_69' title='bbox 844 1403 940 1484; x_wconf 89' lang='lat' dir='ltr'>item</span> <span class='ocrx_word' id='word_1_70' title='bbox 957 1403 1048 1483; x_wconf 90' lang='lat' dir='ltr'>idus</span> <span class='ocrx_word' id='word_1_71' title='bbox 1073 1400 1308 1504; x_wconf 83' lang='lat' dir='ltr'>septembris</span> 
     </span>
    </p>
   </div>
   <div class='ocr_carea' id='block_1_7' title="bbox 102 1524 820 1719">
    <p class='ocr_par' dir='ltr' id='par_1_7' title="bbox 102 1524 820 1719">
     <span class='ocr_line' id='line_1_11' title="bbox 222 1524 491 1628; baseline 0.015 -26"><span class='ocrx_word' id='word_1_72' title='bbox 222 1526 300 1628; x_wconf 81' lang='lat' dir='ltr'>(fol.</span> <span class='ocrx_word' id='word_1_73' title='bbox 320 1524 491 1627; x_wconf 71' lang='grc'><strong>190-310).</strong></span> 
     </span>
     <span class='ocr_line' id='line_1_12' title="bbox 102 1650 820 1719; baseline 0 -14"><span class='ocrx_word' id='word_1_74' title='bbox 102 1650 156 1705; x_wconf 77' lang='lat' dir='ltr'>lid.</span> <span class='ocrx_word' id='word_1_75' title='bbox 169 1652 233 1706; x_wconf 78' lang='lat' dir='ltr'>Act.</span> <span class='ocrx_word' id='word_1_76' title='bbox 246 1651 303 1719; x_wconf 65' lang='grc' dir='ltr'>ις’-1.,</span> <span class='ocrx_word' id='word_1_77' title='bbox 317 1651 352 1706; x_wconf 86' lang='lat' dir='ltr'>ad</span> <span class='ocrx_word' id='word_1_78' title='bbox 365 1652 392 1705; x_wconf 86' lang='lat' dir='ltr'>d.</span> <span class='ocrx_word' id='word_1_79' title='bbox 407 1654 439 1706; x_wconf 74' lang='lat' dir='ltr'>ia</span> <span class='ocrx_word' id='word_1_80' title='bbox 451 1653 538 1719; x_wconf 83' lang='lat' dir='ltr'>Sept,</span> <span class='ocrx_word' id='word_1_81' title='bbox 553 1656 620 1706; x_wconf 90' lang='lat' dir='ltr'>tom.</span> <span class='ocrx_word' id='word_1_82' title='bbox 634 1653 675 1717; x_wconf 86' lang='lat' dir='ltr'>lv,</span> <span class='ocrx_word' id='word_1_83' title='bbox 692 1665 718 1718; x_wconf 88' lang='lat' dir='ltr'>p.</span> <span class='ocrx_word' id='word_1_84' title='bbox 733 1653 820 1706; x_wconf 73' lang='lat' dir='ltr'>loa-7.</span> 
     </span>
    </p>
   </div>
   <div class='ocr_carea' id='block_1_8' title="bbox 106 1739 1370 2652">
    <p class='ocr_par' dir='ltr' id='par_1_8' title="bbox 106 1739 1370 2652">
     <span class='ocr_line' id='line_1_13' title="bbox 174 1739 1307 1822; baseline 0.003 -5"><span class='ocrx_word' id='word_1_85' title='bbox 174 1741 238 1817; x_wconf 83' lang='grc'>110</span> <span class='ocrx_word' id='word_1_86' title='bbox 267 1739 460 1822; x_wconf 85' lang='lat' dir='ltr'>ilistorica</span> <span class='ocrx_word' id='word_1_87' title='bbox 490 1741 627 1822; x_wconf 90' lang='lat' dir='ltr'>relatio</span> <span class='ocrx_word' id='word_1_88' title='bbox 658 1741 708 1821; x_wconf 92' lang='lat' dir='ltr'>de</span> <span class='ocrx_word' id='word_1_89' title='bbox 741 1740 973 1821; x_wconf 82' lang='lat' dir='ltr'>exaltatione</span> <span class='ocrx_word' id='word_1_90' title='bbox 998 1749 1153 1821; x_wconf 90' lang='lat' dir='ltr'>sanctae</span> <span class='ocrx_word' id='word_1_91' title='bbox 1179 1741 1307 1820; x_wconf 88' lang='lat' dir='ltr'>crucis</span> 
     </span>
     <span class='ocr_line' id='line_1_14' title="bbox 223 1865 519 1970; baseline 0.01 -28"><span class='ocrx_word' id='word_1_92' title='bbox 223 1865 302 1968; x_wconf 81' lang='lat' dir='ltr'>(fol.</span> <span class='ocrx_word' id='word_1_93' title='bbox 319 1867 519 1970; x_wconf 58' lang='grc'><strong>31041101*</strong></span> 
     </span>
     <span class='ocr_line' id='line_1_15' title="bbox 177 1990 1370 2089; baseline 0.003 -21"><span class='ocrx_word' id='word_1_94' title='bbox 177 1992 241 2070; x_wconf 80' lang='grc'>150</span> <span class='ocrx_word' id='word_1_95' title='bbox 257 1993 312 2071; x_wconf 88' lang='lat' dir='ltr'>De</span> <span class='ocrx_word' id='word_1_96' title='bbox 330 1992 531 2071; x_wconf 87' lang='lat' dir='ltr'>miraculis</span> <span class='ocrx_word' id='word_1_97' title='bbox 545 1990 670 2070; x_wconf 90' lang='lat' dir='ltr'>iconis</span> <span class='ocrx_word' id='word_1_98' title='bbox 684 1991 698 2026; x_wconf 86' lang='lat'>*</span> <span class='ocrx_word' id='word_1_99' title='bbox 712 1990 883 2089; x_wconf 87' lang='lat' dir='ltr'>Domini,</span> <span class='ocrx_word' id='word_1_100' title='bbox 897 1991 992 2070; x_wconf 90' lang='lat' dir='ltr'>item</span> <span class='ocrx_word' id='word_1_101' title='bbox 1009 2015 1102 2069; x_wconf 88' lang='lat' dir='ltr'>xvm</span> <span class='ocrx_word' id='word_1_102' title='bbox 1120 1991 1305 2072; x_wconf 84' lang='lat' dir='ltr'>kalendas</span> <span class='ocrx_word' id='word_1_103' title='bbox 1361 2030 1370 2050; x_wconf 91' lang='lat'><strong>·</strong></span> 
     </span>
     <span class='ocr_line' id='line_1_16' title="bbox 226 2114 681 2216; baseline -0.013 -19"><span class='ocrx_word' id='word_1_104' title='bbox 226 2116 400 2198; x_wconf 86' lang='lat' dir='ltr'>octobris</span> <span class='ocrx_word' id='word_1_105' title='bbox 418 2116 498 2214; x_wconf 77' lang='lat' dir='ltr'>(fol.</span> <span class='ocrx_word' id='word_1_106' title='bbox 513 2114 681 2216; x_wconf 61' lang='lat' dir='ltr'>‘iii-34¹).</span> 
     </span>
     <span class='ocr_line' id='line_1_17' title="bbox 106 2242 1059 2322; baseline -0.001 -24"><span class='ocrx_word' id='word_1_107' title='bbox 106 2243 194 2298; x_wconf 83' lang='lat' dir='ltr'>Panlo</span> <span class='ocrx_word' id='word_1_108' title='bbox 206 2243 373 2298; x_wconf 86' lang='lat' dir='ltr'>contractior</span> <span class='ocrx_word' id='word_1_109' title='bbox 383 2243 542 2297; x_wconf 81' lang='lat' dir='ltr'>narratione</span> <span class='ocrx_word' id='word_1_110' title='bbox 555 2242 601 2297; x_wconf 88' lang='lat' dir='ltr'>ed.</span> <span class='ocrx_word' id='word_1_111' title='bbox 615 2245 644 2296; x_wconf 82' lang='lat' dir='ltr'>P.</span> <span class='ocrx_word' id='word_1_112' title='bbox 657 2244 701 2308; x_wconf 77' lang='lat' dir='ltr'>G,</span> <span class='ocrx_word' id='word_1_113' title='bbox 713 2247 781 2296; x_wconf 90' lang='lat' dir='ltr'>tom.</span> <span class='ocrx_word' id='word_1_114' title='bbox 795 2243 905 2322; x_wconf 75' lang='lat' dir='ltr'>xxviii,</span> <span class='ocrx_word' id='word_1_115' title='bbox 915 2257 943 2310; x_wconf 87' lang='lat' dir='ltr'>p.</span> <span class='ocrx_word' id='word_1_116' title='bbox 956 2244 1059 2297; x_wconf 74' lang='lat' dir='ltr'>tili-20.</span> 
     </span>
     <span class='ocr_line' id='line_1_18' title="bbox 176 2330 1310 2436; baseline 0.003 -28"><span class='ocrx_word' id='word_1_117' title='bbox 176 2330 241 2409; x_wconf 89' lang='grc'>160</span> <span class='ocrx_word' id='word_1_118' title='bbox 257 2332 389 2412; x_wconf 88' lang='lat' dir='ltr'>Passio</span> <span class='ocrx_word' id='word_1_119' title='bbox 416 2333 539 2412; x_wconf 90' lang='lat' dir='ltr'>sancti</span> <span class='ocrx_word' id='word_1_120' title='bbox 566 2331 735 2412; x_wconf 87' lang='lat' dir='ltr'>Cornelii</span> <span class='ocrx_word' id='word_1_121' title='bbox 763 2355 887 2436; x_wconf 92' lang='lat' dir='ltr'>papae</span> <span class='ocrx_word' id='word_1_122' title='bbox 914 2340 952 2413; x_wconf 88' lang='lat' dir='ltr'>et</span> <span class='ocrx_word' id='word_1_123' title='bbox 974 2334 1155 2436; x_wconf 84' lang='lat' dir='ltr'>martyris</span> <span class='ocrx_word' id='word_1_124' title='bbox 1184 2334 1310 2414; x_wconf 90' lang='lat' dir='ltr'>socio-</span> 
     </span>
     <span class='ocr_line' id='line_1_19' title="bbox 227 2458 803 2560; baseline -0.002 -23"><span class='ocrx_word' id='word_1_125' title='bbox 227 2481 396 2560; x_wconf 88' lang='lat' dir='ltr'>rumque</span> <span class='ocrx_word' id='word_1_126' title='bbox 413 2460 497 2559; x_wconf 89' lang='lat' dir='ltr'>ejus</span> <span class='ocrx_word' id='word_1_127' title='bbox 515 2458 594 2553; x_wconf 80' lang='lat' dir='ltr'>tfol.</span> <span class='ocrx_word' id='word_1_128' title='bbox 616 2458 803 2560; x_wconf 57' lang='grc'>3103501*</span> 
     </span>
     <span class='ocr_line' id='line_1_20' title="bbox 111 2581 652 2652; baseline 0 -15"><span class='ocrx_word' id='word_1_129' title='bbox 111 2581 236 2637; x_wconf 81' lang='lat' dir='ltr'>Praeflxa</span> <span class='ocrx_word' id='word_1_130' title='bbox 248 2589 288 2637; x_wconf 85' lang='lat' dir='ltr'>est</span> <span class='ocrx_word' id='word_1_131' title='bbox 300 2582 408 2652; x_wconf 77' lang='lat' dir='ltr'>longior</span> <span class='ocrx_word' id='word_1_132' title='bbox 420 2584 488 2638; x_wconf 85' lang='lat' dir='ltr'>baec</span> <span class='ocrx_word' id='word_1_133' title='bbox 499 2583 631 2650; x_wconf 80' lang='lat' dir='ltr'>praefatio</span> <span class='ocrx_word' id='word_1_134' title='bbox 644 2597 652 2637; x_wconf 82' lang='lat' dir='ltr'>s</span> 
     </span>
    </p>
   </div>
   <div class='ocr_carea' id='block_1_9' title="bbox 77 2683 1312 2843">
    <p class='ocr_par' dir='ltr' id='par_1_9' title="bbox 77 2683 1312 2843">
     <span class='ocr_line' id='line_1_21' title="bbox 115 2683 1312 2752; baseline 0 -14"><span class='ocrx_word' id='word_1_135' title='bbox 115 2683 192 2738; x_wconf 74' lang='lat' dir='ltr'>Cum</span> <span class='ocrx_word' id='word_1_136' title='bbox 198 2685 272 2752; x_wconf 83' lang='lat' dir='ltr'>post</span> <span class='ocrx_word' id='word_1_137' title='bbox 281 2683 450 2738; x_wconf 71' lang='lat' dir='ltr'>adrerum</span> <span class='ocrx_word' id='word_1_138' title='bbox 461 2684 636 2738; x_wconf 82' lang='lat' dir='ltr'>dominicae</span> <span class='ocrx_word' id='word_1_139' title='bbox 648 2683 879 2738; x_wconf 78' lang='lat' dir='ltr'>incarnationis</span> <span class='ocrx_word' id='word_1_140' title='bbox 890 2683 968 2752; x_wconf 79' lang='lat' dir='ltr'>fides</span> <span class='ocrx_word' id='word_1_141' title='bbox 984 2683 1177 2738; x_wconf 79' lang='lat' dir='ltr'>christianae</span> <span class='ocrx_word' id='word_1_142' title='bbox 1191 2684 1312 2752; x_wconf 80' lang='lat' dir='ltr'>retipio·</span> 
     </span>
     <span class='ocr_line' id='line_1_22' title="bbox 77 2773 1312 2843; baseline 0 -16"><span class='ocrx_word' id='word_1_143' title='bbox 77 2774 132 2827; x_wconf 60' lang='lat' dir='ltr'>urs</span> <span class='ocrx_word' id='word_1_144' title='bbox 140 2775 354 2841; x_wconf 84' lang='lat' dir='ltr'>apostotorum</span> <span class='ocrx_word' id='word_1_145' title='bbox 365 2775 558 2829; x_wconf 81' lang='lat' dir='ltr'>documentis</span> <span class='ocrx_word' id='word_1_146' title='bbox 575 2787 847 2843; x_wconf 78' lang='lat' dir='ltr'>successorumque</span> <span class='ocrx_word' id='word_1_147' title='bbox 859 2774 1149 2842; x_wconf 77' lang='lat' dir='ltr'>praedicationibus</span> <span class='ocrx_word' id='word_1_148' title='bbox 1167 2773 1312 2827; x_wconf 86' lang='lat' dir='ltr'>universo</span> 
     </span>
    </p>
   </div>
   <div class='ocr_carea' id='block_1_10' title="bbox 77 2853 1315 3239">
    <p class='ocr_par' dir='ltr' id='par_1_10' title="bbox 77 2853 1315 3239">
     <span class='ocr_line' id='line_1_23' title="bbox 77 2853 1311 2942; baseline -0.001 -17"><span class='ocrx_word' id='word_1_149' title='bbox 77 2871 199 2927; x_wconf 89' lang='lat' dir='ltr'>mundo</span> <span class='ocrx_word' id='word_1_150' title='bbox 209 2871 422 2940; x_wconf 82' lang='lat' dir='ltr'>resplenderet</span> <span class='ocrx_word' id='word_1_151' title='bbox 428 2874 460 2926; x_wconf 91' lang='lat' dir='ltr'>et</span> <span class='ocrx_word' id='word_1_152' title='bbox 467 2872 749 2927; x_wconf 84' lang='lat' dir='ltr'>innumerabilium</span> <span class='ocrx_word' id='word_1_153' title='bbox 758 2875 876 2942; x_wconf 65' lang='lat' dir='ltr'>coquet</span> <span class='ocrx_word' id='word_1_154' title='bbox 883 2873 1118 2927; x_wconf 85' lang='lat' dir='ltr'>multitudinem</span> <span class='ocrx_word' id='word_1_155' title='bbox 1118 2853 1311 2940; x_wconf 83' lang='lat' dir='ltr'>populorum</span> 
     </span>
     <span class='ocr_line' id='line_1_24' title="bbox 80 2969 1311 3040; baseline -0.002 -14"><span class='ocrx_word' id='word_1_156' title='bbox 80 2972 125 3026; x_wconf 84' lang='lat' dir='ltr'>ad</span> <span class='ocrx_word' id='word_1_157' title='bbox 136 2969 254 3040; x_wconf 68' lang='lat' dir='ltr'>forden</span> <span class='ocrx_word' id='word_1_158' title='bbox 266 2969 456 3040; x_wconf 77' lang='lat' dir='ltr'>salutiferae</span> <span class='ocrx_word' id='word_1_159' title='bbox 465 2973 739 3028; x_wconf 84' lang='lat' dir='ltr'>resurrectionis...</span> <span class='ocrx_word' id='word_1_160' title='bbox 752 2976 822 3028; x_wconf 88' lang='lat' dir='ltr'>orta</span> <span class='ocrx_word' id='word_1_161' title='bbox 834 2976 880 3028; x_wconf 87' lang='lat' dir='ltr'>est</span> <span class='ocrx_word' id='word_1_162' title='bbox 895 2973 1039 3027; x_wconf 82' lang='lat' dir='ltr'>umaima</span> <span class='ocrx_word' id='word_1_163' title='bbox 1046 2971 1221 3040; x_wconf 85' lang='lat' dir='ltr'>persecutio</span> <span class='ocrx_word' id='word_1_164' title='bbox 1231 2969 1311 3026; x_wconf 81' lang='lat' dir='ltr'>chri·</span> 
     </span>
     <span class='ocr_line' id='line_1_25' title="bbox 79 3071 1313 3140; baseline -0.002 -15"><span class='ocrx_word' id='word_1_165' title='bbox 79 3071 267 3138; x_wconf 73' lang='lat' dir='ltr'>stiamm,</span> <span class='ocrx_word' id='word_1_166' title='bbox 281 3082 363 3138; x_wconf 77' lang='lat' dir='ltr'>quae</span> <span class='ocrx_word' id='word_1_167' title='bbox 369 3082 430 3138; x_wconf 91' lang='lat' dir='ltr'>per</span> <span class='ocrx_word' id='word_1_168' title='bbox 440 3071 639 3126; x_wconf 71' lang='lat' dir='ltr'>succedentia</span> <span class='ocrx_word' id='word_1_169' title='bbox 651 3073 791 3140; x_wconf 84' lang='lat' dir='ltr'>tempora</span> <span class='ocrx_word' id='word_1_170' title='bbox 806 3071 863 3125; x_wconf 79' lang='lat' dir='ltr'>sub</span> <span class='ocrx_word' id='word_1_171' title='bbox 877 3072 967 3126; x_wconf 85' lang='lat' dir='ltr'>Decio</span> <span class='ocrx_word' id='word_1_172' title='bbox 983 3071 1113 3126; x_wconf 72' lang='lat' dir='ltr'>Casama</span> <span class='ocrx_word' id='word_1_173' title='bbox 1129 3083 1192 3125; x_wconf 89' lang='lat' dir='ltr'>non</span> <span class='ocrx_word' id='word_1_174' title='bbox 1207 3082 1313 3137; x_wconf 88' lang='lat' dir='ltr'>parva</span> 
     </span>
     <span class='ocr_line' id='line_1_26' title="bbox 81 3169 1315 3239; baseline 0 -15"><span class='ocrx_word' id='word_1_175' title='bbox 81 3170 179 3225; x_wconf 83' lang='lat' dir='ltr'>iliata</span> <span class='ocrx_word' id='word_1_176' title='bbox 190 3173 237 3226; x_wconf 87' lang='lat' dir='ltr'>est</span> <span class='ocrx_word' id='word_1_177' title='bbox 251 3169 366 3225; x_wconf 75' lang='lat' dir='ltr'>Curiati</span> <span class='ocrx_word' id='word_1_178' title='bbox 376 3170 498 3224; x_wconf 76' lang='lat' dir='ltr'>reamini</span> <span class='ocrx_word' id='word_1_179' title='bbox 509 3170 771 3239; x_wconf 73' lang='lat' dir='ltr'>confitentibus...</span> <span class='ocrx_word' id='word_1_180' title='bbox 784 3171 884 3238; x_wconf 77' lang='lat' dir='ltr'>Enim</span> <span class='ocrx_word' id='word_1_181' title='bbox 895 3171 992 3239; x_wconf 79' lang='lat' dir='ltr'>ipitur</span> <span class='ocrx_word' id='word_1_182' title='bbox 1005 3170 1193 3239; x_wconf 72' lang='lat' dir='ltr'>temporibus</span> <span class='ocrx_word' id='word_1_183' title='bbox 1209 3170 1315 3224; x_wconf 80' lang='lat' dir='ltr'>eutitii</span> 
     </span>
    </p>
   </div>
   <div class='ocr_carea' id='block_1_11' title="bbox 78 3268 1319 4331">
    <p class='ocr_par' dir='ltr' id='par_1_11' title="bbox 78 3268 1319 4331">
     <span class='ocr_line' id='line_1_27' title="bbox 86 3268 1316 3338; baseline -0.001 -14"><span class='ocrx_word' id='word_1_184' title='bbox 86 3268 256 3338; x_wconf 71' lang='lat' dir='ltr'>correctius,</span> <span class='ocrx_word' id='word_1_185' title='bbox 270 3269 320 3322; x_wconf 85' lang='lat' dir='ltr'>uir</span> <span class='ocrx_word' id='word_1_186' title='bbox 339 3281 480 3322; x_wconf 90' lang='lat' dir='ltr'>summae</span> <span class='ocrx_word' id='word_1_187' title='bbox 499 3269 689 3336; x_wconf 86' lang='lat' dir='ltr'>sanctitatis,</span> <span class='ocrx_word' id='word_1_188' title='bbox 704 3272 806 3324; x_wconf 89' lang='lat' dir='ltr'>rector</span> <span class='ocrx_word' id='word_1_189' title='bbox 824 3270 984 3325; x_wconf 85' lang='lat' dir='ltr'>Romanae</span> <span class='ocrx_word' id='word_1_190' title='bbox 1002 3269 1085 3323; x_wconf 88' lang='lat' dir='ltr'>sedis</span> <span class='ocrx_word' id='word_1_191' title='bbox 1098 3272 1171 3337; x_wconf 91' lang='lat' dir='ltr'>post</span> <span class='ocrx_word' id='word_1_192' title='bbox 1191 3269 1316 3323; x_wconf 87' lang='lat' dir='ltr'>beatum</span> 
     </span>
     <span class='ocr_line' id='line_1_28' title="bbox 81 3366 1314 3436; baseline -0.001 -15"><span class='ocrx_word' id='word_1_193' title='bbox 81 3367 213 3422; x_wconf 87' lang='lat' dir='ltr'>Petrum</span> <span class='ocrx_word' id='word_1_194' title='bbox 221 3367 397 3435; x_wconf 84' lang='lat' dir='ltr'>apostolum</span> <span class='ocrx_word' id='word_1_195' title='bbox 404 3366 579 3435; x_wconf 83' lang='lat' dir='ltr'>vicesimus,</span> <span class='ocrx_word' id='word_1_196' title='bbox 587 3366 644 3435; x_wconf 81' lang='lat' dir='ltr'>qui</span> <span class='ocrx_word' id='word_1_197' title='bbox 651 3366 938 3422; x_wconf 86' lang='lat' dir='ltr'>successeratbeato</span> <span class='ocrx_word' id='word_1_198' title='bbox 945 3366 1084 3421; x_wconf 76' lang='lat' dir='ltr'>Fabiano</span> <span class='ocrx_word' id='word_1_199' title='bbox 1089 3367 1244 3436; x_wconf 74' lang='lat' dir='ltr'>pontiflci,</span> <span class='ocrx_word' id='word_1_200' title='bbox 1254 3366 1314 3433; x_wconf 87' lang='lat' dir='ltr'>uir,</span> 
     </span>
     <span class='ocr_line' id='line_1_29' title="bbox 82 3464 1316 3535; baseline -0.002 -15"><span class='ocrx_word' id='word_1_201' title='bbox 82 3468 119 3520; x_wconf 89' lang='lat' dir='ltr'>ut</span> <span class='ocrx_word' id='word_1_202' title='bbox 122 3464 311 3535; x_wconf 76' lang='lat' dir='ltr'>praefatum</span> <span class='ocrx_word' id='word_1_203' title='bbox 321 3469 376 3533; x_wconf 84' lang='lat' dir='ltr'>est,</span> <span class='ocrx_word' id='word_1_204' title='bbox 388 3466 475 3521; x_wconf 89' lang='lat' dir='ltr'>omni</span> <span class='ocrx_word' id='word_1_205' title='bbox 483 3466 600 3521; x_wconf 85' lang='lat' dir='ltr'>virtute</span> <span class='ocrx_word' id='word_1_206' title='bbox 612 3466 745 3535; x_wconf 79' lang='lat' dir='ltr'>insipnis</span> <span class='ocrx_word' id='word_1_207' title='bbox 754 3468 783 3520; x_wconf 88' lang='lat' dir='ltr'>et</span> <span class='ocrx_word' id='word_1_208' title='bbox 793 3465 889 3521; x_wconf 81' lang='lat' dir='ltr'>laude</span> <span class='ocrx_word' id='word_1_209' title='bbox 897 3466 1110 3535; x_wconf 66' lang='lat' dir='ltr'>alienissimus,</span> <span class='ocrx_word' id='word_1_210' title='bbox 1119 3466 1154 3520; x_wconf 90' lang='lat' dir='ltr'>in</span> <span class='ocrx_word' id='word_1_211' title='bbox 1162 3468 1316 3534; x_wconf 81' lang='lat' dir='ltr'>quantum</span> 
     </span>
     <span class='ocr_line' id='line_1_30' title="bbox 80 3564 1316 3645; baseline -0.001 -25"><span class='ocrx_word' id='word_1_212' title='bbox 80 3566 186 3645; x_wconf 65' lang='lat' dir='ltr'>pieria</span> <span class='ocrx_word' id='word_1_213' title='bbox 198 3565 351 3633; x_wconf 76' lang='lat' dir='ltr'>urbiimis,</span> <span class='ocrx_word' id='word_1_214' title='bbox 365 3565 399 3619; x_wconf 90' lang='lat' dir='ltr'>in</span> <span class='ocrx_word' id='word_1_215' title='bbox 411 3568 535 3620; x_wconf 88' lang='lat' dir='ltr'>tantum</span> <span class='ocrx_word' id='word_1_216' title='bbox 556 3566 746 3621; x_wconf 85' lang='lat' dir='ltr'>uerecundia</span> <span class='ocrx_word' id='word_1_217' title='bbox 758 3564 897 3632; x_wconf 77' lang='lat' dir='ltr'>humitis,</span> <span class='ocrx_word' id='word_1_218' title='bbox 910 3568 1064 3633; x_wconf 81' lang='lat' dir='ltr'>qnantum</span> <span class='ocrx_word' id='word_1_219' title='bbox 1081 3565 1191 3619; x_wconf 88' lang='lat' dir='ltr'>divina</span> <span class='ocrx_word' id='word_1_220' title='bbox 1207 3565 1316 3633; x_wconf 81' lang='lat' dir='ltr'>dipna·</span> 
     </span>
     <span class='ocr_line' id='line_1_31' title="bbox 84 3664 1316 3735; baseline -0.001 -15"><span class='ocrx_word' id='word_1_221' title='bbox 84 3664 170 3719; x_wconf 83' lang='lat' dir='ltr'>tt&#39;one</span> <span class='ocrx_word' id='word_1_222' title='bbox 176 3667 349 3735; x_wconf 87' lang='lat' dir='ltr'>proruotus,</span> <span class='ocrx_word' id='word_1_223' title='bbox 363 3667 487 3719; x_wconf 90' lang='lat' dir='ltr'>tantum</span> <span class='ocrx_word' id='word_1_224' title='bbox 499 3678 559 3720; x_wconf 88' lang='lat' dir='ltr'>sua</span> <span class='ocrx_word' id='word_1_225' title='bbox 580 3666 814 3734; x_wconf 79' lang='lat' dir='ltr'>tranquillitate</span> <span class='ocrx_word' id='word_1_226' title='bbox 833 3665 1014 3730; x_wconf 72' lang='lat' dir='ltr'>submissus,</span> <span class='ocrx_word' id='word_1_227' title='bbox 1028 3665 1181 3719; x_wconf 87' lang='lat' dir='ltr'>uirtutum</span> <span class='ocrx_word' id='word_1_228' title='bbox 1188 3665 1316 3733; x_wconf 85' lang='lat' dir='ltr'>pariter</span> 
     </span>
     <span class='ocr_line' id='line_1_32' title="bbox 83 3762 1315 3831; baseline -0.001 -14"><span class='ocrx_word' id='word_1_229' title='bbox 83 3763 251 3817; x_wconf 77' lang='lat' dir='ltr'>elmerum</span> <span class='ocrx_word' id='word_1_230' title='bbox 269 3762 410 3818; x_wconf 67' lang='lat' dir='ltr'>amadus</span> <span class='ocrx_word' id='word_1_231' title='bbox 430 3765 576 3831; x_wconf 83' lang='lat' dir='ltr'>euempio</span> <span class='ocrx_word' id='word_1_232' title='bbox 591 3763 777 3830; x_wconf 87' lang='lat' dir='ltr'>praebens...</span> <span class='ocrx_word' id='word_1_233' title='bbox 791 3763 882 3829; x_wconf 72' lang='lat' dir='ltr'>emus</span> <span class='ocrx_word' id='word_1_234' title='bbox 902 3765 985 3817; x_wconf 85' lang='lat' dir='ltr'>secta</span> <span class='ocrx_word' id='word_1_235' title='bbox 1006 3765 1037 3816; x_wconf 91' lang='lat' dir='ltr'>et</span> <span class='ocrx_word' id='word_1_236' title='bbox 1058 3763 1251 3818; x_wconf 69' lang='lat' dir='ltr'>concuretio</span> <span class='ocrx_word' id='word_1_237' title='bbox 1269 3762 1315 3816; x_wconf 90' lang='lat' dir='ltr'>sie</span> 
     </span>
     <span class='ocr_line' id='line_1_33' title="bbox 78 3859 1318 3932; baseline 0 -16"><span class='ocrx_word' id='word_1_238' title='bbox 78 3859 209 3931; x_wconf 74' lang='lat' dir='ltr'>profuit</span> <span class='ocrx_word' id='word_1_239' title='bbox 225 3862 269 3916; x_wconf 82' lang='lat' dir='ltr'>aa</span> <span class='ocrx_word' id='word_1_240' title='bbox 281 3862 408 3917; x_wconf 82' lang='lat' dir='ltr'>taudem</span> <span class='ocrx_word' id='word_1_241' title='bbox 417 3863 540 3931; x_wconf 74' lang='lat' dir='ltr'>alariae</span> <span class='ocrx_word' id='word_1_242' title='bbox 550 3865 587 3916; x_wconf 89' lang='lat' dir='ltr'>ut</span> <span class='ocrx_word' id='word_1_243' title='bbox 599 3863 816 3932; x_wconf 75' lang='lat' dir='ltr'>mapisterium</span> <span class='ocrx_word' id='word_1_244' title='bbox 833 3862 1023 3930; x_wconf 77' lang='lat' dir='ltr'>disciplinae</span> <span class='ocrx_word' id='word_1_245' title='bbox 1040 3864 1160 3918; x_wconf 80' lang='lat' dir='ltr'>cunetis</span> <span class='ocrx_word' id='word_1_246' title='bbox 1180 3863 1318 3931; x_wconf 74' lang='lat' dir='ltr'>aeniani-</span> 
     </span>
     <span class='ocr_line' id='line_1_34' title="bbox 84 3961 1318 4033; baseline 0.004 -18"><span class='ocrx_word' id='word_1_247' title='bbox 84 3963 135 4015; x_wconf 85' lang='lat' dir='ltr'>ter</span> <span class='ocrx_word' id='word_1_248' title='bbox 149 3961 322 4030; x_wconf 83' lang='lat' dir='ltr'>praeberet.</span> <span class='ocrx_word' id='word_1_249' title='bbox 334 3963 374 4016; x_wconf 87' lang='lat' dir='ltr'>In</span> <span class='ocrx_word' id='word_1_250' title='bbox 394 3963 455 4016; x_wconf 87' lang='lat' dir='ltr'>tati</span> <span class='ocrx_word' id='word_1_251' title='bbox 474 3975 610 4030; x_wconf 78' lang='lat' dir='ltr'>namque</span> <span class='ocrx_word' id='word_1_252' title='bbox 626 3975 715 4018; x_wconf 88' lang='lat' dir='ltr'>servo</span> <span class='ocrx_word' id='word_1_253' title='bbox 728 3963 887 4029; x_wconf 89' lang='lat' dir='ltr'>Dominus,</span> <span class='ocrx_word' id='word_1_254' title='bbox 906 3963 941 4017; x_wconf 88' lang='lat' dir='ltr'>in</span> <span class='ocrx_word' id='word_1_255' title='bbox 961 3963 1021 4017; x_wconf 89' lang='lat' dir='ltr'>tati</span> <span class='ocrx_word' id='word_1_256' title='bbox 1040 3977 1159 4032; x_wconf 77' lang='lat' dir='ltr'>quoque</span> <span class='ocrx_word' id='word_1_257' title='bbox 1177 3968 1318 4033; x_wconf 77' lang='lat' dir='ltr'>martyre</span> 
     </span>
     <span class='ocr_line' id='line_1_35' title="bbox 81 4061 1319 4133; baseline 0.003 -17"><span class='ocrx_word' id='word_1_258' title='bbox 81 4061 254 4130; x_wconf 71' lang='lat' dir='ltr'>adoriatur.</span> <span class='ocrx_word' id='word_1_259' title='bbox 269 4061 363 4122; x_wconf 79' lang='lat' dir='ltr'>Quem</span> <span class='ocrx_word' id='word_1_260' title='bbox 379 4062 448 4116; x_wconf 82' lang='lat' dir='ltr'>ideo</span> <span class='ocrx_word' id='word_1_261' title='bbox 465 4063 614 4117; x_wconf 87' lang='lat' dir='ltr'>Dominus</span> <span class='ocrx_word' id='word_1_262' title='bbox 631 4062 779 4118; x_wconf 73' lang='lat' dir='ltr'>canusiae</span> <span class='ocrx_word' id='word_1_263' title='bbox 801 4076 879 4117; x_wconf 89' lang='lat' dir='ltr'>suae</span> <span class='ocrx_word' id='word_1_264' title='bbox 890 4075 1038 4130; x_wconf 86' lang='lat' dir='ltr'>praeesse</span> <span class='ocrx_word' id='word_1_265' title='bbox 1058 4064 1167 4132; x_wconf 85' lang='lat' dir='ltr'>notuit,</span> <span class='ocrx_word' id='word_1_266' title='bbox 1187 4068 1225 4118; x_wconf 90' lang='lat' dir='ltr'>ut</span> <span class='ocrx_word' id='word_1_267' title='bbox 1243 4079 1319 4133; x_wconf 81' lang='lat' dir='ltr'>quos</span> 
     </span>
     <span class='ocr_line' id='line_1_36' title="bbox 83 4162 1319 4235; baseline 0.002 -17"><span class='ocrx_word' id='word_1_268' title='bbox 83 4162 277 4218; x_wconf 63' lang='lat' dir='ltr'>aureatam</span> <span class='ocrx_word' id='word_1_269' title='bbox 282 4162 436 4232; x_wconf 86' lang='lat' dir='ltr'>propriae</span> <span class='ocrx_word' id='word_1_270' title='bbox 447 4163 671 4232; x_wconf 82' lang='lat' dir='ltr'>disputationis</span> <span class='ocrx_word' id='word_1_271' title='bbox 685 4165 746 4219; x_wconf 89' lang='lat' dir='ltr'>Deo</span> <span class='ocrx_word' id='word_1_272' title='bbox 763 4163 847 4232; x_wconf 77' lang='lat' dir='ltr'>filios</span> <span class='ocrx_word' id='word_1_273' title='bbox 865 4164 1017 4220; x_wconf 83' lang='lat' dir='ltr'>credendo</span> <span class='ocrx_word' id='word_1_274' title='bbox 1026 4165 1175 4235; x_wconf 79' lang='lat' dir='ltr'>pipneret,</span> <span class='ocrx_word' id='word_1_275' title='bbox 1189 4179 1239 4221; x_wconf 88' lang='lat' dir='ltr'>eos</span> <span class='ocrx_word' id='word_1_276' title='bbox 1250 4180 1319 4235; x_wconf 83' lang='lat' dir='ltr'>quo·</span> 
     </span>
     <span class='ocr_line' id='line_1_37' title="bbox 82 4261 705 4331; baseline -0.002 -15"><span class='ocrx_word' id='word_1_277' title='bbox 82 4274 150 4331; x_wconf 81' lang='lat' dir='ltr'>que</span> <span class='ocrx_word' id='word_1_278' title='bbox 159 4262 310 4328; x_wconf 74' lang='lat' dir='ltr'>martyrii</span> <span class='ocrx_word' id='word_1_279' title='bbox 320 4262 373 4316; x_wconf 86' lang='lat' dir='ltr'>sui</span> <span class='ocrx_word' id='word_1_280' title='bbox 382 4262 523 4330; x_wconf 79' lang='lat' dir='ltr'>eaempto</span> <span class='ocrx_word' id='word_1_281' title='bbox 533 4261 705 4317; x_wconf 81' lang='lat' dir='ltr'>roboraret.</span> 
     </span>
    </p>
   </div>
   <div class='ocr_carea' id='block_1_12' title="bbox 189 4360 1316 4587">
    <p class='ocr_par' dir='ltr' id='par_1_12' title="bbox 189 4360 1316 4587">
     <span class='ocr_line' id='line_1_38' title="bbox 189 4360 1316 4466; baseline 0.004 -29"><span class='ocrx_word' id='word_1_282' title='bbox 189 4360 254 4437; x_wconf 83' lang='grc'>170</span> <span class='ocrx_word' id='word_1_283' title='bbox 266 4360 398 4440; x_wconf 88' lang='lat' dir='ltr'>Passio</span> <span class='ocrx_word' id='word_1_284' title='bbox 416 4361 539 4440; x_wconf 90' lang='lat' dir='ltr'>sancti</span> <span class='ocrx_word' id='word_1_285' title='bbox 571 4360 753 4462; x_wconf 83' lang='lat' dir='ltr'>Cypriani</span> <span class='ocrx_word' id='word_1_286' title='bbox 772 4362 948 4464; x_wconf 89' lang='lat' dir='ltr'>episcopi</span> <span class='ocrx_word' id='word_1_287' title='bbox 975 4371 1014 4441; x_wconf 90' lang='lat' dir='ltr'>et</span> <span class='ocrx_word' id='word_1_288' title='bbox 1031 4364 1213 4464; x_wconf 84' lang='lat' dir='ltr'>martyris</span> <span class='ocrx_word' id='word_1_289' title='bbox 1238 4363 1316 4466; x_wconf 79' lang='lat' dir='ltr'>(fol.</span> 
     </span>
     <span class='ocr_line' id='line_1_39' title="bbox 237 4485 428 4587; baseline -0.016 -21"><span class='ocrx_word' id='word_1_290' title='bbox 237 4485 428 4587; x_wconf 56' lang='lat' dir='ltr'>iiiiii*</span> 
     </span>
    </p>
   </div>
   <div class='ocr_carea' id='block_1_13' title="bbox 118 4617 819 4774">
    <p class='ocr_par' dir='ltr' id='par_1_13' title="bbox 118 4617 819 4774">
     <span class='ocr_line' id='line_1_40' title="bbox 118 4617 819 4686; baseline -0.006 -12"><span class='ocrx_word' id='word_1_291' title='bbox 118 4620 185 4674; x_wconf 80' lang='lat' dir='ltr'>lota</span> <span class='ocrx_word' id='word_1_292' title='bbox 197 4617 418 4686; x_wconf 86' lang='lat' dir='ltr'>proconsularia,</span> <span class='ocrx_word' id='word_1_293' title='bbox 432 4618 483 4672; x_wconf 88' lang='lat' dir='ltr'>bac</span> <span class='ocrx_word' id='word_1_294' title='bbox 495 4617 617 4686; x_wconf 81' lang='lat' dir='ltr'>praefixa</span> <span class='ocrx_word' id='word_1_295' title='bbox 629 4617 797 4686; x_wconf 83' lang='lat' dir='ltr'>praefatione</span> <span class='ocrx_word' id='word_1_296' title='bbox 811 4632 819 4670; x_wconf 76' lang='grc' dir='ltr'><strong>ε</strong></span> 
     </span>
     <span class='ocr_line' id='line_1_41' title="bbox 153 4728 449 4774; baseline -0.003 -2"><span class='ocrx_word' id='word_1_297' title='bbox 153 4728 253 4773; x_wconf 73' lang='lat' dir='ltr'>carm.</span> <span class='ocrx_word' id='word_1_298' title='bbox 271 4729 359 4772; x_wconf 78' lang='lat' dir='ltr'>rtnrs.</span> <span class='ocrx_word' id='word_1_299' title='bbox 377 4730 403 4774; x_wconf 88' lang='lat' dir='ltr'>r.</span> <span class='ocrx_word' id='word_1_300' title='bbox 421 4730 449 4772; x_wconf 93' lang='lat' dir='ltr'>u.</span> 
     </span>
    </p>
   </div>
   <div class='ocr_carea' id='block_1_14' title="bbox 0 0 1684 5482">
    <p class='ocr_par' dir='ltr' id='par_1_14' title="bbox 0 0 1684 5482">
     <span class='ocr_line' id='line_1_42' title="bbox 0 0 1684 5482; baseline 0 0"><span class='ocrx_word' id='word_1_301' title='bbox 0 0 1684 5482; x_wconf 95' lang='lat' dir='ltr'> </span> 
     </span>
    </p>
   </div>
  </div>
 </body>
</html>
