3316 5482
215 293 279 358 184
552 305 679 357 caran.
698 304 800 356 eobo.
819 303 994 354 adoreon.
1013 302 1094 354 aar.

246 479 278 530 4.
297 477 417 532 Audiens
428 482 520 531 autem
539 476 620 529 beata
641 474 758 542 brigida,
772 486 842 540 quae
855 477 921 525 tunc
942 472 1073 538 temporis
1094 469 1209 538 insignis
1226 471 1255 523 in
1278 469 1443 525 flibcrnensi

213 579 329 646 degebat
349 578 448 642 insula,
470 577 645 630 monasteriis
665 576 802 640 virginum
823 573 968 638 abbatissa,
987 572 1062 640 virgo
1086 571 1235 637 praeclara,
1254 583 1397 624 rumorem
1416 577 1443 624 et

212 681 289 729 actus
306 674 379 729 beati
401 675 522 741 Gildasii,
535 675 610 727 misit
630 674 664 727 ad
684 686 747 727 eum
768 672 859 726 verbis
880 671 1074 737 deprecatoriis
1095 669 1306 733 internuntium,
1325 668 1441 723 dicens:

215 775 331 839 Gaude,
339 777 434 842 poter
445 775 561 840 sancte,
575 786 613 827 ac
624 785 745 839 semper
757 772 792 824 in
813 770 941 824 Domino
956 770 1052 837 pulte.
1068 768 1196 823 Obsecro
1216 770 1246 821 te
1266 769 1300 820 ut
1313 767 1442 835 aliquod

211 874 363 927 indicium
375 876 448 927 tuae
458 872 636 927 sanctitatis
647 870 728 925 inihi
738 871 855 937 mitius,
868 871 902 922 nt
913 869 998 936 apud
1017 880 1073 922 nos
1087 870 1141 921 tna
1162 866 1266 934 vigeat
1288 866 1440 920 memorio

206 973 400 1042 perenniter.
421 977 496 1026 Tunc
518 976 627 1024 sanctus
647 970 792 1036 Gildasius,
809 973 918 1022 sanctae
935 966 1048 1034 virginis
1069 972 1196 1033 percepta
1217 965 1365 1033 legatione,
1384 977 1443 1032 pro·

212 1073 279 1140 priis
291 1073 418 1124 manibus
436 1071 579 1124 termulam
592 1071 627 1135 (l)
644 1069 707 1122 iecit
724 1083 806 1135 opere
820 1069 891 1121 lusili
905 1074 932 1121 et
944 1068 1159 1121 tintinnabulum
1176 1067 1371 1133 parvissimum
1383 1067 1443 1134 eius

213 1171 334 1239 petitioni
346 1171 509 1237 composuit,
523 1176 548 1222 et
570 1168 729 1235 perlectum,
743 1168 778 1220 ad
799 1168 863 1220 litus
884 1168 968 1220 maris
988 1167 1102 1223 accessit
1121 1170 1149 1219 et
1169 1167 1197 1218 iu
1215 1165 1305 1218 undas
1318 1166 1443 1233 projecit,

212 1270 308 1325 dicens
321 1288 328 1322 :
341 1272 380 1324 In
399 1270 523 1323 nornine
543 1268 668 1322 Domini
687 1267 791 1320 nostri
810 1269 883 1320 Jesu
907 1266 1022 1320 Christi
1042 1265 1097 1320 hoc
1118 1264 1235 1334 fretum
1254 1264 1356 1320 maris
1372 1277 1443 1334 per·

213 1370 326 1433 transi,
337 1371 371 1422 nt
383 1369 476 1422 citius
484 1368 526 1422 acl
535 1368 669 1435 uestigia
680 1367 787 1421 beatae
795 1366 928 1433 virpinis
938 1364 1089 1431 Bripirtce
1101 1364 1194 1418 undis
1204 1366 1233 1418 et
1241 1366 1331 1419 cento
1338 1377 1443 1432 prove·

212 1467 310 1524 haris.
321 1468 397 1534 Quod
408 1468 499 1520 statim
511 1467 545 1521 ad
558 1473 654 1521 nutum
663 1468 735 1521 beati
745 1467 856 1541 Gildasii
868 1467 1028 1530 factumest,
1039 1472 1067 1517 et
1079 1465 1107 1516 in
1120 1464 1219 1518 eodem
1229 1465 1299 1530 loco,
1308 1464 1360 1518 ubi
1370 1465 1443 1534 virgo

211 1573 315 1622 sacrata
328 1581 412 1634 super
424 1569 487 1621 litus
501 1568 585 1620 maris
605 1569 740 1634 adstabat,
753 1573 828 1620 trans
840 1579 915 1619 mare
936 1566 1068 1618 continuo
1087 1569 1227 1631 repertum
1239 1569 1290 1617 est.
1304 1565 1383 1628 Quod
1401 1564 1443 1618 illa

211 1668 333 1736 gaudens
344 1668 473 1733 suscepit,
485 1672 512 1720 et
524 1680 539 1720 a
551 1667 630 1720 beato
643 1666 760 1720 Gildasio
772 1667 885 1719 missum
898 1666 1015 1731 agnovit,
1030 1670 1057 1718 et
1068 1665 1142 1718 velut
1159 1665 1274 1717 caelitus
1287 1664 1316 1716 in
1329 1663 1443 1732 pignore

213 1766 307 1820 salutis
319 1767 353 1819 ab
365 1779 399 1818 oo
411 1766 529 1818 libenter
542 1766 654 1832 accepit.
668 1768 742 1819 inter
755 1765 820 1817 baec
833 1765 911 1817 beata
930 1763 1036 1831 brigida
1049 1763 1082 1815 ad
1103 1762 1299 1815 monasterium
1322 1760 1406 1814 rediit
1422 1768 1443 1814 et

213 1867 266 1919 hoc
278 1865 440 1919 miraculum
454 1865 553 1931 puellis
565 1878 596 1917 ac
608 1864 758 1931 virginibus
778 1864 834 1916 suis
852 1867 987 1929 patratum
1005 1876 1021 1915 a
1040 1863 1154 1916 bomiuo
1172 1861 1308 1914 nuntiavit
1325 1864 1376 1926 ;et
1393 1874 1443 1915 una

213 1978 276 2019 cum
288 1965 392 2017 eisdem
406 1964 555 2031 virginibus
568 1965 717 2017 oratorium
728 1964 858 2030 ingressa,
868 1975 917 2027 pro
930 1962 1117 2030 magnitudine
1130 1962 1216 2015 sancti
1229 1959 1341 2014 Gildasii
1356 1961 1443 2014 simul«

215 2077 269 2130 que
282 2064 458 2130 perceptione
470 2064 511 2115 sui
525 2063 647 2130 pignoris
660 2065 773 2117 bomino
785 2063 884 2131 gratias
897 2062 1000 2114 retulit.

246 2164 276 2216 5.
292 2166 387 2216 Beatus
408 2164 499 2228 itaque
520 2161 665 2228 Gildasius,
680 2162 745 2216 dum
768 2165 835 2218 liaeo
855 2171 983 2232 aguntur,
998 2179 1111 2233 peregre
1124 2165 1312 2232 proficiscens,
1331 2168 1443 2220 Romam

214 2263 300 2330 petiit,
314 2267 342 2315 et
355 2263 539 2329 apostolorum
558 2263 627 2315 Petri
649 2268 676 2316 et
696 2264 771 2316 Pauli
785 2266 881 2318 merita
898 2271 925 2317 ct
942 2266 1079 2318 orationes
1100 2266 1235 2330 obsecrat,
1249 2264 1381 2332 quatinus
1402 2266 1443 2321 ob

214 2368 290 2416 tentu
304 2363 452 2429 apostolico
471 2366 570 2415 statum
592 2377 658 2416 suae
679 2364 851 2418 rectitudinis
874 2365 987 2418 tirmiter
1007 2371 1101 2419 tenere
1119 2366 1206 2418 valeat
1218 2370 1245 2417 et
1256 2365 1443 2420 contuberniis

214 2467 371 2516 sanctorum
384 2463 495 2530 adjungi
505 2468 642 2516 mereatur
654 2464 683 2516 in
695 2464 804 2517 caelesti
816 2466 912 2530 patria.
924 2467 992 2518 cum
1002 2473 1093 2518 autem
1102 2465 1254 2532 vigiliarum
1265 2469 1349 2532 atque
1362 2473 1443 2521 matu·

214 2563 335 2614 tinorum
355 2561 435 2613 laude
454 2560 540 2625 linita,
554 2560 672 2627 quadam
685 2560 739 2625 die,
752 2562 818 2615 dum
836 2562 958 2618 diluculo
977 2564 1011 2616 de
1031 2564 1092 2616 aula
1106 2565 1176 2616 beati
1190 2564 1260 2616 Petri
1272 2563 1353 2618 solito
1372 2579 1443 2619 mort

213 2661 306 2727 exiret,
320 2660 417 2712 volens
430 2664 583 2713 ceterorum
596 2660 752 2714 habitacula
764 2667 920 2715 sanctorum
934 2664 1072 2716 Romanae
1090 2663 1167 2715 urbis
1184 2663 1330 2716 circumire
1348 2667 1377 2716 et
1394 2664 1443 2716 sui

213 2759 304 2826 fragia,
319 2771 414 2811 eorum
428 2764 531 2824 petere,
545 2760 665 2811 occurrii
676 2759 701 2811 ei
723 2759 835 2825 quidam
857 2759 1023 2826 hydropicus
1036 2765 1144 2813 extento
1163 2761 1224 2814 sinu
1243 2762 1359 2815 humore
1371 2761 1443 2815 dirae

212 2857 388 2922 infirmitatis,
402 2870 539 2924 quaerens
552 2857 710 2910 alimoniam
724 2859 758 2910 ab
770 2871 812 2912 eo.
827 2860 874 2911 Cui
887 2859 984 2911 beatus
1000 2858 1136 2912 Gildasius
1149 2860 1186 2912 ait
1199 2874 1206 2910 :
1221 2859 1289 2912 Non
1302 2862 1348 2913 est
1365 2859 1443 2914 mihi

211 2955 376 3023 quicquam
383 2956 540 3023 perseniae
546 2969 629 3024 prae
641 2957 785 3010 munibus
797 2959 877 3025 qnod
896 2959 953 3010 tibi
959 2958 1079 3024 possint
1092 2958 1187 3023 ἀιινε,Ι
1200 2960 1254 3012 scd
1268 2959 1301 3011 in
1319 2960 1443 3014 nomine

211 3056 338 3110 Domini
347 3055 450 3109 nostri
468 3057 543 3108 les-n
566 3055 681 3109 Christi
698 3069 794 3110 scrius
815 3059 859 3110 sis
880 3057 917 3111 nb
930 3057 989 3111 hnc
1006 3058 1203 3126 infirmitate.
1217 3059 1257 3111 Et
1277 3058 1307 3112 si
1327 3059 1401 3126 quis
1418 3063 1443 3113 te

212 3155 455 3222 interropaoerit
467 3156 537 3222 qnia
550 3159 579 3208 ie
590 3169 704 3209 sunnin
723 3157 807 3224 secti,
822 3159 916 3212 dicito
934 3160 1015 3224 quod
1036 3159 1186 3212 Darninns
1198 3160 1288 3213 Jesns
1304 3158 1443 3214 Christus

213 3255 246 3307 in
255 3267 303 3307 rne
314 3254 564 3308 misericordiam
573 3268 664 3308 sn-nnt
677 3255 761 3324 tecit.
771 3260 802 3310 Et
813 3259 902 3311 statim
913 3271 995 3310 sanus
1008 3259 1094 3310 tacius
1107 3266 1148 3311 est
1158 3273 1247 3326 aeger,
1256 3265 1283 3313 et
1294 3260 1405 3313 intravit
1417 3261 1443 3313 in

211 3355 351 3408 basilicam
373 3356 459 3407 sancti
481 3355 563 3419 Petri,
580 3355 695 3408 laudans
713 3363 738 3411 ei
758 3358 926 3411 benedicens
947 3362 1040 3411 berun.
1052 3361 1149 3411 Beatus
1161 3373 1224 3413 vero
1237 3359 1374 3413 Gildasius
1386 3374 1443 3415 coe·

212 3458 285 3520 ptam
298 3455 385 3507 tenuit
396 3456 479 3507 riam.

244 3554 275 3606 6.
289 3557 413 3621 Cumque
424 3554 528 3621 aliquot
539 3555 596 3607 dies
608 3554 647 3607 ibi
670 3557 824 3621 mansisset,
840 3558 1012 3622 perlustratis
1030 3559 1156 3611 oratoriis
1167 3565 1335 3625 sanctorum,
1349 3573 1443 3627 coepe·

211 3658 275 3703 runt
287 3652 367 3705 ricini
386 3654 502 3706 civitatis
520 3655 637 3721 graviter
655 3654 749 3708 dolere
767 3656 802 3708 ob
821 3657 1002 3721 pestilentiam
1022 3657 1100 3710 ssatus
1118 3658 1255 3724 draconis,
1270 3660 1318 3724 qui
1340 3659 1443 3713 eratin

212 3763 328 3804 caverna
340 3751 426 3804 laicus
439 3753 551 3818 Tarpaei
566 3754 677 3819 montis,
688 3754 735 3819 qui
749 3755 849 3807 multos
863 3757 1046 3808 Romanorum
1061 3762 1086 3809 et
1099 3758 1215 3810 aliorum
1229 3758 1443 3826 circumquaque

209 3851 361 3903 vicinorum
384 3851 520 3917 pestilenti
543 3851 608 3921 llatu
631 3859 792 3918 peremerat.
807 3854 882 3918 Quod
901 3855 1017 3907 audieus
1040 3856 1135 3908 beatus
1152 3856 1394 3915 Gildasius,exivii
1410 3857 1443 3910 ab

210 3950 327 4015 hospitio
340 3963 390 4003 suo
403 3950 520 4003 latenter
533 3951 611 4004 valdo
631 3951 762 4019 diluculo,
777 3960 803 4005 ct
826 3958 985 4006 constanter
997 3956 1120 4008 ascendit
1139 3957 1167 4009 in
1185 3963 1317 4019 montem,
1331 3963 1443 4022 portans

208 4051 335 4103 baculum
351 4051 377 4103 in
392 4065 474 4103 manu
486 4069 493 4116 ;
507 4056 534 4104 et
548 4053 772 4119 appropinquans
785 4055 860 4107 veuit
873 4054 907 4106 ad
921 4068 950 4108 os
963 4056 1120 4122 speluncae,
1134 4062 1159 4109 et
1170 4055 1267 4109 videns
1279 4056 1441 4120 draconem,

207 4152 360 4218 intrepidus
373 4154 441 4206 dixit
454 4169 460 4204 :
475 4153 512 4205 In
526 4152 651 4205 noniinc
672 4155 796 4207 Domini
808 4156 910 4207 nostri
921 4157 993 4209 Jcsu
1017 4155 1133 4210 Christi
1148 4158 1311 4225 praecipio
1335 4156 1393 4211 tibi
1407 4159 1442 4210 nt

206 4248 315 4302 sintina
335 4249 473 4302 intereas
494 4252 523 4302 ct
542 4246 579 4301 in'
591 4250 793 4319 profundum
815 4253 920 4319 abyssi
938 4254 1141 4321 nuncuparis,
1156 4269 1195 4307 ne
1209 4257 1351 4323 populns
1369 4255 1442 4323 fide·

209 4347 288 4400 tinne
305 4348 445 4415 amptius
463 4351 518 4400 lna
534 4353 646 4415 percat
662 4351 909 4418 interminatione.
924 4356 1007 4416 Quem
1031 4367 1092 4406 mox
1104 4358 1176 4406 terra
1198 4355 1341 4408 obsorbuit
1363 4360 1390 4408 ct
1412 4354 1439 4407 in

206 4451 338 4498 tartarum
351 4460 462 4512 prorsus
475 4447 584 4513 elapsus
596 4454 646 4507 est,
661 4456 688 4501 ct
700 4451 814 4502 cessarit
828 4453 887 4516 cjus
900 4453 977 4519 plaga
991 4454 1025 4505 ab
1038 4455 1112 4505 omui
1127 4454 1238 4519 populo.

240 4610 274 4674 (l)
291 4609 320 4662 td
333 4615 375 4663 cst
393 4612 539 4679 pulpitum.
553 4614 606 4667 Cir.
620 4615 713 4682 cangii
730 4615 880 4682 Glossnr,
896 4616 940 4670 ed.
955 4619 1099 4685 llcnschcl,
1113 4619 1146 4672 atl
1160 4621 1187 4672 lt.
1201 4634 1238 4685 r.‚
1252 4622 1277 4673 l.
