3316 5482
469 375 563 427 aran.
582 374 666 426 1111.
684 373 801 425 rarus.
819 393 865 404 —
880 372 1033 424 bennun.
1052 373 1100 424 an
1116 372 1195 424 con.
1213 369 1289 424 sesa.
1428 355 1496 427 329

297 548 330 602 8.
344 546 392 612 Qui
405 559 469 600 cum
482 548 555 600 esset
566 543 683 598 decorus
695 548 723 597 ct
734 541 844 595 inclitus
861 546 943 609 atque
960 543 989 594 in
1007 541 1137 596 omnibus
1149 541 1348 611 velocissimus,
1363 548 1391 598 et
1402 546 1496 600 omnia

264 649 492 715 prosperarentur
502 656 590 711 paene
602 644 631 696 in
644 642 701 697 suis
712 642 851 709 operibus,
863 642 1007 696 amabatur
1024 654 1040 695 a
1053 641 1174 710 domina,
1187 623 1258 710 guae
1270 645 1419 698 vocabatur
1430 646 1495 714 lga.

265 752 339 813 Quae
349 749 376 800 in
389 759 454 800 curn
466 744 523 798 suis
535 742 695 798 adulterinis
714 742 820 809 injectis
832 741 980 805 obtutibus,
996 740 1082 795 voluit
1100 748 1130 794 nt
1151 743 1338 809 acquiesceret
1349 744 1409 810 ejus
1421 746 1495 799 nela-

265 849 312 902 riis
324 844 507 901 suasionibus.
522 843 638 911 11111111,
652 841 751 910 inquit,
763 853 893 909 meeum,
906 843 936 895 et
947 840 1057 895 multis
1068 843 1098 895 te
1109 840 1274 896 sublevabo
1286 841 1454 900 bonoribus
1465 848 1495 900 et

226 951 245 1002 ὅ
263 944 368 1001 ditabo
379 940 571 998 muneribus.
585 940 635 1006 Qui
647 939 815 993 blandientis
827 951 997 992 venenosum
1009 939 1112 1005 sprevit
1124 940 1280 1006 consilium,
1294 945 1321 995 et
1334 941 1376 994 sui
1387 942 1496 996 domini

263 1041 563 1099 nonsetraudaturum
585 1038 732 1107 spopondit
747 1038 963 1091 matrimonium.
983 1038 1062 1105 Suis,
1083 1039 1129 1102 ait,
1149 1039 1317 1106 pascendis
1338 1041 1426 1109 equis
1447 1055 1497 1097 me

255 1140 570 1215 praefecitdomiuus
589 1152 695 1206 meus,
717 1151 779 1193 nou
802 1138 920 1192 audere
931 1137 1033 1204 iussit
1054 1137 1175 1192 nutare
1193 1139 1274 1206 quod
1285 1142 1331 1193 est
1344 1140 1379 1194 iu
1395 1153 1496 1197 umore

260 1244 379 1300 carius.
391 1241 578 1297 Libertatem
591 1237 671 1292 mibi
680 1238 769 1292 dedit
776 1238 810 1291 iu
818 1237 885 1291 suis
895 1237 1057 1305 omuibus;
1069 1238 1112 1291 ad
1122 1241 1151 1292 te
1162 1239 1308 1295 accedere
1318 1253 1382 1295 ucis
1394 1241 1493 1311 debeo,

251 1323 319 1412 'put
329 1342 414 1396 caste
424 1339 528 1393 meere
539 1337 682 1391 desidero
693 1347 822 1404 empore
831 1337 861 1389 et
873 1334 1020 1390 moribus.
1032 1336 1183 1403 Sponsam
1190 1337 1362 1405 pulchram
1370 1341 1401 1393 et
1410 1340 1495 1395 deco·

208 1446 241 1498 lb
258 1455 330 1497 ram
349 1437 532 1506 concupisco
553 1436 587 1489 in
607 1435 731 1490 sedibus
751 1434 944 1503 caelestibus,
966 1434 1018 1488 cui
1035 1435 1144 1489 devovi
1162 1436 1346 1503 pumuiter
1365 1439 1494 1508 sarire,

258 1540 350 1608 eujus
356 1536 489 1609 perfrui
499 1535 693 1602 dulcissimis
706 1535 972 1602 11111111εωί1111.Αά
983 1536 1071 1602 cuius
1083 1534 1185 1590 nobile
1195 1536 1496 1608 1111119111119111111·

260 1642 372 1696 lautia
389 1636 504 1706 appeti,
527 1636 618 1702 cicius
638 1637 720 1689 autu
739 1637 900 1688 metantur
911 1635 1004 1704 justi,
1020 1635 1204 1704 puniuntur
1225 1637 1495 1707 citatissimum

257 1743 380 1796 emtam
389 1737 503 1793 noviei
517 1734 692 1805 pulchram
699 1735 845 1788 nimium.
864 1735 972 1803 Ipsam
994 1734 1098 1803 babeo,
1121 1749 1216 1804 quam
1236 1737 1320 1805 repit
1341 1751 1442 1807 agnus
1461 1741 1496 1797 in

251 1837 406 1908 paradisi
411 1848 553 1905 pascam
566 1833 679 1890 iccirco
698 1847 763 1887 uou
779 1833 964 1888 maecbabor
984 1846 1054 1889 cum
1072 1836 1187 1890 altera.
1205 1836 1304 1892 Audito
1321 1840 1379 1907 Aga
1390 1851 1493 1895 arcanc

206 1942 239 1995 15
259 1938 399 2006 mysterio,
414 1948 470 1990 uon
482 1934 553 1988 velle
561 1934 691 2001 invenem
713 1934 871 1988 consentire
891 1940 995 2002 stupro,
1018 1940 1074 1989 tota
1091 1936 1212 1990 tremens
1224 1950 1303 1991 versa
1315 1936 1399 1992 estin
1411 1939 1491 1994 iram.

257 2035 363 2090 Exinde
375 2046 521 2087 recurrens
532 2032 566 2084 ad
579 2044 655 2084 arma
676 2031 820 2099 diabolica,
840 2036 956 2086 tractare
976 2033 1067 2099 coepit
1086 2034 1203 2101 qualiter
1221 2035 1301 2089 beato
1324 2034 1384 2090 viro
1396 2037 1493 2092 mortis

257 2135 374 2189 interret
385 2133 499 2187 scelera.
521 2132 690 2199 delinquens
711 2131 784 2186 viros
805 2131 893 2185 bonos
915 2131 1097 2199 consiliarios,
1118 2133 1242 2187 adhaesit
1263 2134 1393 2200 ramulae,
1409 2148 1494 2203 super

257 2237 336 2302 cujus
348 2233 516 2287 innitebatur
528 2233 678 2299 scapulam.
692 2233 740 2285 Da
760 2230 849 2298 mitti,
870 2232 970 2299 inquit,
984 2232 1162 2287 consilium.
1187 2233 1268 2293 Quid
1286 2234 1323 2288 dc
1343 2234 1491 2294 oututiiw

254 2333 387 2404 sociam,
400 2332 543 2402 quimttu·
553 2332 709 2401 irrogavit
720 2345 870 2399 maguum
889 2332 1110 2387 verecundiam
1127 2335 1157 2386 ei
1174 2333 1326 2388 assentiri
1335 2318 1444 2388 renuit
1455 2338 1492 2390 ut

199 2438 237 2490 20
255 2447 376 2490 mecum
388 2432 512 2488 baberet
533 2432 729 2500 stapulas-em
749 2431 948 2485 amicitiam?
968 2432 1016 2484 cui
1035 2431 1069 2484 ad
1088 2433 1155 2485 baec
1173 2432 1233 2500 ipsa
1250 2433 1326 2486 dedit
1342 2435 1490 2488 consitium

257 2532 369 2598 famula,
381 2533 452 2586 sicut
460 2537 519 2586 erat
528 2531 706 2598 nequissima,
718 2537 747 2584 ut
759 2530 858 2583 christi
867 2529 999 2584 dilectum
1009 2531 1158 2584 trucidaret
1167 2531 1309 2586 adultera:
1326 2533 1490 2604 Quatiuus,

257 2634 400 2702 inquiens,
420 2632 530 2686 redeat
554 2632 597 2685 ad
616 2631 817 2686 commissum
835 2630 896 2684 sibi
916 2631 1098 2699 serentum,-
1118 2636 1192 2700 post
1212 2646 1302 2700 quem
1321 2633 1491 2688 mittantur

257 2732 412 2788 satellites
423 2730 467 2785 ad
477 2744 549 2785 eum
569 2729 830 2798 interficiendum.
850 2730 927 2783 ovir
945 2730 1024 2783 beate
1042 2736 1124 2797 atque
1141 2732 1319 2798 venerabilis,
1333 2733 1380 2800 qui
1392 2734 1491 2800 loseph

258 2840 356 2887 sancto
369 2831 470 2888 videris
481 2845 542 2886 esse
555 2831 653 2885 similis
663 2849 671 2897 ;
683 2845 766 2898 quem
780 2830 853 2884 misit
865 2836 942 2898 pater
954 2830 982 2883 in
1004 2829 1148 2898 pascendis
1159 2833 1297 2900 gregibus,
1311 2833 1361 2886 sed
1374 2838 1415 2887 est
1427 2847 1491 2888 ven·
1575 2822 1577 2829 ’

197 2936 236 2989 ab
255 2932 358 2987 ditusa
371 2933 488 3000 propriis
498 2931 643 2997 tratribus3
656 2944 738 2998 quem
751 2930 887 2983 adamavit
910 2944 981 2983 uxor
994 2931 1134 2998 Putipbar,
1147 2930 1195 2998 qui
1214 2936 1273 2985 erat
1284 2933 1326 2984 vir
1338 2933 1493 3001 Aegyptius.

255 3035 323 3087 llam
336 3038 366 3084 tu
378 3044 408 3085 es
421 3031 520 3084 missus
532 3030 724 3084 utGuntranni
738 3043 863 3095 pasceres
876 3043 973 3097 equos,
987 3037 1014 3083 et
1026 3035 1154 3084 evocatus
1166 3037 1197 3084 ut
1208 3032 1301 3085 uxoris
1313 3031 1418 3086 domini
1428 3045 1491 3087 con·

257 3131 378 3185 sentires
389 3129 423 3183 ad
437 3130 613 3184 concubitum
624 3147 631 3196 ;
643 3128 692 3182 sed
702 3126 829 3196 iespuisti
840 3129 1030 3183 detestandum
1044 3130 1158 3184 facinus.
1170 3131 1281 3185 Ducitur
1291 3131 1387 3185 beatus
1395 3134 1493 3199 loseph

256 3234 289 3284 ut
301 3229 439 3284 vendatur
456 3229 600 3297 Aegyptiis,
622 3228 775 3282 destinatur
796 3234 906 3282 sanctus
927 3230 1072 3292 Quintinus
1092 3235 1123 3282 ut
1145 3230 1324 3284 interficiatur
1344 3230 1444 3285 callide
1464 3232 1494 3284 in

256 3329 376 3396 pascuis.
390 3329 437 3383 llle
451 3330 496 3381 vir
508 3331 618 3382 sanctus
636 3328 752 3381 traditur
767 3328 870 3387 carceri
892 3328 1099 3395 custodiendus,
1121 3330 1168 3396 qui
1187 3331 1289 3395 sprevit
1301 3331 1410 3397 scelus;
1428 3330 1492 3384 buic

192 3433 233 3485 30
253 3441 321 3482 vero
331 3429 405 3494 justo
417 3426 564 3480 insidiatur
575 3425 684 3492 callide,
697 3432 727 3480 ut
737 3431 809 3480 esset
823 3426 974 3481 necandus.

291 3527 322 3580 8.
336 3528 403 3581 inde
415 3528 511 3581 beatus
524 3527 670 3591 Quintinus
692 3539 819 3581 remeans
840 3528 874 3581 ad
892 3529 1047 3594 injunctum
1065 3527 1117 3582 sibi
1136 3529 1280 3583 servitium
1293 3531 1327 3583 ad
1338 3530 1429 3585 locum
1441 3531 1489 3598 qui

256 3631 300 3679 est
322 3639 405 3692 super
422 3626 599 3694 agneriscum
614 3624 649 3691 (l)
674 3625 796 3691 durium,
818 3626 855 3679 ibi
876 3625 992 3679 tetendit
1010 3640 1090 3679 suum
1114 3628 1336 3691 tabernaculum,
1358 3630 1490 3684 exhibens

255 3725 362 3780 homini
376 3724 525 3791 temporale
538 3724 711 3791 obsequium.
725 3724 763 3777 Ad
778 3739 859 3792 quem
872 3724 983 3779 directis
996 3727 1049 3793 aga
1059 3725 1242 3792 perfidissima
1252 3728 1309 3781 suis
1318 3729 1489 3796 satellitibus

255 3825 391 3890 amputari
404 3824 541 3890 praecepit
550 3828 633 3890 caput
645 3825 771 3890 martyris
782 3825 920 3878 sceleratis
933 3825 1069 3892 manibus,
1078 3826 1180 3893 jubens
1189 3827 1347 3893 spiculatori
1358 3833 1387 3881 ut
1396 3829 1490 3895 juveni

188 3927 233 3982 35
252 3936 308 3977 suo
317 3935 371 3975 non
385 3925 508 3987 parceret
518 3921 618 3989 gladio,
631 3923 678 3990 qui
691 3921 854 3990 dedignatus
866 3927 907 3975 est
919 3924 978 3989 ejus
990 3923 1087 3977 sociari
1107 3925 1195 3978 thoro.
1216 3925 1317 3979 ueinde
1335 3926 1492 3982 homicidae

254 4026 437 4090 properantes
448 4021 565 4085 concite,
578 4021 709 4074 festinant
721 4024 884 4090 sanguinem
897 4022 1013 4076 tundere
1031 4024 1100 4090 ejus.
1120 4026 1166 4090 qui
1180 4024 1267 4078 uoluit
1280 4026 1380 4092 stupris
1393 4027 1487 4081 descr-

252 4121 325 4175 vire.
338 4122 623 4192 livaginatomucrone
635 4128 661 4176 et
672 4128 812 4191 amputato
825 4125 922 4190 capite,
933 4137 1015 4177 cruor
1025 4125 1052 4177 in
1064 4130 1166 4178 terram
1178 4125 1313 4192 defluens,
1324 4128 1394 4181 laeta
1405 4128 1489 4181 subiit

254 4220 352 4288 polum
365 4223 456 4276 anima
469 4222 570 4277 nitens.
584 4224 615 4275 lt
628 4227 665 4285 tu,
678 4223 758 4276 belua
780 4223 911 4290 crudelis,
925 4238 974 4278 cur
992 4226 1104 4291 perimis
1128 4233 1230 4280 castam
1249 4228 1444 4292 innocentiam,
1458 4229 1486 4283 iu

250 4333 312 4388 quo
324 4325 399 4374 tuam
410 4320 550 4375 dominam
572 4333 628 4374 non
650 4321 784 4374 luxuriam
806 4323 930 4388 reperis?
952 4326 1017 4375 itum
1040 4325 1158 4390 percutis
1183 4332 1330 4392 martyrem
1349 4327 1482 4381 materiali

288 4536 324 4601 (l)
340 4536 459 4604 Scilicet,
472 4543 503 4591 ut
515 4537 631 4605 videtur,
642 4538 772 4592 Andriam
784 4540 873 4608 (vulgo
887 4541 989 4607 11111111),
1002 4543 1049 4610 qui
1064 4543 1161 4597 liutius
1173 4545 1324 4612 antiquitus
1336 4547 1438 4613 Auper
1446 4549 1489 4601 vel

247 4620 428 4689 transpositis
442 4620 539 4674 litteris
551 4623 654 4688 Apuer
666 4624 818 4693 nuncupari
836 4624 949 4678 solebat.
964 4625 1017 4680 ctr.
1032 4627 1163 4693 valesius,
1174 4628 1268 4685 Notit.
1291 4630 1385 4697 Gali,
1398 4644 1425 4696 p.
1445 4633 1487 4686 tt.
