3316 5482
339 386 380 451 10
680 397 806 448 curat.
825 397 927 446 cono.
946 395 1121 447 tsnffloort.
1139 396 1220 446 tar.

295 605 297 610 -
337 570 454 625 dantur
471 568 609 623 inlaesi.-
629 566 842 635 quoia1Fitius
858 564 914 620 Dei
933 565 1086 633 apparuit
1103 564 1138 618 in
1154 565 1255 620 medio
1272 578 1388 632 eorum
1408 578 1498 634 quem
1515 579 1572 634 eqo

336 670 413 724 coto.
426 670 528 735 Hique
539 681 610 722 sum
622 680 675 734 epo
686 667 821 735 eoeiqum
832 679 942 720 emata
956 668 985 719 et
1002 665 1152 733 induamus
1162 665 1335 736 ruendam,
1348 667 1404 734 qui
1414 680 1463 722 me
1479 681 1572 721 num·

335 780 431 836 qnam
452 766 591 821 deseruit
610 766 648 820 ab
668 765 810 834 infantia
830 778 910 819 mea.
932 769 1007 818 Tune
1026 765 1163 818 Adrianus
1184 765 1335 831 imperator
1351 767 1435 834 jussit
1455 781 1518 821 eum
1539 769 1571 820 in

336 866 425 919 media
438 866 576 933 sartagine
587 864 692 918 nudum
706 864 781 932 poni.
794 867 826 918 at
839 867 876 917 ita
894 865 999 918 refrixit
1010 864 1102 918 oleum
1123 869 1153 917 ut
1173 866 1284 932 penitus
1301 865 1395 919 nuiia⁵
1406 879 1468 932 pars
1488 867 1517 919 in
1535 879 1571 920 eo

335 963 484 1029 potuissem
496 975 639 1016 remanere
651 963 791 1016 terrorist.
1590 967 1608 1018 t

368 1061 401 1116 8.
413 1062 543 1116 Nesoiens
564 1066 654 1115 autem
676 1060 811 1115 Adrianus
832 1063 981 1129 imperator
1000 1057 1068 1129 q'uid
1089 1068 1182 1129 ageret
1202 1065 1273 1115 lteus
1292 1063 1365 1116 cirea
1383 1061 1471 1116 tilium
1487 1076 1571 1117 suurn

335 1161 534 1227 Eleutherion,
547 1161 696 1214 insultabat
716 1162 742 1214 ei
759 1161 788 1213 in
803 1161 864 1215 oieo
885 1163 1028 1230 sartaginis
1048 1161 1157 1228 posito:
1172 1163 1242 1216 itane
1260 1163 1334 1215 enirn
1346 1164 1474 1216 virtutem
1491 1177 1571 1216 suam

338 1267 471 1319 Dominus
482 1266 538 1317 ita¹
559 1265 710 1332 sartagini²
723 1262 854 1330 praestitit
873 1267 904 1315 ut
922 1261 992 1330 ignis
1013 1262 1109 1315 subtus
1127 1261 1250 1314 flammas
1271 1268 1418 1315 evomeret.
1432 1263 1572 1316 insultans

335 1379 400 1435 erqo
413 1365 549 1419 Adrianus
567 1366 717 1432 imperator
733 1369 827 1417 sancto
840 1363 1006 1427 Eleutherio,
1024 1362 1132 1415 dicebat
1146 1364 1338 1430 :Antequam
1358 1362 1570 1430 decoquarim,

329 1464 480 1532 promitte
491 1467 520 1519 te
531 1464 718 1532 sacrificare
728 1463 801 1530 diis,
814 1464 843 1515 et
857 1461 1013 1516 liberabo⁴
1024 1463 1053 1514 te
1064 1477 1073 1515 .·
1084 1461 1234 1527 Respondit
1254 1465 1346 1514 autern
1366 1467 1478 1514 sanetus
1494 1461 1573 1513 titen-
1592 1461 1627 1514 io

332 1565 437 1618 therius
448 1569 476 1618 et
486 1562 556 1616 dixit
569 1580 576 1617 ι
588 1564 729 1617 Adriane
740 1562 923 1629 imperator,
937 1559 993 1615 troo
1005 1560 1053 1613 aii
1065 1560 1114 1614 tui
1125 1559 1204 1625 [tior]
1217 1560 1386 1627 praestant
1396 1559 1479 1627 quod
1489 1559 1574 1626 spea-

332 1665 394 1717 met
405 1663 601 1717 tisinatura
614 1660 874 1717 comessamur
890 1660 976 1714 enim
994 1659 1048 1712 itti
1065 1660 1191 1714 ocutos⁶
1203 1658 1319 1713 hadent
1335 1661 1365 1713 et
1378 1672 1442 1713 non
1453 1659 1571 1725 uident,

332 1763 379 1818 aio
389 1765 419 1818 et
432 1766 467 1817 tu
490 1775 603 1818 caecus
614 1761 800 1816 ranansiatt
810 1763 840 1815 et
851 1759 974 1814 ararat.
984 1760 1067 1814 Nam
1078 1762 1109 1814 et
1121 1760 1219 1815 lectur
1235 1772 1349 1814 aerata
1360 1772 1531 1814 macenaria
1541 1761 1572 1812 et

333 1863 492 1918 eraticula
505 1865 562 1916 tua
581 1864 612 1915 et
622 1864 753 1928 sartaqo
765 1864 821 1915 tua
843 1863 968 1915 tantum
980 1859 1060 1913 mihi
1075 1858 1282 1928 resriqerium
1288 1859 1520 1927 praestiterunt
1535 1861 1572 1912 ut

332 1963 440 2030 ataere
447 1961 555 2030 potius
561 1940 722 2029 potuerim
734 1973 829 2029 quam
851 1960 974 2014 ardere.
987 1960 1044 2013 Sed
1056 1958 1142 2014 ocuti
1158 1959 1229 2013 tuis
1242 1958 1479 2013 incredulitatis
1492 1957 1572 2012 cati·
1593 1961 1626 2012 15

283 2057 285 2060 ’
330 2061 420 2128 pineo
436 2060 577 2115 nuditati
582 2065 604 2102 ¹⁰
623 2073 687 2115 non
699 2061 835 2128 possunt
853 2059 960 2113 videre
972 2059 1054 2127 quod
1064 2057 1122 2112 Dei
1136 2060 1192 2111 eat.
1205 2058 1303 2125 Aperi
1314 2059 1444 2112 ocutosll
1456 2057 1574 2111 mentia

281 2139 283 2143 ’
332 2158 598 2226 tuaaoAdriane
609 2159 791 2225 imperator,
802 2161 832 2212 et
841 2158 1008 2213 camdem
1016 2159 1152 2211 oerum12
1168 2157 1392 2224 imperatorem
1403 2156 1572 2210 Dominum

328 2257 437 2310 Iesum
453 2256 620 2312 Christum.
633 2257 704 2310 Non
715 2256 830 2311 oideass
850 2257 1001 2324 qttomodo
1017 2256 1061 2310 ad
1076 2257 1145 2322 qm
1166 2255 1340 2323 imperium
1354 2257 1462 2323 atqeat
1474 2255 1571 2322 ionia.

330 2354 413 2409 Nam
426 2355 521 2424 quasi
531 2355 566 2408 tn
579 2354 667 2424 fonte
677 2353 798 2423 'tiiqido
804 2360 824 2396 ¹⁴
836 2355 883 2409 ita
894 2356 930 2408 in
947 2357 1014 2410 oleo
1034 2354 1215 2422 sartaqinia
1229 2357 1303 2409 tuae
1320 2366 1497 2409 oonvmaor.
1509 2355 1572 2422 Ape

331 2466 406 2521 erqo
413 2454 646 2522 paenitentiam
665 2455 704 2508 de
715 2457 772 2508 tua
791 2455 922 2521 tenuvia
934 2457 964 2508 et
984 2439 1093 2508 aarum
1105 2455 1203 2508 Deum
1224 2457 1253 2508 te
1268 2466 1332 2509 non
1351 2453 1486 2509 coluisse
1496 2453 1570 2520 jam
1588 2457 1624 2508 so

329 2553 436 2620 plara.

365 2651 399 2705 θ.
411 2651 451 2705 Ad
464 2654 531 2707 haee
543 2651 680 2708 Adrianus
692 2654 841 2720 imperator
853 2658 926 2706 tanta
940 2653 979 2705 ira
994 2659 1138 2720 correptus
1150 2659 1202 2720 est,
1214 2658 1245 2705 ut
1257 2653 1285 2706 in
1301 2640 1427 2721 angustia
1436 2656 1463 2706 et
1472 2653 1567 2707 anxie·

334 2754 391 2804 tate
405 2750 485 2805 iilum
505 2752 675 2806 transferret.
695 2755 772 2805 Tune
792 2753 926 2807 corribon
945 2752 1124 2818 praetectusl,
1146 2752 1242 2805 videns
1259 2753 1408 2820 angustiari
1426 2753 1568 2818 imperato·

229 2853 232 2858 ’
333 2847 414 2917 r[em]
427 2849 555 2904 dixitei:
576 2851 705 2906 Domine
724 2850 906 2918 imperator,
927 2850 966 2904 ab
986 2850 1106 2904 oriente
1124 2850 1270 2917 usquein
1281 2850 1470 2904 occidentem
1483 2852 1566 2905 tutata

332 2949 470 3003 mundus
483 2952 536 3004 tuo
550 2950 681 3018 imperio
692 2949 829 3015 eutqaoet
840 2952 870 3002 et
881 2949 1049 3003 universae
1059 2951 1165 3016 pentes
1177 2948 1397 3015 tuaejussiont
1406 2947 1570 3016 famutan-
1585 2951 1623 3003 25

334 3048 397 3100 tur.
410 3048 468 3102 Hic
487 3061 570 3101 unus
576 3061 661 3115 puer
681 3061 765 3100 unus
785 3047 820 3099 in
833 3050 997 3115 conspeetu
1005 3050 1112 3101 nostro
1130 3046 1300 3101 contemnit
1316 3059 1451 3113 requam
1467 3049 1565 3100 tuum.

332 3145 597 3212 Judeatmajeuas
604 3149 660 3199 tua
672 3145 773 3213 recipi
779 3159 850 3199 eum
856 3146 889 3198 in
897 3157 1034 3211 carcere,
1039 3148 1070 3200 et
1078 3146 1263 3213 eqojuteam
1270 3145 1430 3200 clibanum
1439 3157 1567 3199 aereum

332 3244 405 3312 fieri
418 3258 490 3300 cum
500 3243 632 3297 sudr'oua
644 3247 674 3298 et
685 3246 867 3312 coenaculo
878 3251 889 3286 ²
901 3263 911 3300 .·
923 3245 958 3297 in
970 3257 1029 3313 quo
1049 3246 1181 3298 ardente
1198 3257 1269 3299 cum
1290 3243 1390 3312 fuerit
1409 3245 1526 3298 missua
1537 3246 1568 3297 et

332 3346 506 3411 coopertu-³3
527 3344 617 3396 ultra
637 3356 701 3397 non
728 3343 904 3397 insultabit.
931 3344 975 3398 iu
993 3346 1108 3411 autern,
1129 3355 1226 3411 aurqe
1252 3344 1372 3409 taetus‚·
1391 3344 1512 3410 qaudeit
1536 3345 1567 3396 et

330 3442 488 3509 requiesce
497 3441 596 3496 nodie.
614 3442 757 3498 trustino
768 3455 840 3497 vero
851 3444 944 3497 dieta
954 3445 1118 3511 oaapectu
1139 3442 1233 3496 totius
1244 3443 1360 3510 populi
1379 3442 1514 3497 Romani
1530 3441 1567 3494 in
1584 3446 1622 3494 so

331 3540 432 3596 medio
444 3542 631 3608 ampiteatro
652 3542 826 3596 m'debitur⁴
845 3544 884 3596 de
902 3544 975 3609 [eo]⁵
993 3540 1192 3609 triumphum
1199 3545 1220 3594 ⁶.
1242 3540 1364 3594 Audiens
1383 3541 1449 3594 haee
1469 3541 1567 3593 heatus

331 3640 502 3694 ttieutnerius
513 3641 599 3694 dixit:
612 3642 661 3696 Sia
672 3642 763 3696 oredo
774 3645 804 3695 et
816 3639 891 3696 daec
902 3644 948 3695 eat
959 3642 1038 3711 fides
1049 3654 1128 3709 mea,
1142 3641 1224 3708 quod
1242 3639 1438 3708 triumphum
1459 3639 1499 3692 de
1518 3651 1568 3692 me

331 3737 445 3805 uideat,
457 3750 521 3792 non
532 3752 634 3806 suum,
647 3740 702 3792 aed
713 3739 840 3793 Domini
851 3740 913 3793 mai
920 3740 995 3793 lesu
1010 3738 1134 3794 Christi.

365 3820 414 3872 to.
423 3821 481 3873 Atia
492 3833 557 3874 uero
569 3820 615 3875 die
628 3822 760 3874 corribon
773 3823 928 3888 praefectus
937 3826 956 3889 ¹,
971 3822 1084 3875 invitato
1095 3822 1170 3876 omni
1184 3822 1286 3889 populo
1297 3823 1421 3875 Romano
1434 3822 1468 3874 ad
1479 3822 1567 3888 ampi-

330 4061 364 4074 -
378 4034 467 4089 ⁴cod.
480 4033 620 4088 sacerdus.
632 4062 663 4074 -
674 4038 687 4074 ⁵
697 4035 763 4089 cod.
778 4034 892 4087 nullam.
905 4062 937 4073 -
948 4039 961 4076 ⁶
971 4034 1037 4089 cod.
1054 4035 1119 4101 poni
1133 4033 1191 4087 sed.
1204 4063 1238 4074 -
1249 4040 1260 4075 ⁷
1271 4035 1338 4089 cod.
1352 4036 1493 4101 temporis.

363 4118 457 4169 Num.
476 4114 509 4168 8.
523 4116 652 4171 -1cod.
665 4124 704 4170 ut.
717 4144 750 4155 -
762 4122 773 4157 2
784 4116 849 4170 cod.
863 4118 1009 4184 sartagine.
1021 4144 1055 4156 -
1066 4119 1078 4156 ³
1088 4116 1155 4170 cod.
1166 4117 1355 4184 deproperans,
1368 4129 1449 4171 corr.
1460 4117 1563 4183 dequo-

329 4200 433 4266 quaris.
446 4227 479 4238 -
490 4199 605 4267 ⁴priua
617 4200 745 4252 liveravo.
760 4203 814 4238 -s
832 4200 894 4266 (ips.
909 4200 951 4264 iis)
962 4201 1029 4255 aod.
1042 4199 1102 4266 ipse
1124 4199 1215 4253 metat.
1229 4227 1260 4239 -
1277 4205 1289 4240 ⁶
1295 4200 1391 4267 prius
1411 4200 1517 4253 oculus.
1530 4227 1564 4238 -

329 4287 342 4322 ⁷
355 4283 422 4337 cod.
437 4283 522 4336 ordis.
535 4289 590 4324 -⁸
602 4288 665 4337 tuae
677 4295 760 4338 corr.
771 4310 801 4322 -
813 4283 928 4350 ⁹prius
940 4284 1022 4340 cline.
1035 4311 1067 4322 -
1080 4283 1203 4350 ¹⁰priua
1215 4283 1329 4348 niviiati,
1342 4295 1423 4338 corr.
1437 4283 1563 4337 involuti.

330 4364 496 4432 -11prt‘us
517 4365 613 4418 oculis.
627 4392 658 4403 -
672 4369 693 4406 ¹2
703 4366 737 4429 (o.
750 4366 787 4429 t.)
796 4365 891 4432 prius
911 4364 1165 4419 consideraverunt.
1180 4392 1210 4403 -
1223 4368 1246 4404 ¹³
1264 4364 1339 4418 add.
1352 4364 1417 4418 cod.
1431 4370 1458 4417 et
1475 4365 1564 4418 oonsi-

332 4454 457 4510 derauer.
466 4485 500 4496 -
511 4455 635 4523 ¹⁴prius
647 4454 755 4525 frigida.

363 4550 457 4601 Nom.
471 4548 503 4600 9.
518 4575 549 4586 -
562 4548 628 4602 eod.
643 4549 690 4614 pii
707 4554 742 4602 et.
756 4575 788 4587 -
805 4551 816 4587 2
829 4548 926 4617 prius
945 4549 1183 4615 cuperculo-³
1196 4549 1292 4615 prius
1303 4548 1415 4616 gmnde.
1430 4576 1461 4586 -
1473 4552 1484 4587 ⁴
1496 4546 1562 4618 eod.

330 4631 466 4698 vitevitur,
482 4629 585 4684 videbit
594 4643 676 4685 corr.
689 4657 722 4670 -
732 4635 745 4671 ⁵
755 4644 814 4685 om.
827 4630 904 4698 aad,
917 4636 944 4684 te
955 4642 1036 4684 corr.
1047 4658 1079 4669 -
1090 4635 1102 4671 ⁶
1114 4630 1160 4683 ita
1172 4630 1239 4684 aad.
