3316 5482
207 345 273 412 358
553 359 678 412 carun.
698 358 802 410 cono.
822 359 999 410 stereon.
1018 359 1101 412 nur.

26 532 113 589 'ced
127 545 185 587 seu.
208 531 263 584 lem
276 535 432 598 susceperat
444 529 569 598 gradum,
582 529 717 595 disposuit
728 528 921 581 ultramarinus
934 533 1024 594 partes
1035 530 1112 583 adire
1132 543 1214 585 causa
1233 531 1376 586 imbuendi
1387 534 1427 587 se'
1489 554 1491 561 ·

207 632 291 685 sacris
302 631 379 685 libris
391 643 440 683 seu
453 630 610 683 monasticis
623 628 775 696 disciplinis
787 628 934 695 perfectius
944 646 951 696 ;
960 629 1009 683 sed
1017 631 1159 696 praevenit
1167 632 1336 687 venerabilis
1349 633 1427 703 regina

207 730 335 799 Eadgiva,
349 734 436 783 mater
448 730 518 797 regis
532 729 656 795 Eadredi,
670 729 729 795 ejus
742 729 897 797 conamina,
908 728 978 782 dans
990 730 1136 783 consilium
1145 731 1203 799 regi
1214 744 1250 785 ne
1263 731 1425 786 talemvimn

209 831 314 885 sineret
327 829 420 899 egredi
433 829 468 882 de
482 843 566 897 regno
579 842 639 883 suo.

240 932 273 984 4.
288 930 390 983 Placuit
400 934 466 982 tune
479 930 535 997 regi
548 928 681 994 lladrcde,
694 928 827 982 suadente
840 933 927 983 matre
938 943 996 998 sua,
1010 930 1076 983 dare
1098 930 1249 984 venerabili
1270 931 1445 987 Athelvroldei

209 1029 346 1098 quendam
370 1028 470 1094 locum,
491 1027 624 1081 vocabulo
645 1027 808 1096 lthbandun,
832 1028 860 1080 in
881 1041 937 1096 quo
958 1030 1186 1084 monasteriolum
1198 1031 1351 1086 habebatur
1369 1031 1428 1086 auti·

210 1130 312 1198 quitus,
325 1128 373 1182 sed
393 1133 451 1182 erat
473 1134 539 1182 tune
555 1128 717 1181 destitutum
730 1131 757 1180 et
774 1128 940 1195 neglectum,
962 1130 1062 1183 vilibus
1083 1129 1219 1184 aedificiis
1239 1133 1392 1187 consistens
1407 1136 1429 1187 et

212 1228 390 1297 quadraginta
402 1230 507 1281 tantum
517 1239 627 1279 mansas
639 1225 783 1293 possidens
794 1245 801 1294 ;
816 1227 949 1294 reliquam
962 1241 1029 1281 vere
1044 1233 1148 1281 terram
1171 1229 1297 1296 ejusdem
1310 1230 1371 1297 loci,
1388 1230 1431 1284 het

211 1336 253 1384 est
264 1334 375 1382 eentum
387 1333 516 1394 cassatos,
531 1327 667 1393 praelatus
680 1340 728 1379 reu
743 1328 806 1393 jure
826 1328 910 1395 regali
932 1328 1099 1394 possidebat.
1117 1331 1286 1396 Factumque
1309 1336 1360 1398 est,
1383 1342 1435 1398 per·

214 1430 338 1483 mittente
361 1430 510 1494 dunstane,
535 1427 686 1479 secundum
708 1427 779 1494 regis
799 1428 975 1495 veluntatem,
989 1432 1019 1480 ut
1038 1427 1227 1482 Athelwoldus
1253 1430 1367 1496 praelati
1391 1426 1469 1484 loelli

212 1529 363 1595 susciperet
371 1540 475 1593 curam,
489 1531 518 1580 ut
531 1527 559 1579 in
571 1539 604 1579 eo
616 1526 719 1579 scilicet
732 1526 881 1580 monachos
898 1527 1037 1580 ordinaret
1047 1527 1208 1596 regulariter
1221 1531 1276 1583 lieo
1287 1529 1438 1585 servientes.

212 1629 292 1683 venit
302 1640 366 1696 ergo
378 1625 534 1693 praedictus
553 1638 648 1679 servus
660 1626 706 1678 liei
718 1626 753 1679 ad
765 1626 855 1679 lecum
868 1626 920 1678 sibi
933 1627 1109 1680 commissum
1121 1644 1129 1693 ;
1151 1640 1234 1695 quem
1247 1629 1339 1682 statim
1361 1628 1442 1683 secmi

214 1730 279 1781 sunt
289 1724 401 1794 quidam
412 1723 507 1777 cleriei
519 1723 554 1777 de
566 1724 713 1789 diastema,
727 1723 778 1776 hoc
791 1729 831 1776 est
848 1725 975 1791 osgarus,
998 1724 1201 1793 Feldbirchtus,
1225 1726 1401 1796 Fritbegarus
1419 1732 1444 1781 et

214 1826 392 1880 ordbirchtus
404 1823 439 1877 de
452 1823 589 1877 lllintonia
601 1829 629 1876 ot
638 1822 767 1876 Eadricus
779 1823 813 1876 de
824 1823 977 1891 Lundenia‚
986 1825 1045 1891 ejus
1055 1824 1230 1893 discipulatui
1240 1839 1270 1881 se
1280 1826 1444 1894 subdentes3

215 1923 442 1993 congregavitque
464 1923 516 1975 sibi
529 1922 558 1974 in
574 1922 649 1975 brevi
671 1923 758 1988 spatio
776 1934 886 1990 gregem
907 1924 1113 1990 monachorum,
1138 1924 1239 1991 quibus
1269 1926 1330 1994 ipse
1359 1927 1441 1981 abbas
1458 1925 1483 1978 lli

215 2025 328 2091 jubente
354 2035 417 2090 rege
437 2021 580 2074 ordinatus
600 2025 649 2073 est.
675 2019 754 2073 Dedit
773 2022 854 2074 etiam
874 2033 922 2073 rex
944 2022 1147 2088 possessionem
1168 2022 1291 2092 regalem
1313 2037 1398 2093 quam
1419 2026 1446 2078 in

215 2123 378 2178 Abundonia
390 2120 556 2188 possederat,
570 2117 623 2175 hoc
634 2126 677 2174 est
689 2125 799 2174 centum
811 2126 930 2174 cassatos
943 2134 1005 2176 eum
1017 2122 1127 2189 optimis
1144 2122 1287 2190 aediliciis,
1309 2126 1403 2179 abbati
1420 2130 1448 2180 et

219 2221 393 2278 iratribusad
406 2224 581 2289 augmentum
601 2220 730 2274 cotidiani
754 2221 851 2285 vietus,
864 2222 932 2274 etin
952 2221 1076 2288 pecuniis
1098 2223 1215 2277 multum
1227 2224 1377 2292 eosjuvit3
1398 2224 1447 2279 sed

162 2310 167 2321 ¹
220 2326 307 2376 mater
316 2321 376 2387 ejus
388 2319 499 2388 largius.

253 2424 284 2476 5.
297 2420 377 2475 Venit
388 2432 453 2487 ergo
467 2432 513 2472 rex
526 2418 643 2485 quadam
655 2418 700 2471 dic
713 2418 747 2471 ad
760 2418 965 2485 monasterium,
979 2423 1010 2471 ut
1019 2417 1209 2474 aedificiorum
1220 2424 1388 2476 structuram
1402 2436 1451 2490 per
1466 2424 1491 2477 w

221 2536 251 2577 se
262 2522 352 2588 ipsum
364 2519 521 2585 ordinaret;
534 2531 702 2585 mensusque
711 2523 752 2571 est
763 2519 855 2572 omnia
868 2518 1048 2572 tundamenta
1059 2520 1218 2573 monasterii
1230 2522 1345 2588 propria
1358 2535 1453 2591 manu,

222 2620 454 2692 quemadmodum
467 2632 560 2673 muros
569 2619 675 2687 erigere
681 2620 853 2672 decreverat.
866 2619 1032 2687 liegavitquc
1042 2633 1105 2673 eum
1119 2621 1205 2674 abbas
1217 2621 1246 2674 in
1258 2622 1380 2690 hospilio
1392 2636 1454 2677 cum

222 2722 279 2776 suis
292 2720 435 2787 prandere.
448 2719 550 2771 Annuit
561 2731 610 2771 rex
623 2719 704 2783 ilieo;
718 2722 745 2771 et
757 2718 868 2786 contigit
889 2719 986 2772 adesse
1007 2720 1057 2772 sibi
1071 2733 1127 2774 nen
1149 2733 1250 2787 paucos
1262 2721 1412 2777 venientes
1422 2736 1456 2777 ex

222 2824 303 2890 gente
311 2818 620 2885 llerthanhymhrorum,
634 2816 680 2882 qui
692 2829 789 2870 omnes
801 2830 863 2869 cum
877 2831 941 2886 rege
953 2818 1081 2871 adierunt
1092 2820 1256 2873 convivium.
1270 2823 1457 2890 laetatusque

223 2925 264 2974 cst
276 2933 332 2986 rex,
346 2923 373 2971 et
382 2916 463 2986 jussit
476 2916 585 2970 abunde
597 2917 744 2983 propinare
756 2917 909 2983 hospitibus
920 2920 1077 2986 medonem,
1099 2920 1199 2973 clausis
1211 2920 1329 2987 loribus,
1344 2934 1383 2975 ne
1394 2921 1457 2988 quis
1473 2922 1491 2974 ἔ

224 3017 352 3087 fugiendo
364 3017 530 3083 potationem
544 3016 642 3084 regulis
654 3015 769 3068 convivii
779 3015 906 3070 deserere
918 3017 1065 3071 videretur.
1091 3018 1157 3083 Quid
1180 3019 1287 3073 multat
1299 3022 1459 3075 ilauserunt

225 3117 342 3171 ministri
355 3117 488 3184 liquorem
502 3119 557 3168 tota
569 3115 613 3168 dic
627 3114 662 3168 ad
674 3128 784 3169 omnem
803 3114 992 3169 suillclcntiam
1013 3118 1240 3184 convivantibus;
1261 3118 1311 3172 sed
1332 3120 1461 3187 nequivit

225 3219 271 3272 ille
283 3219 375 3285 liquor
386 3216 522 3270 exhauriri
535 3215 569 3268 de
582 3226 643 3268 vase
657 3215 709 3267 nisi
722 3215 755 3268 ad
770 3229 926 3268 mensuram
939 3216 1032 3284 palmi,
1046 3217 1188 3270 inebriatis
1208 3219 1461 3286 llerthanbymbris

92 3330 101 3351 ·
137 3327 142 3339 ·
161 3366 168 3382 ,
228 3321 345 3374 suatim·
357 3334 388 3373 ac
400 3319 505 3385 vesperi
519 3317 721 3371 recedentibus.
734 3319 793 3371 lion
806 3318 997 3383 coeplttamen
1019 3319 1102 3371 abbas
1121 3318 1294 3386 designatum
1316 3317 1371 3372 sibi
1390 3333 1461 3386 opus

227 3419 370 3474 aedificare
388 3419 416 3471 in
428 3419 526 3472 diebus
537 3416 652 3469 Eadredi
667 3417 746 3484 regis,
760 3418 824 3484 quia
847 3418 900 3469 cito
913 3417 1000 3483 obiit;
1021 3417 1069 3470 sed
1082 3421 1213 3484 regnante
1235 3419 1360 3486 Badgare
1373 3419 1462 3473 beno·
1478 3422 1491 3472 l

229 3520 314 3575 rahile
326 3518 457 3586 templum
470 3518 498 3569 in
511 3518 616 3570 honere
629 3520 738 3570 sanctae
751 3517 849 3570 llariae
868 3517 1008 3585 genitricis
1029 3517 1075 3570 liei
1089 3530 1255 3584 semperque
1266 3518 1387 3586 virginis
1396 3531 1463 3572 con·

230 3621 328 3674 struxit
340 3620 399 3672 loco
412 3624 438 3671 et
450 3618 658 3683 consummavit,
672 3617 744 3684 quod
758 3618 817 3669 visu
830 3617 927 3671 melius
939 3630 1020 3685 quam
1034 3630 1162 3671 sermone
1181 3617 1345 3671 ostenditur.

263 3721 294 3773 8.
307 3719 384 3772 Circa
397 3719 464 3770 hacc
474 3720 595 3783 tempora
610 3717 719 3784 eligitur
739 3719 897 3769 liunstanus
916 3715 950 3769 ad
963 3717 1148 3783 episcopatum
1170 3717 1360 3784 wigornensis
1374 3718 1463 3771 eccle·

230 3821 296 3886 siae,
310 3824 336 3872 et
347 3822 408 3885 post
419 3829 555 3870 annerum
568 3816 704 3869 curricula
716 3816 804 3869 lactus
816 3817 1047 3882 archiepiscopus,
1071 3818 1171 3870 mansit
1191 3817 1219 3869 in
1238 3817 1336 3870 cantia
1349 3817 1464 3885 triginta

231 3924 259 3971 et
270 3923 373 3985 septem
391 3916 472 3969 annis
484 3915 560 3983 quasi
574 3915 701 3968 columna
715 3915 872 3979 immobilis,
886 3915 1021 3981 doctrina,
1035 3915 1209 3982 elemosynis,
1220 3915 1364 3981 prephetia
1377 3929 1460 3983 prae·
1477 3917 1491 3968 b

232 4019 355 4086 pollens3
368 4016 402 4069 ad
415 4015 492 4081 cujus
504 4015 626 4067 tumbam
638 4015 719 4067 etiam
733 4015 891 4081 frequentor
916 4014 973 4067 heri
995 4015 1126 4068 miracula
1138 4013 1304 4069 audivimus.
1318 4014 1464 4068 ethelwel

229 4119 281 4172 dus
293 4122 385 4171 autem
397 4114 471 4168 misit
480 4118 610 4183 osgarum
624 4116 788 4169 monachum
798 4119 872 4167 trans
884 4128 959 4168 marc
968 4115 1002 4167 ud
1014 4115 1211 4170 monasterium
1223 4114 1311 4168 sancti
1321 4115 1465 4169 Benedicti

230 4218 411 4282 l'leriaeensc,
419 4220 448 4269 ut
456 4229 546 4269 mores
556 4214 694 4282 regulares
704 4215 757 4267 illic
767 4215 885 4268 disceret
894 4228 925 4268 ac
934 4216 1007 4269 domi
1019 4215 1147 4268 tratribus
1156 4215 1280 4269 dec-endo
1290 4216 1465 4281 estenderet,

230 4318 358 4386 quatinus
370 4316 427 4383 ipse
442 4315 593 4382 regularem
608 4327 731 4367 normam
746 4320 857 4368 secutus
871 4328 924 4368 una
938 4328 1000 4367 cum
1014 4315 1064 4366 sibi
1086 4315 1226 4380 subjectis,
1239 4314 1320 4367 devia
1334 4327 1465 4382 quaeque

229 4417 380 4483 declinans,
393 4428 503 4484 gregem
514 4414 566 4466 sibi
587 4415 764 4468 commissum
788 4414 821 4466 ud
844 4415 957 4479 patriam
980 4415 1142 4480 perduceret
1162 4413 1338 4479 promissam.
1360 4417 1392 4467 ln
1412 4422 1491 4482 quat

231 4516 440 4585 congregatione
453 4519 510 4568 erat
523 4514 633 4581 quidum
647 4513 739 4579 irater,
753 4514 908 4566 llcllstanus
929 4514 1052 4579 nominc,
1075 4513 1190 4580 simplex
1212 4518 1239 4565 et
1256 4526 1373 4581 maguae
1385 4516 1469 4569 eboc

230 4616 349 4670 dientiac
362 4616 413 4681 vir,
426 4627 507 4681 quem
521 4613 605 4666 abbas
616 4614 697 4679 jussit
710 4612 868 4679 praevidere
878 4613 980 4666 cibaria
993 4612 1127 4666 artificum
1141 4612 1319 4680 monasterii;
1339 4613 1383 4667 cui
1407 4627 1469 4669 ser-
