3316 5482
436 435 528 485 ersa.
548 436 832 487 uur.enn1s.-
847 437 1001 487 urrann.
1021 438 1068 486 no
1084 437 1162 488 coo.
1182 435 1258 487 sart.
1399 422 1466 486 445

232 604 283 655 tus
294 605 325 656 ct
336 604 448 657 allidit
458 617 508 658 eos
519 606 705 672 adpetrant.
722 606 818 659 Petra
841 608 946 660 autern
960 608 1006 660 est
1020 605 1171 661 Christus.
1191 607 1246 661 Vos
1259 607 1343 661 enim
1355 607 1413 660 otiu
1431 607 1465 659 in

231 701 352 757 incerta
365 703 461 758 amm
481 703 644 772 habuistis,
657 707 738 774 quod
760 707 805 760 ita
828 709 874 760 cst
886 705 1029 774 prosecta
1049 720 1107 761 nos
1126 720 1246 774 semper
1264 708 1299 761 in
1321 707 1464 774 ambipuo

232 802 365 856 ausari.
380 806 452 858 llaec
463 805 508 858 ubi
530 804 608 872 dixit,
622 806 709 872 plebs,
723 807 751 859 in
764 807 912 859 maximam
930 821 1007 873 spem
1024 807 1151 874 adducta,
1165 807 1318 874 Philippum
1336 820 1415 861 orare
1435 813 1465 860 ut
1545 831 1548 835 v

231 901 293 964 ejus
304 901 483 956 misereretur
495 917 503 955 :
517 904 585 957 nihil
598 909 652 957 tam
674 918 801 971 asperum
815 918 905 971 neque
918 911 972 958 tam
991 904 1111 970 difficile,
1123 907 1196 972 quod
1218 918 1274 959 non
1287 904 1465 973 cupidissime

195 999 213 1050 5
231 998 329 1052 tacturi
342 1007 443 1067 essent,
456 1003 523 1057 dum
535 1005 575 1057 eis
587 1005 615 1056 in
630 1005 697 1058 urbe
709 1005 829 1071 parentis
846 1005 907 1060 loco
923 1009 1086 1058 versaretur.
1100 1008 1131 1057 lit
1146 1006 1186 1059 sic
1203 1006 1333 1059 relectam
1351 1018 1461 1060 conver·

231 1114 348 1169 samque
359 1102 469 1156 caelesti
483 1102 544 1157 cibo
556 1104 664 1156 turbam
677 1103 788 1157 dimisit.
802 1105 851 1168 Qui
864 1117 927 1157 cum
940 1104 990 1156 viri
1003 1104 1048 1157 bei
1062 1105 1180 1158 maximo
1196 1104 1306 1158 silentio
1319 1108 1462 1171 praecepta

231 1201 383 1267 audissent,
393 1214 489 1255 omnes
500 1202 535 1255 ad
547 1216 612 1256 eum
624 1202 794 1257 laudandum
807 1202 1051 1269 extollendumque
1065 1204 1190 1257 conversi
1202 1208 1276 1268 sunt,
1289 1216 1353 1256 eum
1365 1203 1465 1257 doctis·

230 1301 343 1366 simum,
357 1314 419 1355 eum
431 1302 698 1368 eloquentissimum,
712 1316 775 1356 eum
795 1303 916 1356 viromm
937 1303 1069 1368 optimum
1090 1303 1347 1370 sanctissimumque
1359 1303 1464 1369 praedi-

230 1412 306 1453 care.
318 1401 442 1455 llouebat
461 1414 517 1469 eos,
530 1403 570 1455 uti
592 1401 776 1469 meoiudicio
797 1402 1031 1469 comprehendere
1052 1415 1174 1468 possum,
1187 1403 1321 1456 sermonis
1343 1407 1464 1470 ornatus,

187 1502 212 1552 ιθ
231 1501 432 1555 sententiamm
451 1502 579 1569 parias,
601 1502 780 1569 omniumque
801 1516 894 1556 rerum
914 1507 1021 1556 matura
1041 1503 1169 1571 sanctitas
1182 1520 1190 1568 ;
1203 1503 1250 1556 sed
1272 1504 1466 1569 superomnia

231 1602 361 1656 movebat
371 1600 432 1655 illos
444 1601 540 1669 ingens
552 1607 635 1668 atque
648 1600 818 1654 incredibilis
831 1601 938 1666 caritas,
951 1614 1033 1668 quam
1047 1600 1135 1666 ipsum
1156 1612 1219 1666 erga
1232 1613 1280 1652 eos
1294 1601 1394 1654 habere
1408 1601 1465 1654 suis

231 1701 325 1755 verbis
345 1701 475 1768 perfacile
493 1701 650 1768 apparebat.
670 1703 743 1765 Quae
763 1701 894 1767 quoniam
915 1713 949 1753 ex
970 1713 1036 1753 vero
1058 1701 1149 1753 animo
1170 1705 1197 1752 et
1217 1700 1333 1766 simplici
1346 1699 1465 1768 quadam

232 1802 356 1856 bonitate
368 1799 502 1868 proficisci
513 1801 665 1868 videbatur,
679 1802 778 1855 mirum
791 1802 819 1853 in
832 1801 943 1854 modum
957 1800 1093 1854 universis
1105 1800 1238 1866 placebat.

267 1901 318 1954 10.
332 1903 400 1954 bum
421 1902 489 1954 haec
509 1901 669 1969 agebantur,
683 1902 742 1967 ejus
763 1913 856 1954 comes
876 1901 1004 1953 omnibus
1025 1899 1148 1966 patribus
1169 1900 1354 1966 fratribusque
1367 1912 1465 1953 conve-

187 2003 212 2055 ts
230 2000 372 2053 aientibus
384 2000 502 2068 singula,
520 2013 591 2066 quae
612 2000 717 2053 viderat
736 2004 783 2053 aut
803 1999 936 2066 audierat,
958 2000 1032 2054 uelut
1052 1998 1154 2053 flumen
1175 1997 1328 2052 effundere.
1350 2001 1388 2052 lix
1409 2012 1465 2065 quo

232 2110 330 2152 omnes
341 2097 433 2166 gaudii
444 2098 619 2165 laetitiaeque
631 2098 727 2164 repleti
748 2103 821 2163 sunt,
832 2099 1063 2164 vehementerque
1081 2097 1204 2151 exultare
1216 2097 1298 2150 talem
1319 2096 1360 2150 eis
1377 2097 1464 2151 homi·

233 2210 299 2250 nem
310 2197 441 2251 divinitus
453 2174 513 2251 esse
524 2197 629 2250 datum.
643 2197 696 2251 Sed
716 2210 779 2251 cum
801 2196 974 2264 Bonusdlius,
987 2199 1034 2264 qui
1054 2199 1105 2252 loci
1119 2198 1191 2251 illius
1204 2198 1308 2265 primus
1320 2203 1388 2264 erat,
1402 2195 1464 2251 Phi-

235 2297 340 2364 lippum
362 2298 434 2352 haud
454 2298 604 2352 absurdum
625 2303 708 2366 atque
728 2299 931 2351 sanctissimum
952 2303 1078 2352 constare
1097 2299 1278 2367 intellegeret,
1296 2311 1358 2352 mox
1382 2296 1465 2351 adse

233 2396 384 2462 accersiri]
393 2398 481 2464 jubet.
498 2401 605 2452 Fratres
613 2411 678 2452 vero
687 2399 723 2451 ad
732 2399 804 2452 beati
816 2400 866 2454 viri
876 2400 1031 2452 cubiculum
1040 2399 1211 2467 testinantes,
1220 2399 1398 2466 percavillam
1406 2399 1467 2452 ostii

187 2499 212 2550 to
229 2496 320 2563 ipsum
337 2502 401 2551 ante
413 2497 528 2566 virginis
540 2499 716 2551 simulacrum
729 2503 887 2552 exorantem
900 2497 992 2552 intuiti
1005 2505 1077 2552 sunt.
1090 2500 1123 2551 ht
1145 2499 1249 2553 diutius
1266 2498 1386 2567 ambigui
1404 2511 1466 2566 per·

234 2596 363 2650 sistentes
374 2595 528 2666 quiidJnam
540 2598 580 2651 eis
592 2604 665 2651 esset
678 2597 837 2650 faciundum
847 2600 866 2658 ·,
878 2597 955 2665 prior
975 2598 1028 2651 loci
1041 2611 1101 2652 sese
1113 2598 1168 2650 illis
1186 2597 1292 2651 addidit
1311 2597 1466 2666 prolatanti·
1525 2599 1535 2619 ·
1571 2597 1577 2611 ·

232 2694 296 2760 bus,
309 2709 414 2750 moram
435 2697 544 2750 illorum
565 2702 595 2749 ut
616 2697 781 2766 objurgaret.
795 2698 899 2763 Quippe
921 2699 1030 2750 beatum
1053 2696 1208 2764 Philippum
1230 2710 1245 2750 a
1266 2697 1362 2764 spiritu
1384 2698 1465 2763 longe

232 2794 355 2848 alienum
367 2809 428 2850 esse
438 2798 589 2864 perspexit3
600 2799 684 2851 semel
693 2799 769 2852 bisve
778 2798 901 2864 pulsans,
914 2797 982 2850 nihil
997 2795 1175 2863 respondere,
1187 2797 1310 2864 nihilque
1322 2797 1446 2864 accipere
1457 2815 1465 2864 3

233 2900 262 2946 et
275 2894 374 2950 iccirco
386 2898 525 2961 omnibus,
538 2897 585 2964 qui
599 2912 661 2951 eum
675 2899 838 2951 accersitum
851 2904 992 2962 venerant,
1007 2897 1200 2964 nequicquam
1216 2897 1323 2950 molesti
1336 2899 1360 2950 ei
1373 2903 1467 2951 essent

187 2993 215 3046 lb
232 2995 389 3061 praecepta
402 3001 429 3048 et
441 3010 503 3050 mox
515 3010 565 3063 per
577 2996 704 3061 eandem,
718 3010 800 3064 quarn
814 3010 896 3062 supra
906 2997 1036 3063 diximus,
1050 2997 1173 3049 cavillam
1186 2997 1295 3049 beatum
1309 2996 1465 3064 Philippum

234 3102 362 3163 ereptum
374 3111 434 3150 esse
454 3097 605 3165 conspexit.
619 3101 703 3162 Quem
716 3102 791 3151 tana
803 3111 866 3151 oum
884 3097 1018 3152 modestia
1036 3103 1064 3150 et
1081 3098 1194 3151 caritate
1211 3098 1316 3152 vocaut
1326 3104 1358 3150 ut
1370 3097 1467 3151 Christi

235 3196 325 3249 tidelis
345 3210 400 3250 non
413 3211 524 3263 parvam
544 3212 578 3251 ex
595 3212 628 3252 eo
650 3205 760 3264 caperet
780 3198 1007 3264 admirationcm3
1028 3210 1059 3251 ac
1077 3198 1208 3252 continuo
1226 3199 1353 3252 comitem
1374 3199 1467 3252 omnia

234 3294 381 3362 protulisse
396 3296 534 3363 arbitrari,
546 3303 627 3364 atque
640 3297 709 3350 adeo
721 3310 769 3351 cor
781 3299 839 3363 ejus
858 3298 1069 3350 contremiscere
1086 3310 1119 3349 ac
1135 3295 1263 3363 deficere,
1276 3297 1316 3349 uti
1327 3295 1465 3362 quoddam

233 3395 365 3448 acerbum
377 3395 508 3463 flagitium
521 3396 745 3464 horrendumque
757 3398 846 3450 scelus
858 3402 940 3464 atque
952 3398 1057 3450 lacinus
1069 3397 1260 3450 commisisset.

187 3496 214 3547 to
264 3495 310 3546 11.
323 3497 392 3546 Tum
404 3496 578 3561 bonusfilius,
592 3497 701 3550 beatum
712 3499 800 3550 uirum
810 3498 916 3549 tristem
928 3510 988 3549 esse
1003 3497 1182 3563 perspiciens,
1194 3497 1284 3563 ipsum
1295 3496 1334 3548 sic
1346 3494 1445 3549 ellatur
1459 3509 1466 3547 :

239 3593 274 3647 ut
279 3594 462 3661 perspicere
469 3608 607 3663 possum,
627 3596 738 3649 divissa
760 3597 804 3650 aa
824 3609 880 3649 uos
896 3595 1100 3662 procidentia
1120 3596 1366 3650 constitutores.
1380 3596 1466 3648 Doto-

232 3706 301 3747 rem
312 3694 497 3749 enimtuum
509 3695 632 3750 invenio
652 3697 770 3751 nostris
792 3709 963 3764 corrpruerc
979 3698 1009 3749 et
1020 3695 1195 3750 consentire
1214 3696 1303 3749 votis.
1321 3693 1466 3756 Quamob-

233 3803 301 3846 rem
312 3805 350 3846 ea
362 3807 443 3860 quac
453 3795 534 3849 scire
545 3796 699 3863 cupimus,
718 3809 778 3864 per
799 3796 904 3863 ipsunt
921 3808 1029 3849 caum
1045 3796 1139 3861 atque
1150 3795 1359 3848 r'rnmortalem
1371 3795 1468 3846 Deum

233 3903 374 3945 narrare
391 3905 572 3960 precamur,
595 3893 629 3946 id
646 3892 786 3961 maseato
810 3907 872 3947 clau
894 3894 1053 3960 iphereus,
1076 3893 1157 3958 quad
1174 3891 1291 3959 siquid
1303 3904 1323 3944 a
1336 3891 1469 3944 ueritate

187 3992 216 4042 ht
233 3991 376 4045 alianum
387 3994 639 4061 annuntiaveris,
662 3995 758 4047 munz
768 3993 911 4059 judicem
928 3992 1063 4059 effrcpere
1080 4004 1277 4058 nequaquam
1288 3991 1384 4044 vales.
1398 3991 1468 4043 Nou

234 4094 319 4146 euim
331 4095 394 4146 tres
414 4097 472 4147 aut
492 4096 641 4161 quattuor
661 4097 717 4147 aut
733 4095 835 4148 άεοειη
847 4091 979 4160 fucrurtt
999 4092 1054 4158 qui
1066 4091 1141 4145 hacc
1158 4091 1245 4145 nabis
1255 4092 1401 4153 retulere,
1414 4089 1469 4142 sed

229 4205 328 4260 porro
338 4195 458 4261 plures,
470 4208 510 4248 ea
522 4195 633 4262 quibus
645 4195 707 4248 ah'i
716 4194 863 4261 homines,
875 4194 937 4247 alii
947 4193 1018 4260 ciri,
1030 4195 1061 4246 et
1071 4193 1196 4246 tandem
1208 4205 1297 4246 omne
1308 4190 1468 4244 homiuum

231 4305 330 4359 penus
342 4291 430 4347 nabis
442 4293 518 4347 hoec
539 4294 685 4347 retulisse
700 4293 903 4360 senioratum
924 4294 979 4344 est.
1009 4291 1120 4344 Verum
1141 4290 1171 4343 si
1189 4288 1469 4356 nosseccqrisquae

233 4389 377 4445 cannabus
389 4394 546 4457 comperta
558 4394 640 4459 sunt,
651 4391 766 4458 parteis
775 4390 950 4457 expediant.
964 4388 1109 4443 Primum
1118 4387 1354 4454 omnium,·aliis
1363 4387 1468 4440 eaelu-

187 4489 218 4542 ld
235 4490 290 4556 sis,
299 4487 462 4557 profectus
472 4494 517 4543 est
528 4491 570 4544 act
583 4504 638 4544 uas
651 4503 749 4545 comcs
777 4493 859 4559 tuus,
872 4503 913 4542 aar
923 4501 982 4556 quo
993 4489 1115 4554 quidem
1128 4486 1343 4553 eloquentiam,
1356 4485 1468 4540 doctri·

234 4603 319 4655 nam,
331 4589 595 4656 pravissimarum
608 4603 716 4643 renem
728 4587 904 4641 disseratur·
914 4588 1068 4640 rationem
1077 4589 1170 4653 atque
1179 4583 1320 4638 omuibus
1330 4584 1364 4636 iu
1376 4583 1467 4636 rebus

235 4690 395 4742 maturant
416 4691 502 4743 tuam
523 4689 723 4743 sanctitatem
743 4688 929 4755 accepimus,
952 4699 1046 4753 quam
1061 4684 1170 4752 potius
1193 4683 1345 4737 diuinitus
1366 4685 1460 4749 atque
