3316 5482
262 366 356 416 uren.
375 365 458 417 nur.
477 366 594 416 ranis.
612 386 658 397 -
673 364 828 417 cernuo.
847 366 894 417 ab
911 366 990 416 ooo.
1008 363 1084 416 surr.
1226 351 1292 416 457

49 535 192 589 adorandi
205 548 288 589 causa
300 539 420 601 uenerat,
434 534 527 589 odoris
540 533 672 602 fragantia
684 535 819 601 quaedam
831 536 920 588 somni
942 535 1067 602 voluptas
1089 535 1178 602 ipsum
1191 534 1291 602 rapuit.

53 637 188 700 Quicum
209 635 455 702 expergisceretur,
475 634 509 688 ab
530 635 605 688 omni
623 633 780 687 infirmitate
800 647 830 686 se
850 633 969 688 liberum
988 635 1083 702 sensit,
1107 639 1137 688 ut
1155 636 1212 702 jarn
1231 636 1292 690 sine

55 735 156 789 baculo
170 735 333 801 perpulchre
345 734 507 788 ambularet.

87 836 145 888 44.
159 837 277 901 Insuper
292 835 334 887 vir
353 835 465 903 quidam
487 847 550 888 cum
571 847 667 899 uxore,
690 834 762 887 haud
782 835 898 888 obscura
914 834 1018 888 familia
1040 839 1126 904 ortus,
1148 841 1243 889 natum
1262 837 1290 888 in

25 934 42 987 b
54 934 176 987 brachiis
189 933 332 1001 ferens,a‹l
339 934 456 1001 Philippi
468 935 625 1001 sepulcrum
636 946 666 986 se
678 933 814 1000 adjunxit,
822 934 945 987 clamans
954 933 1104 1002 dicensque
1115 934 1201 989 filiurn
1211 948 1291 988 suurn

53 1034 111 1100 jam
125 1040 264 1087 mortuum
277 1034 370 1101 fuisse,
384 1035 437 1087 nisi
450 1034 525 1101 quod
537 1033 712 1086 sanctissimo
722 1034 780 1087 viro
792 1033 950 1088 deuoueret.

89 1134 146 1188 45.
161 1135 227 1187 item
240 1133 331 1201 puella
343 1133 479 1201 quaedam
491 1147 539 1200 per
549 1145 695 1193 sexanpos
715 1133 867 1188 luminibus
888 1146 997 1202 carens,
1011 1132 1137 1202 Philippo
1157 1134 1247 1201 rovit3
1265 1139 1295 1187 at

57 1232 192 1286 continuo
204 1232 345 1300 patefactis
356 1232 442 1285 oculis
454 1232 530 1285 vidit.

89 1333 146 1385 46.
160 1336 303 1387 Praeterea
314 1331 426 1399 quidam
440 1331 633 1398 paterfamilias
645 1331 751 1403 regium
763 1312 891 1384 morbum
909 1332 1024 1398 habens,
1042 1333 1078 1386 ob
1097 1345 1179 1399 quern
1198 1345 1289 1400 neque

10 1433 37 1486 to
55 1432 181 1500 requiem
195 1445 285 1499 neque
298 1432 522 1499 tranquillitatem
535 1431 656 1498 aliquam
677 1431 801 1484 inuenire
822 1436 938 1498 poterat.
960 1435 1017 1497 Quo
1030 1436 1120 1485 actum
1134 1436 1174 1485 est
1189 1438 1220 1485 ut
1232 1445 1288 1485 ma·

54 1531 130 1584 xima
142 1545 206 1585 curn
216 1531 362 1585 devotione
374 1544 497 1597 puraque
510 1530 683 1584 confessione
696 1530 731 1583 ad
745 1530 900 1598 Philippum
913 1531 973 1585 iret.
995 1531 1044 1595 Qui
1056 1530 1125 1584 adeo
1143 1531 1169 1584 ei
1182 1543 1288 1584 morem

53 1632 150 1699 gessit,
163 1637 194 1684 ut
205 1632 270 1686 olim
282 1644 388 1685 summa
400 1643 466 1697 pace
478 1644 640 1699 summaque
649 1632 740 1698 quiete
753 1636 847 1684 noctes
855 1636 936 1698 atque
947 1631 1006 1684 dies
1022 1632 1068 1685 tali
1080 1637 1157 1698 peste
1176 1644 1291 1686 vacuum

55 1743 87 1783 se
99 1737 246 1784 assereret.

90 1831 148 1886 ⁴7.
170 1829 288 1884 Alterum
310 1843 374 1884 vero
395 1831 545 1897 bominem,
565 1830 608 1883 cui
630 1830 690 1885 sine
712 1831 809 1885 baculo
822 1829 944 1884 eundum
957 1832 1070 1885 minime
1091 1832 1216 1897 dabatur,
1230 1845 1291 1899 pro·

10 1929 38 1981 lb
56 1928 126 1995 priis
138 1927 254 1995 pedibus
268 1941 380 1983 currere
392 1929 465 1983 fecit.

90 2027 147 2080 48.
161 2031 228 2080 burn
242 2029 310 2081 haec
322 2033 440 2096 aguntur
451 2034 478 2082 et
490 2028 630 2094 Philippus
643 2041 700 2082 non
714 2028 821 2082 modica
833 2028 979 2083 devotione
991 2033 1179 2096 veneraretur,
1190 2028 1289 2102 isdem,

54 2229 214 2296 tenebatur,
228 2227 297 2281 adeo
310 2233 341 2281 ut
353 2228 466 2295 quidde
478 2241 511 2282 eo
523 2228 816 2296 facerentambiguum
834 2232 916 2295 atque
934 2228 1070 2282 incertum
1089 2232 1171 2282 esset.
1186 2229 1290 2281 Statue·

54 2333 124 2382 runt
137 2327 258 2394 denique
269 2326 366 2380 aflines
378 2328 493 2395 Philippi
507 2328 718 2381 calciamentum
730 2329 754 2380 ei
774 2325 871 2381 afferre
883 2346 890 2391 ;
904 2327 978 2394 quod
989 2340 1096 2381 summa
1108 2327 1285 2381 veneratione

10 2431 38 2484 to
55 2441 122 2484 curn
137 2422 251 2480 sudario
263 2427 474 2495 circumseptum
494 2428 644 2496 aegrotanti
665 2427 824 2480 attulerunt.
847 2427 896 2491 Qui
917 2440 980 2480 curn
993 2439 1058 2481 suos
1069 2432 1145 2481 artus
1157 2432 1289 2496 tangeret,

56 2529 152 2582 statim
165 2541 195 2581 se
206 2526 324 2581 liberum
337 2541 396 2581 esse
408 2528 545 2595 cognouit.

92 2627 148 2680 40.
161 2629 288 2680 Ceterum
296 2627 427 2679 ‘omnium
439 2627 589 2679 maximum
603 2631 729 2680 constare
737 2626 958 2680 ridetur.tlulier
969 2627 1103 2695 quaedam
1115 2626 1291 2682 daemonium

57 2727 174 2792 habens,
187 2740 202 2779 a
214 2739 269 2793 quo
281 2731 354 2779 tanta
363 2740 425 2778 cum
435 2726 570 2779 anxietate
580 2726 739 2794 augebatur,
752 2728 803 2791 [ut]
814 2739 923 2792 semper
932 2725 1026 2780 funem
1037 2725 1167 2794 aliudque
1179 2741 1291 2794 suspen·

56 2824 144 2879 dendi
154 2825 377 2890 instrumentum,
391 2837 446 2891 quo
459 2823 558 2891 laqueo
576 2829 669 2890 posset
680 2825 762 2877 vitam
775 2823 864 2891 linire,
875 2830 1034 2891 quaereret;
1054 2826 1126 2878 circa
1139 2839 1222 2892 quarn
1235 2838 1291 2879 non

10 2927 40 2980 iti
57 2937 143 2993 parra
153 2925 335 2978 adhibebatur
347 2937 422 2978 cura.
433 2927 567 2979 bucentes
587 2925 669 2993 igitur
690 2939 749 2978 eam
770 2925 804 2978 ad
825 2925 1028 2978 sanctissimum
1050 2926 1167 2993 Philippi
1180 2939 1289 2993 corpus,

58 3025 203 3093 paululum
211 3024 388 3090 obdormivit3
397 3024 519 3091 viditque
531 3025 685 3090 Philippum
697 3025 815 3093 ingentis
826 3023 982 3091 splendoris
995 3025 1082 3078 instar
1095 3025 1168 3079 adse
1180 3027 1290 3079 uenien-

58 3129 114 3177 tem
128 3129 156 3176 et
166 3122 302 3176 dicentem
314 3122 366 3175 sibi
381 3138 388 3174 ι
402 3122 525 3191 confide
540 3121 621 3189 filiu.
635 3123 696 3188 Epo
707 3123 791 3176 enim
813 3125 886 3176 tuac
905 3123 1121 3177 restituendae
1141 3123 1291 3177 sanitatis

55 3221 166 3291 pratia
189 3221 249 3276 huc
269 3222 340 3275 veni
349 3264 356 3289 ,
378 3223 471 3289 atque
487 3234 508 3275 a
526 3222 665 3287 pessimo
684 3222 885 3290 calamitate,
907 3234 969 3289 qua
990 3221 1149 3290 hamusque
1168 3225 1290 3276 retentu

57 3320 161 3390 suisti,
175 3323 204 3374 tc
214 3321 384 3375 absolvam.
397 3322 454 3374 Sed
466 3335 566 3374 urerent
578 3324 606 3374 te
617 3334 681 3374 non
695 3323 800 3390 lateat,
815 3321 968 3389 Spiritum
978 3325 1124 3377 sanctum
1145 3321 1290 3390 deinceps

10 3422 40 3474 ³0
57 3422 93 3473 ire
104 3421 197 3475 corde
208 3423 261 3475 tuo
272 3424 478 3474 versutorum.
493 3422 596 3487 Quibus
608 3422 699 3475 verbis
713 3423 835 3488 prolatis,
861 3422 953 3475 statim
971 3423 1165 3490 expergiscens
1179 3436 1208 3476 se
1222 3423 1291 3477 libe·

60 3533 119 3574 rarn
130 3521 261 3587 repperit.

91 3619 147 3673 50.
160 3620 193 3673 ht
204 3632 273 3687 puer
284 3620 406 3687 quidam,
420 3619 518 3687 lapidis
531 3621 648 3688 patienS,
659 3633 722 3689 curn
745 3621 889 3674 devotione
910 3621 1090 3688 omnipotenti
1104 3625 1158 3676 beo
1176 3624 1292 3690 ejusque

58 3718 185 3787 genitrici
205 3718 343 3785 piissimae
362 3719 441 3771 matri
464 3732 516 3772 uec
537 3731 593 3772 non
614 3719 786 3773 sanctissimo
807 3719 864 3773 viro
885 3720 1009 3787 Philippo
1030 3734 1141 3788 vorens,
1163 3723 1293 3776 continuo

60 3819 154 3873 erasit.

16 3918 44 3969 st
93 3919 145 3970 51.
157 3918 255 3971 lulier
266 3924 358 3971 autern
370 3919 515 3984 quaedam,
530 3918 604 3973 fluxu
614 3919 755 3989 sanguinis
764 3918 918 3989 abundans,
929 3919 995 3974 dum
1006 3919 1176 3988 mulieibJres
1188 3926 1292 3988 ageret,

59 4018 85 4070 ei
97 4017 240 4085 sanguinis
252 4016 342 4071 fluxus
355 4030 404 4083 per
424 4023 485 4071 octo
505 4019 564 4072 dies
582 4019 669 4086 ipsam
692 4019 818 4071 crucians
839 4032 1037 4086 maceransque
1050 4019 1206 4072 devorabat.
1220 4022 1293 4084 Quae

59 4117 168 4170 tandem
182 4117 297 4183 Philippi
311 4116 414 4170 meritis
429 4121 524 4170 sanata
535 4124 586 4172 est.

92 4217 147 4269 52.
162 4217 255 4271 Puella
267 4217 402 4284 quaedam
414 4231 463 4283 per
482 4220 637 4285 complures
658 4232 747 4272 annos
768 4219 877 4273 dolores
897 4220 1084 4273 intolerabiles
1105 4218 1281 4272 innumerabi

58 4317 154 4384 lesque
166 4331 296 4384 perpessa
308 4323 366 4371 erat
379 4318 407 4370 in
420 4320 549 4373 omnibus
570 4321 692 4386 corporis
713 4320 848 4387 partibus,
870 4334 940 4387 quae
961 4319 1073 4387 quidem
1087 4319 1215 4372 omnibus
1228 4324 1292 4372 nota

10 4419 42 4470 lo
58 4423 132 4483 sunt,
145 4424 175 4470 ut
187 4418 263 4470 nullo
277 4423 354 4482 pacto
368 4419 477 4471 nullave
489 4420 594 4472 ratione
607 4419 711 4485 absque
724 4425 900 4486 cognatorum
914 4420 1014 4472 auxilio
1027 4431 1176 4472 semovere
1190 4422 1288 4484 posset.

57 4519 130 4581 Quae
143 4517 190 4569 ubi
203 4517 237 4569 ad
250 4517 406 4583 Philippum
419 4517 574 4584 adducitur,
589 4518 670 4571 talem
692 4519 795 4584 recepit
816 4519 960 4572 sanitatem
981 4524 1011 4571 ut
1033 4531 1182 4585 numquam
1197 4530 1290 4584 aegro-

57 4621 127 4668 tasse
138 4619 280 4683 appareat.
