3316 5482
338 361 341 368 ·
441 364 536 415 1111.
555 364 840 416 nemeacus-
854 365 1008 416 111111.
1028 365 1075 416 uo
1091 366 1169 417 ooo.
1192 365 1267 417 aava.
1398 352 1466 418 365

237 547 342 603 gamm.
355 537 479 600 superna
501 547 620 602 namque
640 533 748 588 lavante
769 533 923 602 clementia,
945 539 1087 590 crescente
1108 549 1171 590 cum
1192 537 1268 590 omni
1289 537 1364 592 bono
1377 536 1407 591 in
1418 549 1469 592 suo
1523 604 1525 609 ¹

236 635 370 690 coenobio
383 634 583 689 monachorum
596 639 748 690 caterva...
761 633 858 703 (ibid,
870 648 959 689 uum.
973 636 1010 703 7).

271 735 303 789 6.
317 737 441 802 cumque
452 734 555 788 ibidem
566 746 640 788 anuo
653 741 681 789 et
692 747 741 789 sex
753 735 811 789 iere
823 736 1009 790 mensibus...
1022 734 1118 804 (ibid,
1131 749 1218 790 num.
1232 737 1269 804 8).

270 834 303 887 7.
317 834 400 900 igitur
409 830 524 886 invitum
536 845 600 886 eum
612 844 645 886 ac
657 831 800 887 ilentem...
811 833 852 886 rei
861 832 987 887 ordinem
1000 835 1136 889 revocavit
1144 832 1238 901 (ibid,
1248 847 1335 888 num.
1346 837 1363 888 1
1375 833 1467 902 init),

201 935 219 986 o
236 934 418 988 reminiscens
429 932 498 987 illud
519 933 639 1001 Apostoli
652 945 661 985 t
676 949 687 984 r
702 932 800 1001 lilioli,
826 933 924 1001 inquit,
949 934 1013 998 mei,
1035 945 1105 1002 quos
1117 934 1217 988 iterum
1228 934 1361 1004 parturio,
1376 933 1466 988 donec

235 1033 370 1087 formetur
380 1033 506 1086 cbristus
517 1032 547 1085 in
558 1033 646 1087 tobis.
662 1050 673 1083 v

270 1132 304 1186 8.
317 1132 427 1186 studuit
438 1131 530 1186 denuo
551 1132 612 1200 ipse
633 1132 754 1186 salubria
774 1132 901 1201 dogmata
921 1133 973 1187 sub
993 1132 1110 1201 regulari
1128 1138 1268 1188 tenore...
1282 1133 1386 1201 absque
1398 1132 1466 1186 dila·

235 1234 313 1287 tione
324 1232 485 1287 conterebat
495 1231 593 1299 (ibid,
605 1246 691 1286 uum.
706 1233 742 1285 la
753 1232 845 1300 1111).
863 1234 896 1286 lit
907 1232 971 1300 quia
988 1233 1072 1287 totius
1084 1234 1214 1288 bonitatis
1228 1246 1337 1301 semper
1347 1232 1470 1287 eratavl·

235 1332 300 1397 dus,
310 1345 377 1387 suus
389 1331 533 1386 laudabilis
545 1330 575 1385 in
587 1332 693 1386 cunctis
705 1332 855 1387 testabatur
866 1331 988 1388 allectus.
1000 1333 1132 1388 omnlbus
1144 1333 1257 1401 etenim,
1264 1334 1342 1401 Juxta
1354 1336 1465 1402 lposto·

187 1433 218 1486 10
236 1432 306 1498 lum,
319 1432 413 1486 omnia
425 1432 512 1485 lactus
523 1437 592 1501 erat,
605 1436 635 1485 ut
646 1444 743 1486 omnes
753 1431 937 1486 lucrifaceret.

269 1532 301 1585 9.
315 1530 439 1601 [iugulari
451 1530 566 1598 proinde
578 1544 695 1585 censura
715 1531 831 1600 vigente,
852 1544 915 1585 oum
934 1531 1061 1585 monacbi
1083 1538 1242 1586 sanctorum
1262 1534 1371 1599 patrum
1382 1534 1468 1600 Aepy·

235 1633 357 1699 ptiorum
370 1632 535 1686 instituta...
545 1630 640 1699 (ibid,
649 1644 737 1686 num.
749 1632 804 1700 11).
814 1634 918 1686 Revera
931 1633 995 1700 quia
1004 1632 1153 1685 anchoram
1162 1631 1221 1698 spei
1233 1644 1299 1686 suae
1311 1632 1340 1685 in
1352 1631 1469 1687 Domino

235 1731 384 1797 locaverat,
397 1730 436 1783 uil
448 1730 523 1785 aliud
544 1744 627 1798 quam
648 1729 866 1784 misericordiam
887 1732 916 1784 in
933 1732 992 1784 suis
1008 1732 1115 1784 actibus
1128 1730 1300 1797 ostendebat,
1315 1730 1468 1785 secundum

235 1830 311 1897 quod
332 1831 504 1898 evangelium
524 1831 652 1884 intonare
672 1835 806 1884 noverat:
823 1847 834 1880 ι
849 1832 950 1898 listote,
975 1831 1116 1898 inquiens,
1138 1829 1342 1898 misericordes,
1362 1829 1433 1884 sicut
1447 1835 1475 1885 et

187 1933 217 1984 15
234 1934 313 1997 pater
325 1935 415 1984 vester
426 1930 581 1984 misericors
593 1935 644 1984 est.
660 1947 672 1980 ι

274 2029 326 2083 10.
340 2029 479 2098 agrestius
490 2028 646 2096 quidam...
669 2028 765 2096 (ibid,
786 2042 872 2084 num.
887 2029 1006 2096 1,·111
1025 2031 1099 2083 ante
1114 2029 1263 2083 ultimam
1278 2027 1425 2096 purarum
1439 2031 1473 2083 lit

236 2142 274 2182 ne
286 2130 347 2196 quis
359 2129 411 2183 boo
431 2128 629 2198 fabulosum...,
650 2128 727 2183 boec
739 2129 860 2184 inserta
881 2131 987 2198 1111.)
1010 2133 1096 2195 Quam
1117 2133 1229 2183 sanctus
1250 2130 1292 2182 vir
1301 2129 1425 2197 minime,
1439 2133 1469 2183 ut

235 2226 387 2294 credimus,
409 2227 564 2296 denegavit,
587 2227 637 2281 sed
657 2229 772 2294 insuper
791 2227 877 2297 [eum]
899 2242 961 2282 cum
974 2229 1167 2283 benedictione
1181 2229 1210 2282 in
1223 2241 1288 2295 pace
1300 2227 1414 2282 dimisit.
1426 2227 1473 2294 (bc

229 2329 307 2395 post
316 2326 462 2381 ultimam
469 2325 618 2394 phrasim
638 2328 712 2381 cdd.
734 2326 810 2382 boec
824 2330 843 2395 .·)
856 2328 1002 2397 llultigena
1015 2329 1107 2395 itaque
1118 2327 1261 2381 sanctitate
1273 2327 1347 2380 hunc
1360 2326 1466 2394 praedi·

187 2428 214 2480 lu
234 2431 294 2478 tum
306 2427 395 2480 virum
407 2427 467 2480 sine
477 2425 627 2480 diffidentia
648 2427 847 2493 praedicamus,
869 2428 917 2495 qui
940 2432 1043 2481 tantam
1067 2427 1139 2493 apud
1151 2428 1296 2482 bominum
1310 2427 1462 2494 promeruit

234 2525 351 2594 gratiam
362 2531 393 2579 ut
410 2539 488 2579 suam
509 2527 691 2593 contemptori
710 2527 852 2580 exhiberet
871 2527 1050 2595 spiritualiter
1071 2527 1265 2594 praesentiam.
1289 2525 1367 2591 Quod
1393 2526 1470 2581 nullo

234 2624 320 2678 modo
331 2637 411 2693 agere
423 2626 560 2693 valuisset,
571 2627 624 2679 nisi
637 2625 801 2680 sacrificium
815 2627 903 2681 laudis
915 2627 944 2680 in
956 2640 1003 2681 ara
1016 2626 1106 2681 cordis
1119 2628 1173 2680 beo
1184 2626 1356 2681 sollemniter
1368 2626 1466 2681 immo-

235 2722 308 2788 lans,
320 2729 430 2776 sanctae
442 2728 470 2777 et
481 2723 638 2777 individuae
658 2725 783 2778 trinitati
806 2725 907 2779 cotidie
926 2726 1051 2779 devotam
1069 2724 1097 2778 in
1110 2729 1202 2778 mente
1214 2737 1264 2777 sua
1277 2728 1467 2791 praeparasset

233 2823 418 2889 mansionem,
438 2827 468 2877 ut
488 2829 640 2878 mereretur
660 2825 808 2877 caelestem
829 2825 970 2891 percipere
993 2824 1236 2890 benedictionem,
1259 2823 1391 2890 implente
1408 2826 1463 2878 lieo

187 2923 216 2975 15
234 2933 313 2974 suam
322 2923 378 2988 jam
390 2921 494 2975 dudum
507 2923 656 2990 pollicitam
678 2924 888 2990 promissionem
902 2941 909 2977 ε
923 2924 975 2977 usi
992 2924 1063 2991 quis,
1083 2923 1181 2990 inquit,
1194 2921 1282 2991 diligit
1294 2936 1348 2992 me,
1362 2935 1466 2977 sermo·

234 3033 299 3074 nem
312 3034 404 3074 meum
417 3022 544 3085 servabit,
557 3027 586 3075 et
595 3026 674 3076 Pater
686 3037 764 3077 meus
776 3022 873 3092 diliget
891 3037 966 3089 eum,
985 3027 1012 3076 el
1029 3020 1063 3076 ad
1076 3035 1141 3077 eum
1153 3010 1296 3075 veniemu's
1307 3026 1334 3075 et
1346 3021 1463 3076 mansio·

234 3132 301 3173 nem
312 3119 384 3188 apud
397 3133 460 3174 eum
473 3121 605 3176 iaciemus
619 3140 642 3175 v.

268 3219 448 3285 11111111
461 3223 543 3276 etiam
555 3228 678 3290 tempore
690 3223 749 3278 loca
762 3222 1063 3290 circumadjacentia...
1078 3220 1174 3290 (idm,
1190 3220 1243 3275 lib.
1255 3220 1296 3289 ΙΙ,
1310 3232 1397 3274 num.
1409 3220 1446 3288 7).

269 3318 319 3372 12.
331 3320 377 3373 vir
388 3320 509 3388 quidam,
521 3322 606 3376 noblli
619 3323 771 3377 intentione
783 3328 967 3390 praeventus..
981 3361 988 3375 .
1002 3321 1097 3389 (ibid,
1110 3334 1195 3375 num.
1209 3321 1246 3388 8).

187 3419 214 3470 vo
270 3418 321 3470 13.
334 3419 438 3471 summi
459 3420 608 3474 sacerdotis
630 3422 677 3474 bei
697 3422 770 3475 beati
782 3422 922 3475 ¹lobannis
941 3422 1026 3488 patris
1039 3421 1125 3474 nostri
1137 3419 1268 3473 miracula
1281 3417 1383 3473 cudere
1395 3418 1462 3484 opti·

233 3529 311 3569 mum
323 3516 468 3586 duximus,
482 3519 529 3573 sed
547 3520 612 3587 quia
634 3535 698 3588 prae
716 3521 903 3589 magnitudine
921 3521 964 3573 sui
983 3522 1131 3574 humanam
1144 3518 1280 3573 excedunt
1291 3517 1463 3584 memoriam,

234 3615 341 3684 singula
358 3624 470 3686 tangere
491 3621 646 3687 nequimus.
670 3622 719 3674 Cui
740 3623 812 3675 inter
832 3626 922 3675 cetera
941 3621 1071 3675 virtutum
1085 3620 1202 3687 insignia
1214 3623 1318 3672 tantam
1332 3618 1464 3672 Dominus

234 3716 350 3783 qratiam
361 3717 476 3771 contulit
484 3724 515 3771 ut
526 3732 614 3786 usque
626 3719 661 3773 ad
683 3722 831 3775 terminum
853 3721 923 3774 vitae
936 3720 964 3772 in
978 3718 1130 3788 effugandis
1142 3718 1324 3772 daemonibus
1335 3717 1467 3784 potentis·

234 3813 321 3866 simus
332 3821 484 3881 appareret.
499 3819 668 3885 Quapropter
685 3819 794 3872 silentio
808 3832 864 3872 non
879 3824 919 3872 est
936 3818 1082 3887 tegendum
1100 3817 1136 3870 de
1153 3817 1305 3870 clarissimo
1317 3816 1376 3869 viro
1387 3816 1464 3869 Nica·

187 3912 219 3963 15
234 3911 286 3979 sio,
299 3912 399 3966 ferocis
411 3914 525 3983 ingenii,
537 3917 582 3969 cui
594 3918 676 3969 etiam
689 3916 830 3970 avalensis
842 3917 977 3984 oppidi...
989 3916 1084 3984 (ibid,
1101 3915 1152 3970 lab.
1166 3915 1190 3973 l.
1204 3927 1292 3968 uum.
1308 3915 1362 3980 17).

270 4013 319 4064 14.
333 4014 459 4067 Ceterum
471 4016 581 4081 quantis
600 4017 758 4084 quibusque
780 4017 945 4083 conspicuus
966 4016 1097 4070 exstiterit
1121 4015 1277 4081 virtutibus,
1295 4012 1467 4066 transcendit

235 4110 444 4175 possibilitatem
458 4118 579 4166 nostram
592 4112 716 4167 infinitus
729 4128 870 4167 numerus.
883 4117 951 4167 llam
964 4113 1032 4169 illud
1043 4115 1072 4166 in
1083 4126 1115 4167 eo
1124 4111 1250 4167 mirabile
1263 4112 1354 4165 luit...
1369 4109 1468 4178 (ibid,

236 4221 322 4262 num.
338 4210 393 4277 11).

269 4308 319 4361 15.
332 4309 509 4365 ineratineo
521 4313 644 4366 omnium
664 4314 796 4366 virtutum
818 4312 1010 4381 fragrantia...
1033 4310 1199 4365 omnimodis
1218 4312 1346 4363 caverent
1368 4306 1465 4376 (ibid,

187 4408 216 4460 tu
234 4402 288 4459 lob.
297 4404 337 4474 II,
349 4420 437 4461 uum.
453 4409 684 4477 1111111111
695 4411 787 4478 1111).
798 4414 964 4478 Semperque
976 4410 1081 4464 babens
1093 4408 1246 4476 profundae
1258 4405 1462 4460 humilitatis...

233 4506 336 4558 meruit
347 4507 491 4560 sublimari
502 4508 599 4575 (ibid,
612 4510 691 4579 sim).

267 4605 318 4661 tu.
331 4608 549 4664 Sollicitudinem
562 4625 656 4665 rerum
667 4613 862 4666 carnalium...
876 4611 971 4679 (ibid,
985 4623 1071 4664 uum.
1087 4609 1144 4677 11).
