3316 5482
391 348 458 413 414
741 360 869 413 caran.
888 361 990 411 coob.
1008 361 1182 412 nacroen.
1204 360 1282 411 nar.

422 533 472 586 10.
486 530 545 585 buit
556 536 584 584 et
595 530 665 584 alius
677 530 761 583 trater
774 530 802 582 in
811 530 869 597 iarn
881 542 962 597 saepe
981 530 1121 583 nominata
1140 530 1270 583 Bcecensi
1292 530 1426 599 ecclesia,
1440 531 1491 599 qui
1511 532 1609 600 cuodau

384 636 517 698 ternpore,
530 630 575 684 die
588 636 681 684 sancto
694 630 947 696 sabbatopascbae,
968 633 1029 696 post
1050 629 1160 696 expleta
1180 636 1275 684 sancta
1297 632 1443 698 mysteria.
1466 644 1531 687 cum
1548 644 1605 686 rese·

388 731 473 784 disset
483 731 518 785 ed
531 744 655 785 mensam
667 744 729 787 cum
742 731 840 785 ceteris
853 728 984 784 tratribus
1002 743 1095 797 sanus,
1110 731 1200 784 subito
1210 729 1402 798 arripuiteum
1415 734 1607 787 tammbemm
1648 776 1650 791 .

390 828 485 896 febris,
497 834 528 884 ut
540 830 597 883 illic
609 843 753 884 remanere
772 843 828 884 non
847 836 949 896 posset,
962 828 1011 882 sed
1034 830 1116 895 petita
1136 828 1247 882 licentia
1268 829 1343 883 toras
1364 831 1457 885 exiret
1466 832 1608 900 jejunusl

389 941 442 997 qua
455 942 504 996 per
516 928 648 995 plurimos
661 928 720 982 dics
733 927 858 996 sillictus,
869 928 914 982 vix
930 928 1022 981 cibum
1035 933 1062 980 et
1074 933 1168 995 potum
1180 941 1279 993 capere
1289 932 1410 994 poterat.
1426 931 1504 984 'lune
1514 928 1628 983 renituit

388 1029 421 1081 ln'
429 1034 557 1097 mentem,
565 1033 597 1081 ut
608 1028 771 1082 adscisceret
782 1026 948 1093 adjutorium
958 1027 1106 1080 beatissimi
1117 1029 1226 1094 beoqne
1235 1027 1329 1081 dilecti
1342 1028 1517 1084 confessoris
1526 1024 1606 1082 tund

387 1127 518 1183 Nicholai.
532 1130 590 1181 lina
601 1127 646 1181 die
658 1141 720 1181 curn
739 1140 769 1180 se
781 1130 907 1181 cerneret
918 1125 1052 1192 possideri
1065 1131 1093 1179 et
1105 1127 1197 1179 vexari
1209 1125 1243 1179 ab
1256 1126 1356 1180 eadem
1366 1126 1530 1193 valitudine,
1539 1126 1605 1193 pedit

389 1226 500 1281 licentia
512 1240 529 1280 a
540 1227 640 1296 priore,
654 1227 775 1293 perrexit
786 1226 820 1280 ad
833 1227 972 1294 quandam
986 1225 1167 1291 ecclesiolam,
1181 1238 1252 1293 quae
1263 1237 1320 1280 non
1334 1226 1418 1295 louge
1437 1231 1480 1281 est
1497 1240 1513 1280 a
1529 1236 1606 1280 moos

389 1326 480 1392 sterio,
493 1332 618 1394 quaeest
635 1330 790 1380 constructa
809 1327 838 1379 in
857 1327 991 1380 honorem
1003 1327 1154 1379 beatissimi
1167 1326 1297 1394 idololat,
1311 1340 1384 1395 quae
1402 1327 1507 1382 dicitur
1516 1324 1606 1393 Cupelb

389 1424 571 1480 intirmorum.
581 1425 621 1479 nd
633 1440 716 1494 quern
726 1440 788 1480 cum
802 1426 970 1493 peruenisset
982 1433 1103 1480 tremens
1116 1432 1143 1479 et
1156 1426 1270 1479 multum
1285 1425 1460 1494 febricitans,
1473 1422 1634 1495 projeeitstli

389 1530 453 1579 ante
464 1526 561 1593 altare,
574 1539 656 1581 orans
668 1530 752 1580 beorn
764 1531 792 1580 ct
804 1540 885 1579 suurn
896 1525 1128 1594 benignissimum
1143 1526 1329 1580 consessorem
1342 1526 1517 1594 nicholaum,
1529 1530 1558 1580 ut
1567 1523 1606 1579 sbi

385 1630 567 1680 succurreret.
580 1627 685 1694 biuque
699 1627 736 1679 ibi
746 1627 842 1693 jacens
854 1630 1006 1693 prostratus
1019 1625 1048 1678 ln
1060 1623 1196 1692 oratione,
1205 1639 1270 1680 cum
1281 1627 1462 1692 surrexisset,
1472 1627 1509 1680 ita
1520 1638 1549 1680 se
1559 1637 1606 1690 rep·

389 1725 459 1791 perit
470 1726 648 1793 incolumem,
661 1730 753 1780 utnec
766 1725 966 1793 lassitudinem,
988 1738 1059 1793 quae
1072 1725 1142 1779 solet
1162 1724 1287 1779 accidere
1304 1725 1359 1779 illis
1379 1725 1430 1794 qul
1449 1722 1607 1781 bacindrni·

388 1828 443 1878 tate
454 1824 589 1893 laborant,
596 1825 625 1879 in
638 1838 668 1880 se
679 1826 803 1880 sentiret.
817 1825 884 1880 inde
896 1824 1007 1879 rediens
1020 1826 1193 1893 sanus,ultra
1206 1824 1398 1892 hujuscemodi
1419 1823 1606 1882 incommodus
1645 1856 1649 1877 .

390 1936 446 1978 non
458 1926 602 1993 persensit.
1614 1916 1633 1975 Β

420 2027 471 2080 17.
484 2027 625 2081 brionensi
637 2032 737 2094 castro,
750 2027 797 2094 qui
814 2027 891 2081 abest
908 2039 924 2079 a
941 2026 1100 2093 supradicto
1116 2026 1244 2080 beccensi
1265 2026 1402 2081 coenobio
1414 2027 1476 2105 lere
1486 2023 1600 2087 miliario,

384 2124 434 2178 luit
445 2125 556 2193 quidam
568 2127 619 2193 uir,
633 2127 746 2180 nomine
759 2125 895 2191 isoardus,
909 2129 985 2192 pater
997 2125 1112 2180 itoberti
1129 2125 1214 2192 patris
1231 2126 1345 2180 liuberti
1363 2125 1554 2191 caementarii,
1564 2120 1602 2191 qui

385 2225 488 2278 exstitit
500 2228 650 2280 monachus
662 2227 691 2279 in
704 2232 852 2281 memorata
865 2227 989 2291 ecclesia,
1003 2239 1020 2280 a
1037 2238 1092 2293 quo
1110 2225 1206 2280 didicit
1224 2227 1276 2281 boc
1294 2226 1341 2281 ille
1355 2227 1404 2294 qui
1417 2226 1490 2287 baec
1500 2222 1602 2292 seducit

386 2325 435 2379 iiic
447 2325 572 2380 isoardus
593 2326 712 2394 quodam
733 2339 798 2380 casu
815 2327 919 2380 babens
939 2326 1069 2394 reliquias
1088 2325 1162 2380 beati
1176 2339 1208 2381 ac
1225 2326 1440 2393 praeclarissimi
1452 2323 1602 2382 commu

387 2425 483 2478 Christi
494 2425 625 2493 nicholai,
639 2426 743 2480 scillcet
754 2424 789 2479 de
806 2426 867 2479 oleo
885 2426 959 2493 quod
976 2425 1094 2479 exsudat
1110 2440 1127 2480 a
1144 2426 1230 2480 sacris
1243 2426 1357 2480 artubus
1371 2427 1444 2493 elus,
1458 2416 1630 2481 deliberarit!

386 2524 457 2592 apud
472 2538 501 2578 se
513 2525 644 2595 erigendo
656 2530 775 2579 statuere
785 2538 872 2579 unum
885 2527 969 2579 altare
991 2525 1019 2579 in
1031 2527 1138 2580 bonore
1149 2526 1234 2592 ipsius
1252 2526 1281 2578 in
1299 2526 1419 2581 ecclesia
1435 2532 1546 2581 sanctae
1560 2524 1601 2577 Ιι·

385 2624 451 2691 riae,
465 2637 536 2692 quae
548 2630 588 2679 est
600 2626 672 2678 intra
684 2626 784 2692 iorum,
796 2631 878 2692 atque
890 2625 919 2678 in
940 2624 1039 2679 eodem
1059 2625 1137 2679 altari
1158 2637 1262 2692 ponere
1283 2624 1458 2692 supradictas
1478 2623 1600 2693 reliquiis

385 2723 510 2787 Quidum
520 2725 571 2779 boc
581 2731 673 2794 ageret
684 2724 791 2779 ardenti
801 2724 903 2792 studio,
914 2726 1015 2779 sociato
1028 2725 1078 2778 sibi
1088 2724 1247 2793 presbytero
1259 2725 1385 2792 ejusdem
1397 2725 1541 2793 ecclesiae,
1550 2734 1600 2777 oon·

385 2823 445 2893 tigit
462 2828 493 2878 ut
511 2825 658 2879 duceretur
678 2824 790 2892 quidam
808 2825 927 2893 juvenis,
940 2824 1128 2892 deprehensus
1149 2825 1178 2877 in
1199 2825 1281 2887 furto,
1300 2825 1335 2878 ad
1355 2824 1523 2892 supplicium
1541 2816 1601 2891 quod

383 2924 464 2992 vulgo
477 2923 567 2979 turcas
580 2926 688 2990 dicitur,
701 2930 885 2991 prosequente
897 2930 983 2978 matre
996 2925 1085 2991 vidua,
1099 2937 1170 2991 quae
1182 2925 1255 2978 bunc
1267 2924 1382 2978 unicum
1395 2926 1524 2979 babebat.
1536 2912 1631 2977 curu-fl

383 3035 438 3089 que
449 3030 560 3078 ventum
573 3025 669 3079 suisset
680 3030 743 3078 ante
760 3024 925 3090 praedictam
942 3024 1095 3090 ecclesiam,
1109 3024 1137 3076 in
1156 3036 1210 3091 qua
1224 3024 1435 3078 construebatur
1446 3024 1516 3078 illud
1533 3033 1600 3077 rene

384 3123 470 3176 rabile
482 3124 594 3177 altares
606 3125 768 3191 supradictis
781 3125 855 3191 viris,
869 3124 989 3178 cucurrit
1007 3129 1092 3177 rnater
1104 3124 1177 3176 intra
1195 3124 1281 3190 ipsam
1299 3123 1457 3191 ecclesiam,
1471 3128 1499 3177 et
1516 3133 1602 3191 magno

384 3223 505 3289 heiulatu
523 3225 611 3291 coepit
634 3223 709 3277 dere.
723 3224 851 3278 tidentcs
869 3230 895 3278 et
912 3224 1055 3277 audientes
1074 3225 1125 3276 boc
1143 3224 1201 3290 illi,
1223 3224 1464 3292 interrogaverunt
1485 3237 1545 3278 earo
1563 3232 1603 3275 cu

384 3322 421 3374 ita
438 3321 524 3375 lieret.
546 3324 578 3375 llt
595 3322 641 3375 illa
662 3322 791 3376 indicavit
808 3324 848 3376 eis
866 3336 976 3377 causam
996 3324 1038 3375 sui
1055 3322 1198 3375 maeroris.
1219 3322 1322 3387 Quibus
1339 3322 1452 3388 auditis,
1476 3323 1604 3390 presbytes
1648 3298 1650 3307 Ι

384 3422 546 3488 respondit:
561 3423 593 3475 Si
604 3422 652 3476 vis
663 3425 698 3475 ut
712 3421 861 3477 liberetur
873 3423 962 3491 fitius
976 3424 1059 3489 tuus,
1072 3420 1126 3490 fac
1143 3421 1204 3475 cito
1224 3435 1323 3474 crtum
1337 3422 1470 3477 licinum
1483 3426 1514 3477 et
1530 3422 1607 3488 ctnpe
1616 3414 1650 3521 ᾗ

383 3521 439 3576 boc
450 3522 657 3591 attererent
677 3524 897 3592 construimus,
911 3527 948 3578 ot
969 3527 1002 3578 tu
1023 3523 1094 3590 r-'psu
1105 3523 1272 3591 perspicis,
1287 3523 1321 3576 ire
1338 3521 1489 3578 bonorem
1509 3521 1608 3577 beatis

383 3620 458 3675 simi
465 3620 622 3688 Niebotci,
632 3624 661 3675 et
667 3623 817 3690 promitte
830 3625 858 3676 te
870 3622 953 3676 illud
965 3623 1168 3689 impleturum
1181 3634 1263 3691 cero,
1275 3621 1305 3675 si
1318 3621 1504 3677 liberaverit
1512 3622 1607 3692 pilium

383 3723 482 3774 turcos.
495 3721 543 3774 llis
555 3721 655 3775 auditis
673 3722 771 3775 mulier
787 3723 841 3776 cito
858 3722 923 3776 exiit
940 3723 974 3775 ab
992 3722 1157 3788 ecclesiast
1174 3728 1323 3789 utcumque
1340 3721 1431 3788 potuit
1455 3722 1521 3777 feeit
1531 3734 1608 3777 noun

383 3819 507 3886 licinum,
520 3826 547 3873 et
558 3819 669 3874 rediens
680 3821 764 3874 cinxit
781 3826 867 3874 toturn
888 3822 983 3888 altare,
997 3834 1098 3875 vovens
1114 3820 1182 3874 illud
1201 3821 1378 3887 impleturum
1395 3833 1462 3875 cera
1479 3822 1516 3875 ad
1533 3822 1609 3877 bono

383 3932 441 3971 rern
462 3920 611 3973 beatissimi
630 3920 762 3985 iiiclrolai,
775 3921 797 3973 si
818 3922 876 3987 ipse
898 3921 1072 3975 beatissimus
1084 3922 1226 3975 confessor
1248 3920 1304 3974 illio
1316 3933 1365 3974 suo
1387 3912 1641 3976 succurreretur&

383 4019 473 4071 statim
493 4019 587 4072 exiens
606 4021 726 4073 cucurrit
747 4024 807 4086 post
825 4019 921 4087 illium,
934 4022 981 4088 qui
1001 4022 1057 4087 jain
1076 4019 1212 4075 deductus
1230 4025 1320 4074 erata
1347 4020 1438 4074 tribus
1455 4022 1522 4075 viris
1541 4026 1609 4075 extra

382 4117 512 4183 oppidum
525 4118 559 4170 ad
577 4117 668 4171 locum
681 4118 727 4171 ubl
746 4119 785 4170 rei
798 4119 993 4186 puniebantur,
1007 4121 1053 4186 qui
1068 4120 1216 4173 vocabatur
1228 4133 1340 4185 campus
1352 4120 1479 4173 Gaulridi
1492 4119 1609 4174 bubulci.

382 4218 440 4279 Quo
453 4216 500 4268 ubi
512 4222 624 4270 ventum
637 4223 686 4279 est,
700 4218 852 4285 ligaverunt
864 4220 889 4271 ei
907 4232 1005 4272 manus
1018 4225 1043 4272 et
1055 4225 1204 4273 erexerunt
1216 4220 1316 4273 scalam
1329 4218 1363 4272 ad
1378 4219 1474 4275 turcas
1486 4227 1516 4275 et
1527 4229 1612 4275 cetera

382 4315 474 4368 ornnia
496 4320 662 4381 parauerunt
679 4329 749 4382 quae
764 4316 798 4369 ad
816 4317 897 4370 talem
920 4330 1035 4384 poenam
1056 4319 1204 4383 pertinent.
1224 4318 1326 4371 Paratis
1346 4319 1491 4388 omnibus,
1513 4321 1613 4388 prinus

382 4413 493 4467 illorum
513 4415 580 4468 dirit
601 4415 635 4467 ad
648 4428 804 4482 comparem
823 4430 904 4469 suurn
918 4416 1075 4471 :Ascende
1094 4417 1129 4469 irc
1149 4416 1285 4484 furcam,
1303 4419 1334 4470 et
1354 4420 1517 4486 suspende
1537 4414 1650 4473 burnell

381 4511 495 4581 furem
509 4514 557 4567 llle
578 4514 738 4580 respondit:
757 4515 797 4567 Et
809 4518 842 4568 tu
863 4516 937 4583 quid
956 4514 1079 4584 faciest
1095 4517 1139 4570 ibe
1159 4516 1323 4584 suspende,
1334 4530 1414 4571 num
1434 4531 1491 4588 epo
1513 4521 1615 4574 iduor

381 4612 511 4679 faciam.
535 4617 566 4667 Et
587 4615 632 4668 ille
652 4630 659 4668 :
683 4615 805 4674 tiuare?
817 4615 968 4683 Respondit
991 4616 1093 4676 :ocio
1113 4629 1176 4670 icoc
1191 4629 1333 4684 possum.
1346 4618 1382 4671 nt
1400 4619 1451 4673 ille
1464 4636 1473 4674 ι
1487 4620 1552 4677 Nec
1567 4630 1616 4688 epo
