3316 5482
220 331 289 397 290
561 341 687 392 aaran.
707 341 810 391 cono.
829 339 1003 391 naoroon.
1022 339 1103 390 aar.

221 513 285 579 quia
298 515 367 566 bens
389 525 445 565 non
465 511 604 563 irridetur.
615 509 683 574 Quid
703 508 932 575 pluralwilelmo
950 507 1059 561 volente
1078 488 1191 560 domurn
1211 505 1332 574 regredi,
1349 517 1448 573 nequa

221 624 302 679 quam
315 611 418 678 potuit:
429 610 478 664 sed
490 611 661 674 obcaecatus,
672 608 764 661 divina
777 608 803 660 id
816 613 915 676 agente
927 603 1125 672 misericordia,
1135 607 1187 660 iter
1197 619 1297 661 remus
1306 604 1446 660 ecclesiam

220 711 292 764 beati
306 709 440 764 leonardi
450 709 575 776 arripuit.

253 809 285 862 G.
299 811 445 862 Transacta
459 812 553 861 autem
565 812 646 860 nocte
655 807 713 873 jam
725 806 912 860 inlucescente
935 804 991 858 diei
1008 816 1117 868 aurora,
1130 803 1295 871 Guilelmus,
1308 815 1344 857 ax
1354 801 1447 857 itinera

220 912 249 962 et
259 921 343 962 onere
363 907 501 975 fatigatus,
519 907 607 960 dixit:
623 907 742 960 Lassus
762 917 842 974 sum,
852 915 1028 972 parumper
1038 904 1205 971 quiescam.
1218 905 1288 957 lum
1309 912 1377 957 vero
1394 900 1470 970 ttgolt

220 1009 338 1074 primurn
350 1008 423 1060 illius
442 1019 536 1060 vocem
556 1010 775 1074 cognoscensa
795 1005 921 1058 fraudem
940 1018 1024 1071 quam
1045 1004 1074 1056 ln
1086 1017 1151 1057 eum
1170 1003 1299 1057 molierat
1316 1002 1443 1067 sentiens,

219 1113 284 1162 ante
304 1120 333 1161 se
352 1108 407 1173 a[d]
427 1105 569 1159 dimidiam
589 1105 698 1174 leugam
719 1106 806 1159 sancti
823 1104 973 1171 Leonardi,
986 1105 1152 1171 quambene
1169 1107 1295 1169 noverat,
1313 1102 1443 1172 aspicieus

217 1207 370 1272 ecclesiam,
384 1205 452 1258 dixit
465 1222 471 1258 :
486 1204 566 1264 Quid
577 1204 633 1259 boc
645 1207 700 1272 est,
709 1203 867 1258 Wilelmel
879 1203 958 1262 Quid
967 1215 1059 1269 apere
1070 1202 1217 1257 voluisti?
1230 1200 1276 1256 Tu
1287 1200 1444 1258 boccum

214 1305 398 1360 domuimet'
417 1304 645 1372 incepisti,·sed
658 1304 713 1358 Dei
730 1304 839 1370 pratia
860 1306 935 1358 aute
953 1316 1003 1356 me
1022 1302 1134 1356 villam
1154 1301 1243 1357 video
1261 1302 1371 1357 sancti
1381 1301 1446 1356 Leo·

214 1406 321 1460 nardi.
335 1408 404 1459 'lum
415 1404 526 1458 demum
547 1404 698 1458 Gulielmus
709 1403 744 1457 ad
757 1417 786 1457 se
797 1416 924 1457 reversus
942 1408 970 1457 et
989 1415 1088 1471 magno
1100 1403 1199 1455 timore
1219 1414 1381 1469 percussus,
1393 1400 1444 1455 ait:
1458 1399 1482 1453 tt

222 1506 280 1573 Upo
290 1504 402 1573 frater,
413 1504 500 1558 video
509 1504 606 1571 quala]
619 1506 648 1557 te
660 1503 805 1557 liberavit
814 1505 943 1556 sauctus
955 1502 1148 1556 Lemmrdus.
1163 1502 1207 1554 lic
1217 1514 1290 1569 erpo
1301 1501 1447 1556 misum

215 1605 277 1659 mei
288 1623 298 1660 :
309 1606 384 1673 quia
403 1605 434 1658 si
452 1603 592 1659 homiues
603 1602 697 1670 leuitas
717 1603 816 1657 villae
834 1617 884 1657 me
898 1585 1205 1671 persenseriutvelle
1224 1601 1366 1657 illudere
1382 1613 1447 1657 sau·

214 1705 298 1758 ctum
308 1703 516 1769 leonardum,
536 1715 584 1756 ute
606 1701 739 1756 diversis
751 1701 863 1769 poeuis
880 1700 1063 1769 affligerent.
1080 1699 1284 1760 Ottamobrem
1302 1698 1363 1754 libi
1374 1701 1448 1755 duct

211 1814 304 1870 equos
324 1802 454 1869 optimos
467 1802 618 1869 promitto
639 1814 734 1870 attam
753 1802 814 1855 cito
838 1801 873 1854 iu
892 1801 1038 1868 patriam
1058 1814 1161 1855 uteam
1184 1812 1307 1855 venero.
1320 1803 1378 1855 lter
1394 1804 1450 1854 erat

213 1901 405 1956 uniusdietae.
419 1904 498 1954 Facta
519 1907 612 1954 autem
634 1901 706 1954 inter
727 1915 756 1954 se
774 1900 875 1954 ibidem
896 1901 1044 1955 concordia
1064 1905 1092 1954 et
1103 1900 1166 1954 data
1185 1900 1221 1954 de
1232 1901 1312 1968 equis
1337 1898 1449 1967 fiducia,
1465 1899 1487 1953 ll

213 2015 297 2056 manu
308 2000 342 2055 ad
355 2014 467 2054 manum
488 2014 517 2053 se
529 2006 666 2067 tenentes,
680 2001 714 2054 ad
735 2001 878 2055 ecclesiam
899 2002 986 2054 sancti
1004 2001 1140 2055 leonardi
1152 2005 1351 2068 pervencntnt.
1370 2002 1451 2055 Facta

213 2099 422 2167 orationeque
430 2100 502 2152 circa
511 2111 559 2152 eos
568 2100 664 2153 beatus
674 2099 834 2153 leonardus
844 2105 935 2167 egerat
942 2103 1086 2153 tacuerunt
1093 2104 1120 2152 et
1129 2098 1163 2153 ad
1173 2099 1284 2165 propria
1295 2098 1451 2153 redierunt.

247 2201 279 2253 ¹7.
292 2202 436 2266 Postquam
449 2212 513 2253 vero
527 2200 554 2251 ln
573 2200 688 2265 patriam
701 2212 778 2252 suam
800 2205 997 2265 pervenerunt,
1011 2199 1163 2252 Guilelmus
1174 2210 1261 2266 equos
1279 2211 1352 2266 quos
1364 2199 1451 2268 ilgoni

213 2299 376 2365 promiserat
396 2298 485 2351 noluit
500 2298 624 2352 reddere.
639 2298 715 2352 ltnde
737 2312 801 2352 eum
822 2299 865 2352 bis
885 2303 911 2351 et
932 2304 974 2351 ter
992 2310 1181 2362 commonens,
1195 2297 1309 2352 tandem
1330 2303 1396 2365 post
1411 2301 1452 2352 tot

212 2397 442 2451 commonitiones
454 2411 517 2452 eum
531 2397 621 2464 coepit
632 2397 795 2464 depraedari
811 2413 817 2448 :
832 2411 902 2465 quae
914 2410 996 2450 causa
1010 2398 1100 2464 magni
1113 2397 1169 2451 odii
1181 2402 1209 2450 et
1220 2409 1338 2466 guerrae
1349 2397 1449 2451 extitit.
1465 2396 1487 2451 il

213 2495 334 2560 Quodam
347 2495 429 2563 igitur
440 2495 495 2561 die,
508 2496 586 2549 beato
600 2495 741 2550 leonardo
754 2495 781 2549 id
794 2502 901 2564 agente,
915 2496 1029 2564 contigit
1039 2500 1070 2548 ut
1082 2498 1136 2562 llgo
1150 2495 1316 2550 Guilelmum
1333 2495 1365 2549 in
1378 2494 1452 2551 bello

217 2600 335 2662 caperet.
347 2597 396 2661 Qui
408 2609 577 2664 cognoscens
589 2597 641 2650 boc
659 2602 780 2650 asanclo
793 2596 934 2649 leonardo
947 2597 1027 2649 esse·
1040 2601 1191 2662 peractum,
1204 2595 1339 2650 Guilelmo
1358 2594 1452 2650 dixit:

216 2694 319 2750 Redde
335 2695 414 2749 mibi
425 2696 503 2750 dacos
514 2708 606 2763 equos
618 2708 693 2762 quos
704 2696 739 2748 iu
755 2696 938 2762 praeseutia
950 2695 1056 2750 carecti
1073 2695 1231 2749 Lemtardi
1244 2693 1325 2749 milti
1332 2695 1453 2762 proaui-

215 2794 294 2863 st'sti,
306 2807 347 2848 ue
353 2796 505 2862 periurus
517 2795 673 2862 videaris;
685 2798 716 2849 et
730 2797 841 2861 postea
861 2796 904 2849 ad
921 2796 1084 2849 ecclesiam
1104 2795 1242 2861 ejusden
1257 2795 1366 2850 saucii
1382 2808 1452 2851 cort·

215 2890 344 2958 sessoris
362 2893 449 2947 ambo
467 2906 538 2949 cum
557 2894 661 2961 dapalis
683 2894 875 2949 oblationum
895 2894 1075 2948 muneribus
1092 2906 1298 2961 properemus
1318 2896 1350 2948 cl
1372 2895 1487 2963 guid}

215 2994 301 3048 circa
320 3005 376 3046 uos
396 2992 503 3047 beatus
523 2991 682 3060 confessor
702 2993 799 3059 aperit
812 2994 1013 3048 denudemus.
1028 2994 1188 3058 Guilelmus,
1208 2993 1326 3048 audiens
1349 3008 1387 3048 ex
1405 2997 1451 3049 bei

215 3094 291 3160 parte
304 3094 354 3147 boc
367 3106 427 3146 esse
438 3094 594 3159 consilium,
607 3093 681 3161 quod
699 3094 861 3160 promiserat
874 3095 897 3147 ei
917 3094 1034 3147 libenter
1048 3093 1177 3147 reddidit.
1191 3096 1222 3146 llt
1242 3093 1312 3147 iacta
1329 3092 1406 3148 inter
1422 3107 1451 3147 se

215 3191 365 3245 inviolabili
378 3194 535 3258 concordia,
550 3193 621 3245 dalis
640 3197 666 3245 et
684 3194 802 3259 acceptis
820 3193 972 3250 obsidibus.
994 3194 1027 3245 ad
1046 3197 1170 3245 sanctum
1187 3193 1365 3246 leonardum
1388 3207 1451 3248 cum

215 3302 313 3358 magno
326 3291 447 3357 equitatu
459 3291 539 3344 ambo
552 3297 753 3357 pervenerunt,
767 3291 953 3359 advocatoque
964 3291 1037 3345 clero
1050 3299 1076 3344 et
1093 3292 1204 3359 populo,
1218 3292 1350 3345 omnibus
1366 3292 1451 3346 denu-

73 3409 82 3430 ·
152 3442 159 3457 ,
216 3389 349 3442 daverunt
369 3392 457 3456 quae'
471 3390 541 3442 circa
558 3404 606 3443 eos
627 3396 738 3442 sanctus
759 3389 861 3442 iecerat
881 3390 1049 3442 leonardus.
1064 3391 1123 3458 Qui,
1136 3391 1204 3442 baec
1216 3389 1373 3458 audientes,
1386 3390 1487 3445 cumbi

216 3487 324 3554 hymnis
342 3493 370 3540 et
381 3488 494 3540 canticis
511 3493 575 3540 ante
588 3488 745 3553 sepulcrum
763 3488 822 3554 eius
833 3492 1031 3553 convenerunt,
1047 3491 1100 3541 beo
1114 3488 1208 3541 laudes
1221 3489 1385 3545 referentes.
1399 3490 1449 3544 libi

216 3588 311 3640 crebra
323 3587 421 3640 cotidie
435 3586 504 3639 irunt
516 3587 657 3652 miracula,
669 3599 701 3639 eo
715 3586 864 3640 auxiliante
876 3588 922 3655 qui
935 3588 1000 3641 vivit
1013 3594 1040 3640 et
1053 3592 1149 3654 regnat
1162 3588 1191 3639 in
1204 3588 1378 3643 saeculorum
1391 3601 1450 3644 sae·

215 3685 286 3740 cula.
300 3688 396 3739 brnen.

788 3809 859 3865 VII

248 3989 274 4039 1.
289 3984 367 4037 Aliud
379 3995 489 4051 quoque
511 3984 683 4049 miraculum,
694 3998 758 4037 curn
774 3985 865 4038 omnia
885 3998 1059 4051 nequaquam
1073 3986 1135 4039 stilo
1156 3985 1303 4040 dilucidari
1326 3985 1448 4054 possint,
1464 3991 1487 4041 ἃ

214 4084 371 4138 describere
384 4083 548 4136 studuimus.
562 4084 622 4136 Fuit
634 4084 662 4135 in
675 4083 776 4136 nostris
788 4085 959 4149 temporibus
972 4085 1000 4136 in
1019 4085 1116 4138 eadem
1129 4086 1194 4137 villa
1206 4086 1298 4140 Sancti
1310 4088 1450 4142 Leonardi

213 4183 324 4251 quidam
336 4182 480 4250 burgensis
492 4182 664 4248 praepollens
677 4183 787 4249 opibus,
801 4184 911 4236 nomine
935 4183 1112 4236 Ramnaldus.
1133 4185 1190 4250 liic,
1209 4185 1289 4238 sicuti
1303 4186 1333 4239 in
1355 4187 1450 4241 multis

71 4297 157 4351 wod,
217 4295 297 4349 saepe
316 4280 479 4347 conti[n]git,
493 4280 539 4332 ltei
560 4281 714 4346 permissu·
728 4280 838 4334 effectus
858 4287 899 4334 est
917 4282 1050 4346 leprosus.
1065 4284 1115 4346 Qui
1136 4283 1292 4348 expulsusa
1314 4285 1451 4340 societate

28 4364 200 4428 permissum·
213 4394 354 4447 sanorum,
377 4392 432 4433 non
453 4380 532 4446 longe
547 4386 623 4431 extra
643 4380 731 4433 villam
754 4381 925 4447 praeparavit
946 4382 1082 4435 cellulam.
1104 4383 1153 4435 Ubi
1174 4381 1241 4434 dum
1262 4384 1329 4450 quid
1354 4394 1450 4453 ageret

213 4481 399 4545 meditaretur,
418 4480 506 4545 coepit
524 4492 590 4532 suae
608 4480 715 4533 animae
733 4481 906 4548 naufragium
924 4483 1084 4549 excogitare,
1105 4483 1179 4548 quod
1197 4496 1280 4549 saepe
1297 4487 1487 4552 perpessuslt

213 4579 301 4633 iuerat
312 4578 376 4632 dum
390 4577 542 4631 mundanas
554 4577 662 4631 divitias
673 4578 829 4633 aridissime
840 4580 988 4647 adgregare
1000 4580 1154 4634 anhelabat.
1162 4581 1222 4650 Qui,
1231 4588 1345 4649 accepta
1358 4584 1451 4651 paeni-
