3316 5482
229 346 297 413 322
575 364 701 416 carte.
720 364 823 415 oopn.
842 363 1118 419 sacrosanta.

228 532 318 599 muti,
342 535 372 585 et
384 535 489 589 oculos
510 533 622 588 babent
641 537 671 588 et
682 547 744 588 non
764 534 879 602 vident,
904 546 960 588 nec
980 531 1156 600 ambulant,
1175 543 1232 587 nec
1251 530 1470 599 mediantur

229 631 415 700 loquantum·
429 634 459 685 et
472 633 514 699 tu,
528 633 583 700 qui
595 633 669 687 illos
681 634 807 702 adoras,
827 633 944 687 similis
960 633 1027 688 illis
1039 646 1081 700 es,
1094 634 1124 686 et
1134 631 1210 697 erm,
1220 631 1254 685 si
1273 642 1345 686 non
1356 629 1468 685 adora·

225 730 309 785 veris
320 731 512 799 crucifixum
522 734 552 785 et
563 733 783 800 contempseris
795 732 890 787 istam
901 735 1017 787 sectam
1028 730 1282 787 daemoniorum.

260 831 292 884 Θ.
306 833 383 884 Tunc
394 831 479 883 iratus
493 844 604 897 praeses
616 833 793 886 vehementer
803 833 884 899 jussit
901 846 965 886 eum
983 831 1123 900 flagellari.
1144 833 1176 884 Et
1197 843 1264 884 eum
1282 831 1467 885 contundere

225 934 280 997 tur,
293 943 402 996 praeses
414 930 484 983 dixit
496 945 504 982 ε
518 931 556 984 ln
568 944 630 999 qua
647 932 908 1000 praesumptione
928 935 994 985 tam
1014 930 1254 998 indisciplinate
1270 928 1491 998 responderit

225 1030 475 1083 victorFloscellus
496 1028 585 1083 dixit:
607 1030 738 1085 Fiducia
761 1043 832 1084 meo
851 1032 882 1085 et
894 1030 1033 1085 audacio
1053 1043 1122 1084 mea
1145 1027 1290 1085 cbristus
1306 1031 1366 1099 est,
1379 1040 1464 1097 quem

225 1129 372 1184 babernus
383 1130 569 1196 adjutorem.
584 1130 737 1184 Audiente
749 1133 777 1185 te
788 1143 911 1185 measse
930 1133 976 1184 est
999 1132 1120 1198 loquar,
1133 1132 1164 1183 et
1179 1129 1210 1185 si
1221 1129 1391 1195 irasceris,
1403 1141 1462 1183 nos

223 1227 280 1281 tibi
291 1228 478 1294 respondebo
492 1246 501 1295 ,·
513 1228 543 1282 si
554 1230 659 1282 ouum
672 1229 728 1296 ors,
751 1229 794 1283 od
811 1229 957 1298 stapulas
979 1228 1239 1296 iuterropationes
1252 1230 1329 1283 tuas
1340 1239 1462 1296 respon·

222 1326 296 1380 ciebo
309 1327 366 1380 nbi
377 1345 386 1382 :
396 1340 470 1381 nam
483 1327 513 1381 si
522 1331 659 1396 tacuero,
669 1329 746 1395 plus
759 1330 788 1383 le
799 1328 1002 1396 euasperobo.
1015 1330 1129 1382 Praescs
1141 1327 1231 1381 dixit:
1244 1327 1318 1382 Non
1331 1330 1363 1382 te
1382 1326 1463 1395 lootd

215 1425 383 1495 probibeo,·
395 1428 449 1481 sed
460 1427 601 1495 deposito
612 1427 761 1495 superbia
775 1430 831 1482 tua
843 1441 915 1482 cum
927 1427 1106 1482 bumilitate
1122 1427 1288 1496 responde,
1308 1426 1459 1495 quoniam
1473 1424 1498 1479 tt

218 1526 331 1594 relipio
342 1525 521 1581 christiana
534 1527 590 1581 boc
603 1527 720 1581 asserit
732 1528 920 1582 mandalum
930 1528 996 1580 tibi.
1010 1527 1068 1581 Sed
1083 1527 1160 1596 puio
1173 1527 1210 1580 in
1216 1527 1394 1594 provincio
1405 1528 1459 1580 tua

218 1626 380 1693 pellicana
386 1630 536 1695 parentes
545 1628 594 1682 tui
606 1627 767 1681 thesauros
783 1626 896 1681 babent
908 1626 1164 1695 innumerabiles,
1170 1629 1345 1695 propterea
1354 1637 1459 1694 super·

220 1724 255 1778 be
266 1727 445 1781 etstultees
464 1728 592 1781 locutus.
609 1729 725 1780 Sanctus
741 1731 842 1794 martyr
854 1726 1048 1781 Flosceilusad
1061 1724 1283 1792 haecrespondit
1298 1725 1460 1791 :Nonius-

219 1824 260 1877 tis
271 1825 417 1892 superbia
435 1827 627 1894 dominatur,
646 1826 700 1879 sed
722 1829 827 1879 tamen
847 1826 947 1879 datur
969 1824 1154 1880 christianis
1166 1824 1368 1893 quandoper
1379 1824 1456 1893 fidu·

218 1924 302 1978 ciam
312 1928 343 1978 et
353 1926 546 1994 quandoper
557 1925 769 1980 coustantium
791 1927 971 1992 loquuntur.
995 1924 1135 1980 cbristus
1146 1923 1278 1979 enimin
1293 1923 1454 1993 occupetis
1470 1924 1496 1975 ti

219 2024 413 2091 martyribus
436 2025 502 2078 suis
524 2025 570 2079 sic
593 2024 693 2079 dicit:
713 2042 730 2074 a
756 2023 862 2077 Nolite
882 2025 992 2078 timere
1012 2037 1061 2079 eos
1086 2024 1142 2091 qui
1157 2023 1305 2079 occidunt
1327 2037 1452 2093 corpus,

218 2123 360 2178 animam
371 2127 478 2178 autem
489 2125 694 2191 nonpossunt
704 2123 929 2188 occidere,·sed
942 2124 1051 2190 potius
1071 2137 1143 2178 eum
1166 2123 1271 2178 timete
1291 2122 1350 2192 qui
1355 2124 1456 2192 potest

222 2234 334 2290 corpus
346 2225 375 2277 et
386 2223 527 2277 animam
533 2222 669 2290 perdere
678 2222 712 2275 in
722 2221 905 2288 pebennom.
920 2241 935 2271 >i
949 2226 1061 2277 Praeses
1078 2223 1147 2276 dixit
1161 2241 1167 2277 :
1183 2222 1287 2277 Multo
1306 2221 1381 2276 tibi·
1395 2234 1457 2276 uer

220 2319 344 2374 bosonii
357 2321 479 2374 indulsi
487 2323 617 2388 propter
641 2322 729 2374 tuam
753 2324 819 2374 tom
833 2322 1042 2388 praeclaram
1060 2320 1257 2374 nobilitatem
1275 2323 1456 2376 memoret

66 2427 75 2446 ·
109 2466 115 2479 .
151 2464 157 2478 .
223 2419 374 2489 Caesaris,
387 2421 444 2488 qui
463 2422 598 2474 multum
622 2422 651 2473 tc
673 2420 796 2489 ditescit,
819 2420 873 2473 sed
885 2420 958 2484 jam
978 2420 1036 2472 tibi
1053 2420 1131 2474 non⁴
1154 2419 1304 2488 indulpeo
1320 2422 1453 2488 propter
1466 2419 1493 2473 bl

126 2533 132 2546 ·
164 2532 172 2547 ·
219 2520 313 2574 istam
324 2520 454 2574 deorum
464 2521 627 2587 injuriam,
639 2520 789 2587 quoniam
801 2519 1008 2587 imperotores
1015 2521 1250 2588 praeceperunt
1264 2517 1456 2574 utautcbri·

218 2620 317 2673 stiani
328 2621 390 2673 otiis
398 2621 515 2674 nostris
527 2620 726 2674 immolarent
735 2621 790 2673 out
799 2620 866 2687 ipni
875 2619 1339 2674 traderentur.victorlloseellus
1347 2631 1456 2687 respon·

218 2719 258 2773 dit
270 2736 277 2772 ι
290 2720 417 2774 Insania
427 2738 436 2787 ,·
443 2720 583 2788 pejorem
596 2722 625 2772 te
636 2730 756 2786 semper
776 2731 841 2772 esse
854 2719 986 2788 inuenio,
1001 2721 1077 2787 quia
1088 2718 1245 2786 relinquis
1257 2718 1456 2786 enuntiem

217 2818 322 2872 lesum
345 2817 501 2872 Obristum
520 2817 625 2885 silium
646 2817 702 2870 Dei
722 2815 788 2869 viui
806 2817 1007 2885 erumnarum,
1031 2819 1129 2870 mum
1150 2816 1382 2884 ocDominum,
1402 2815 1456 2884 qui

216 2917 496 2972 tetenditcoeloset
514 2915 665 2985 fundauit
683 2919 810 2969 terram.
839 2916 861 2969 0
881 2915 1071 2969 detestabilis
1083 2919 1114 2969 et
1119 2916 1246 2984 perdite
1252 2918 1447 2984 persecutor,
1462 2914 1488 2968 ib

214 3015 575 3083 quorenoncmisiateros
588 3027 682 3083 quom
701 3027 850 3069 omarum
869 3017 913 3069 sit
932 3019 962 3069 ct
983 3018 1118 3070 stultum
1131 3016 1270 3071 odorare
1285 3016 1453 3085 raptasset

216 3116 331 3183 lipnol

248 3217 280 3270 ’7.
302 3218 334 3268 Et
354 3216 438 3269 iratus
456 3229 576 3284 praeses,
596 3216 676 3282 jussit
698 3216 777 3269 beato
801 3214 933 3268 Floseello
957 3215 1062 3269 sortiter
1084 3229 1179 3283 graves
1203 3216 1311 3283 imponi
1336 3229 1448 3282 poenas,

213 3316 308 3369 dicens
322 3331 328 3367 :
343 3316 492 3370 Memento
498 3316 570 3381 juin
586 3328 626 3368 ne
638 3317 703 3368 tarn
716 3314 954 3381 indisciplinate
965 3315 1164 3382 respondeas,
1177 3314 1254 3382 quio
1273 3317 1352 3368 ante
1358 3328 1449 3382 prae

214 3413 331 3483 fectum
342 3418 437 3468 astos.
452 3416 541 3468 victor
554 3419 646 3467 autem
660 3413 816 3479 Floscellus,
828 3412 921 3466 divino
935 3419 1002 3466 nutu
1015 3415 1194 3479 confortatus,
1207 3413 1276 3466 dixit
1287 3415 1429 3480 praetecta
1442 3429 1449 3467 ε
1465 3412 1491 3465 ib

213 3514 290 3569 Ecce
301 3518 329 3568 te
334 3528 455 3583 poenas
467 3514 622 3581 inferente
633 3512 712 3567 milii
723 3513 822 3568 bonor
833 3516 862 3566 et
872 3514 978 3581 plorio
990 3517 1036 3567 est
1046 3517 1075 3568 el
1088 3515 1231 3569 omnibus
1243 3514 1301 3582 qui
1311 3516 1359 3568 od
1369 3514 1451 3569 banc

213 3614 488 3684 interropotionem
509 3615 648 3669 ueniunt.
662 3619 739 3667 Tunc
759 3628 870 3680 praeses
889 3616 1062 3669 stomachans
1083 3618 1192 3669 beatum
1212 3613 1381 3669 Floscellum
1402 3629 1449 3682 ap·

213 3716 295 3781 pendi
316 3717 466 3783 praecepit,
479 3716 574 3768 dicens
595 3715 795 3781 apparitoribus
816 3730 822 3765 :
844 3715 950 3768 Facite
966 3728 1037 3768 eum
1058 3715 1197 3783 torqueri
1216 3712 1357 3782 fortiter,
1370 3716 1448 3783 quia

212 3814 268 3870 boc
287 3819 434 3869 meretur.
456 3816 545 3867 Victor
561 3827 626 3880 erpo
648 3813 807 3876 Floscellus,
830 3813 977 3867 laetissime
998 3826 1101 3879 poenas
1124 3813 1279 3867 crudelium
1303 3815 1446 3869 ministro·

212 3930 273 3968 rum
285 3916 434 3981 sustinens,
448 3914 515 3966 dixit
529 3930 535 3964 :
551 3913 574 3966 0
586 3912 734 3981 stultitia,
750 3912 831 3965 nibil
843 3927 891 3966 me
904 3914 1072 3981 torquendo
1080 3913 1238 3982 proficies.
1254 3913 1355 3969 Credo
1366 3915 1453 3969 enim
1468 3915 1497 3968 ili

211 4015 246 4067 in
258 4017 327 4082 Deo,
341 4015 396 4081 qui
407 4015 462 4066 dut
475 4011 554 4065 mibi
573 4012 727 4080 virtutem,
748 4011 824 4078 quio
839 4013 1001 4078 patienter
1012 4010 1116 4080 feram
1137 4012 1218 4080 quod
1233 4011 1315 4066 mibi
1334 4015 1453 4082 inpietate

212 4115 410 4182 irropoueris,
424 4117 459 4167 ut
471 4114 509 4166 de
515 4113 675 4180 patientia
687 4113 812 4166 oin-com
825 4115 854 4166 te
865 4114 1027 4178 etpotrem
1047 4114 1146 4180 tuum,
1158 4112 1215 4179 qui
1226 4111 1351 4166 dieitur
1361 4114 1450 4167 Sato-

211 4229 280 4282 nas,
293 4229 313 4268 a
329 4226 388 4282 quo
400 4213 517 4266 missus
528 4225 560 4266 es
570 4213 721 4266 adomsus
736 4224 841 4266 servos
854 4211 918 4264 Dei.
934 4212 1090 4264 valerianus
1103 4215 1193 4265 autem
1207 4212 1350 4278 praecepit
1362 4214 1452 4268 carni·

212 4317 320 4381 deibus,
334 4316 430 4369 dicens
444 4331 449 4366 ε
464 4314 619 4367 Manilius
630 4315 696 4380 cius
714 4315 859 4380 torquete,
872 4326 912 4366 ne
923 4313 956 4364 in
968 4313 1190 4367 contumeliam
1201 4316 1347 4368 nostram
1355 4318 1452 4384 utque

210 4417 436 4481 imperatorum
447 4412 586 4478 amplius
598 4411 682 4478 loqui
685 4412 793 4477 possit.
805 4414 928 4476 cumque
938 4416 1123 4476 torqueretur,
1133 4410 1200 4463 dixit
1209 4427 1216 4462 :
1224 4411 1325 4479 liopis
1335 4415 1450 4482 mopte-
1466 4415 1496 4466 ib

209 4526 268 4578 que
279 4513 418 4565 audacia
434 4524 503 4564 meo
524 4510 643 4578 crescit,
656 4508 807 4576 quoniam
818 4509 852 4561 in
864 4509 1054 4577 crucifixum
1075 4510 1176 4563 credo.
1189 4510 1246 4563 Sed
1260 4513 1368 4565 tomen
1389 4513 1446 4566 od-

203 4613 279 4677 juro
301 4613 329 4663 te
346 4624 406 4677 per
426 4610 497 4664 deos
515 4613 583 4663 tuos
604 4622 679 4676 quos
698 4608 774 4662 colis
796 4608 930 4661 elidicus
948 4607 1028 4661 anilii
1042 4609 1080 4662 alc
1096 4611 1265 4676 quoputoa
1287 4612 1375 4678 quod
1385 4610 1449 4682 for·
