3316 5482
437 375 532 424 eren.
551 375 636 426 iver.
655 376 774 427 eurus.
793 394 838 407 -
853 376 1008 426 cresso.
1027 377 1074 426 nn
1091 377 1169 426 con.
1189 375 1266 427 sset.
1399 363 1466 429 503

235 546 374 601 Maximini
387 546 561 612 sanctissimi,
575 546 621 612 qui
642 559 724 611 super
737 546 839 612 Ligeris
859 546 966 599 alveum
980 545 1053 599 haud
1076 545 1218 612 proculab
1239 545 1301 597 altis
1322 545 1467 598 moenibus

234 646 439 700 Aurelianensis
451 643 545 712 oppidi
557 645 662 698 christo
676 645 790 699 homino
811 650 950 713 gratanter
961 644 1040 698 valde
1063 644 1195 710 militavit,
1209 643 1359 709 disciplinis
1371 658 1386 697 a
1399 659 1466 710 pue-

236 745 298 798 ritia
311 743 458 797 traduntur
470 743 558 796 edocti
569 760 577 809 3
590 742 751 810 diutinaque
773 743 957 809 praeceptoris
970 744 1011 796 sui
1034 743 1155 796 sollertia
1176 742 1331 809 examinati,
1353 744 1467 799 anacho-

236 843 352 896 reticum
362 841 530 908 exercitium,
541 842 628 907 ipsius
637 840 763 907 opitulati
774 843 954 908 orationibus,
966 856 1020 910 quo
1033 842 1146 896 liberius
1156 843 1264 897 divinae
1273 845 1466 909 speculationis

196 946 217 999 Β
233 944 327 1011 quiete
338 942 440 1009 perfrui
462 942 594 1006 valerent,
608 943 793 1008 arripuerunt,
806 941 879 994 solo·
892 941 1036 995 haerentes
1055 944 1109 994 beo
1130 943 1228 1008 suique
1240 954 1333 994 curam
1354 942 1461 996 fastidio
1524 953 1532 976 ⁶

236 1041 371 1096 habentes
383 1054 446 1093 curn
458 1040 546 1094 fallaci
560 1039 673 1093 mundo.
688 1041 785 1092 lterum
799 1053 855 1093 non
865 1041 923 1094 istis
936 1040 1126 1095 tantummodo
1137 1042 1226 1095 bonae
1239 1042 1296 1108 spei
1306 1042 1363 1108 jam
1376 1043 1465 1096 dictus

236 1141 411 1194 innocentius
422 1145 576 1206 opportuna
588 1139 708 1193 subsidia
719 1140 867 1203 inferebat,
878 1139 926 1193 sed
944 1140 1027 1192 etiam
1046 1137 1155 1193 cuidam
1168 1140 1270 1193 multae
1283 1139 1465 1206 simplicitatis

236 1241 283 1295 liei
295 1252 383 1307 servo,
406 1241 575 1293 launomaro
595 1239 747 1304 nominato,
769 1239 916 1291 monachili
933 1240 1043 1292 schema
1064 1238 1203 1305 decorato,
1217 1239 1246 1291 in
1267 1240 1326 1293 rico
1347 1240 1465 1306 quodam

235 1338 449 1393 subterfluente
470 1339 559 1404 latice,
571 1340 641 1405 [qui]
661 1339 760 1392 curbio
782 1339 973 1405 agnominatus
995 1344 1043 1405 est,
1057 1340 1222 1393 coenobium
1243 1339 1366 1393 condidit
1385 1346 1467 1407 atquc

187 1444 216 1495 to
233 1439 394 1507 largissime,
408 1452 462 1505 quo
484 1439 634 1505 promptius
646 1445 704 1492 tum
717 1440 850 1505 practicos
863 1444 921 1490 turn
933 1439 1097 1492 theoreticos
1109 1439 1214 1492 fructus
1228 1444 1330 1492 metere
1352 1440 1464 1506 valeret,

235 1540 329 1593 multis
355 1552 438 1606 opum
464 1539 549 1604 copiis
579 1538 739 1592 nobilitavit.
762 1539 807 1591 llis
838 1538 966 1592 omnihus
994 1537 1072 1591 divae
1099 1539 1247 1592 memoriae
1277 1538 1466 1592 (hildebertus

234 1643 376 1707 augustus,
388 1639 465 1704 cujus
485 1637 586 1691 dicioni
600 1638 674 1704 regio
687 1642 743 1690 tum
757 1637 811 1700 illa,
825 1637 909 1690 fratre
930 1637 1065 1691 Clothario
1077 1639 1204 1692 citeriore
1225 1644 1335 1691 tenente
1348 1638 1434 1692 Gallia
1443 1641 1462 1705 ',
1526 1649 1536 1671 ·
1572 1645 1578 1659 '
1597 1685 1604 1700 .

235 1738 402 1804 subjacebat,
425 1751 567 1791 assensum
588 1738 735 1804 praebebat
758 1736 866 1804 piisque
885 1737 979 1791 talium
1000 1738 1143 1791 conatibus
1164 1738 1260 1791 festivo
1290 1736 1373 1791 corde
1397 1738 1463 1791 allu-

235 1837 327 1890 debat.
342 1840 374 1890 tlt
385 1842 458 1890 rcctc
469 1827 580 1905 quidem
594 1854 601 1889 :
614 1851 661 1890 oro
675 1838 796 1904 profecto
809 1837 895 1890 nostri
912 1838 1053 1903 purpurari
1067 1838 1197 1904 cxtcrius,
1211 1852 1332 1904 paupere
1355 1852 1466 1906 quoquc

187 1939 218 1990 to
235 1950 268 1990 ac
288 1950 374 2004 egeno
389 1936 516 2001 interius,
537 1937 671 1989 sancitum
693 1936 819 2003 estquod
841 1938 929 2006 honor
947 1938 1018 2005 regis
1036 1937 1169 2003 judicium
1191 1938 1286 2004 diligit,
1306 1944 1333 1991 et
1353 1938 1465 2004 quidam

237 2038 309 2089 inter
332 2038 374 2091 sui
398 2037 528 2103 temporis
548 2037 650 2103 primos
672 2037 859 2103 permaximus
879 2035 1060 2103 philosophus
1080 2037 1173 2090 beatas
1200 2037 1258 2090 foro
1287 2037 1465 2104 respublicas,

236 2135 261 2190 si
274 2151 321 2190 eas
332 2138 374 2190 vel
386 2137 522 2203 sapientes
534 2142 660 2206 regerent
673 2137 715 2189 vel
728 2149 823 2190 corum
837 2142 958 2191 rectores
969 2138 1120 2203 sapientiae
1132 2136 1284 2200 studerent,
1298 2137 1464 2203 astipulavit.

237 2239 307 2305 Ergo
319 2242 450 2304 augustus
462 2236 523 2301 iste,
536 2240 566 2289 ut
578 2236 644 2288 mihi
653 2235 747 2289 videre
760 2235 864 2303 videor,
875 2237 927 2290 hoc
936 2250 993 2290 uno
1005 2238 1076 2290 facto
1088 2237 1198 2303 utrique
1208 2237 1359 2289 sententiae
1368 2234 1463 2290 affuit:

238 2336 369 2402 quoniam
383 2335 448 2388 durn
460 2335 562 2388 sanctis
571 2335 643 2388 beati
656 2336 703 2388 liei
717 2334 875 2403 suffragium
888 2335 987 2398 intulit,
999 2335 1133 2400 judicium
1144 2334 1248 2401 dilexit,
1260 2339 1287 2387 et
1296 2334 1348 2387 hoc
1360 2335 1465 2401 agendo

187 2439 220 2490 20
237 2433 312 2502 quod
325 2433 359 2486 ad
372 2433 567 2486 beatitudinem
581 2434 677 2499 tendit,
700 2434 897 2500 rempublicam
910 2434 1080 2489 beatitudine
1102 2448 1151 2488 suo
1165 2435 1297 2503 regimine
1318 2434 1466 2502 insignivit.

240 2537 272 2588 Ut
284 2537 374 2585 autem
387 2545 402 2584 a
415 2531 583 2600 digressione
597 2532 693 2599 pedem
706 2534 908 2599 contrahamus,
922 2533 988 2587 dum
1001 2534 1068 2587 haec
1080 2539 1207 2602 aguntur,
1221 2534 1391 2600 ltigomerus,
1403 2535 1466 2586 iesu

238 2633 336 2686 christi
350 2631 477 2696 famulus,
491 2644 524 2684 co
536 2633 566 2683 in
579 2633 638 2685 loco
653 2645 685 2685 ea
697 2646 751 2699 qua
764 2630 866 2686 dictum
880 2639 923 2686 est
935 2633 1005 2686 serie
1017 2632 1148 2686 adoritur.

271 2733 329 2784 111.
342 2731 467 2783 liecursis
486 2744 596 2797 quoque
620 2731 788 2797 puellaribus
809 2733 890 2785 annis
910 2733 1044 2786 Launitdo
1066 2731 1200 2786 sacerdoti
1221 2733 1400 2800 mancipatur,
1414 2747 1468 2799 quo

236 2831 429 2886 ecclesiasticis
442 2831 579 2883 exercitiis
591 2829 734 2898 vigilanter
747 2831 926 2883 imbueretur.
938 2829 1069 2883 Admotus
1082 2831 1174 2897 itaque
1187 2829 1221 2883 ad
1235 2831 1324 2883 vimm
1337 2831 1383 2884 liei
1399 2845 1467 2898 pue·

187 2932 217 2984 att
235 2929 323 2995 rulus,
338 2934 420 2994 atque
432 2941 466 2981 ex
479 2928 620 2980 mitissima
633 2928 762 2994 qualitate
776 2928 909 2981 infantilis
919 2928 1052 2981 formulae
1062 2942 1118 2981 non
1129 2930 1203 2994 parvi
1217 2929 1282 2982 boni
1295 2930 1468 2996 participium

236 3029 290 3082 sibi
304 3029 395 3081 inesse
416 3028 591 3094 conjectatus,
614 3028 698 3095 ignita
718 3029 820 3094 quippe
841 3028 938 3080 caritas
959 3028 1001 3081 sui
1023 3027 1129 3081 ardoris
1155 3028 1300 3081 scintillam
1321 3029 1464 3082 celerrime

236 3128 378 3192 odoratur,
390 3126 490 3179 blande
503 3127 617 3179 nimium
633 3126 718 3192 ipsius
731 3127 888 3193 complexus
906 3127 1026 3181 indolem
1042 3144 1048 3180 :
1062 3128 1114 3193 Mi,
1127 3128 1226 3195 inquit,
1239 3131 1321 3196 reate,
1337 3129 1467 3196 tegmine

235 3229 367 3281 alarum
380 3226 436 3280 Dei
447 3227 517 3288 mei,
531 3227 574 3279 ad
594 3239 684 3293 quaa
696 3225 840 3295 confugii
858 3227 985 3280 initiam
1000 3228 1145 3295 arripere
1155 3227 1282 3297 videris,
1292 3231 1461 3296 protectas,

238 3325 283 3380 ad
296 3325 403 3379 heatae
414 3324 666 3378 immortalitatis
687 3325 913 3379 solidissimam
919 3327 1087 3394 pervenire
1104 3341 1200 3395 queas
1212 3328 1296 3380 titus.
1309 3330 1378 3381 llaec
1394 3333 1466 3382 certe

187 3428 218 3480 50
236 3425 339 3478 famina
351 3425 398 3477 uhi
417 3424 498 3477 hcros
519 3424 628 3477 silentio
650 3426 811 3490 suppressit,
834 3425 937 3490 priscos
958 3433 1083 3479 notarum
1105 3404 1275 3480 characteres
1288 3427 1312 3479 ci
1325 3428 1465 3494 exhihuit3

233 3537 304 3592 quos
317 3525 384 3576 mira
405 3523 542 3584 facilitate,
564 3529 658 3590 utpote
678 3526 733 3577 lieo
758 3525 886 3591 fecunda,
910 3539 996 3589 mens,
1018 3526 1081 3579 licet
1102 3532 1197 3579 tenera
1218 3532 1315 3595 aetate,
1330 3527 1464 3580 exhausit.

234 3625 367 3678 Nimirum
379 3624 480 3677 dehinc
491 3623 526 3677 ad
539 3624 708 3690 psalmicinis
718 3623 831 3677 deificos
844 3630 940 3678 cantus
952 3631 1034 3693 atque
1048 3624 1082 3678 ad
1096 3626 1200 3693 reliqua
1214 3626 1303 3678 studia
1316 3625 1465 3680 memoriae

235 3723 391 3776 mandanda
408 3723 549 3790 appulsus,
563 3736 645 3790 quam
657 3724 853 3790 compendiose
866 3737 920 3777 non
942 3723 1024 3778 modo
1037 3737 1162 3791 coaevos,
1175 3725 1243 3791 quin
1256 3725 1346 3791 potius
1359 3737 1405 3777 eos
1418 3725 1465 3792 qui

235 3835 266 3875 se
278 3823 457 3875 autumabant
468 3823 576 3889 sciolos,
588 3822 690 3886 arduis,
712 3829 743 3876 ut
760 3823 930 3889 complexivo
951 3823 1050 3888 dicam,
1064 3825 1147 3878 totius
1160 3825 1290 3877 scientiae
1305 3824 1417 3892 fastigiis
1429 3825 1466 3876 sit

187 3922 220 3975 35
236 3933 440 3988 supergressus,
454 3920 488 3973 ad
502 3921 693 3987 explicandum
706 3922 820 3987 penuria
831 3922 918 3975 nostri
936 3921 1028 3975 deficit
1040 3935 1145 3975 sensus.
1157 3925 1212 3975 Nec
1226 3922 1361 3975 immerito
1374 3938 1382 3975 :
1396 3921 1467 3974 sicut

234 4019 310 4072 enim
323 4018 420 4072 litteris
440 4021 567 4074 cecinere
591 4022 648 4074 suis
660 4022 687 4072 hi
705 4033 775 4089 quos
790 4023 846 4087 jam
865 4022 965 4074 retinet
982 4023 1057 4074 curia
1070 4022 1203 4088 caelestis,
1217 4021 1291 4074 nulla
1304 4021 1466 4075 condicione

235 4120 352 4186 Spiritus
364 4122 450 4175 sancti
464 4136 564 4175 munus
577 4127 665 4188 potest
676 4122 783 4187 arceri;
802 4121 875 4188 quod
893 4122 940 4187 qui
960 4121 1084 4174 obtinere
1102 4121 1225 4185 valuerit,
1239 4134 1301 4174 vere
1320 4121 1390 4174 liber
1402 4121 1464 4174 erit.

235 4220 300 4285 Ejus
311 4224 352 4273 est
363 4222 438 4273 enim
450 4222 496 4288 qui
510 4222 591 4275 habet
603 4222 732 4288 Spiritum
752 4222 860 4288 Christi,
881 4224 959 4288 cujus
976 4227 1039 4274 autc
1058 4221 1183 4274 notitiam
1202 4221 1287 4287 legale
1307 4222 1465 4287 opprimens

233 4317 329 4383 jugum
343 4331 455 4384 prorsus
468 4320 610 4384 emarcuit,
633 4333 687 4386 quo
709 4320 826 4372 micante
848 4325 922 4386 grata
941 4319 1056 4371 felicitas
1077 4319 1215 4371 servitutis
1232 4318 1278 4370 bei
1292 4332 1341 4384 per
1352 4318 1465 4386 gratiam

187 4419 217 4470 to
234 4415 433 4483 redemptionis
452 4420 518 4470 iesu
538 4418 636 4472 christi
658 4418 754 4471 illuxit.
780 4419 863 4485 tlujus
891 4431 990 4482 nempe
1008 4416 1168 4483 disciptinae
1185 4418 1277 4485 vigore
1301 4417 1465 4486 Rigomcrus

234 4516 401 4570 venerabilis
413 4517 447 4569 ab
469 4517 531 4569 imis
551 4518 671 4582 evulsus,
685 4516 719 4569 ad
737 4531 826 4584 usque
848 4519 1050 4585 presbyteratus
1071 4530 1217 4571 amoenum
1237 4517 1368 4585 gradatim
1382 4517 1466 4570 decus

234 4617 352 4681 enituit3
365 4629 421 4683 quo
433 4617 470 4669 ita
482 4617 594 4671 monitis
608 4617 765 4671 salubribus
785 4617 907 4685 parendo
928 4617 1020 4683 potiri,
1038 4629 1115 4669 more
1133 4616 1250 4670 recentis
1262 4616 1358 4668 tironis
1369 4615 1465 4668 audaci
