3316 5482
230 327 293 393 118
576 340 700 391 curun.
720 340 823 391 oonu.
842 341 1018 392 naamam
1037 343 1117 394 mr.

267 519 319 577 De
332 515 493 589 muliere,
508 529 602 587 quae
615 513 654 574 ln
677 515 756 586 ejus
769 514 898 587 vlgllla
918 519 1151 592 operabatur,
1168 519 1205 577 et
1225 520 1274 578 ab
1289 519 1415 580 eodem

579 630 754 687 percussu
767 617 804 676 et
817 618 945 688 postea
959 619 1103 678 sanam.

260 810 304 861 11.
319 806 434 860 Accedat
446 812 472 859 et
484 805 559 860 aliud
572 805 695 874 ejusdem
715 807 879 860 confessoris
904 821 937 861 ex
955 821 1010 861 una
1030 821 1112 863 causa
1128 813 1155 862 et
1175 810 1203 862 in
1226 809 1322 863 eadem
1344 823 1462 875 persona

224 908 323 973 duplex
337 905 509 970 miraculum,
523 906 552 958 in
572 906 662 972 vigilia
684 906 782 959 natalis
791 907 876 972 ipsius
899 906 933 959 de
945 908 1063 961 transitu
1075 908 1222 977 praeterito
1243 920 1317 962 anno
1330 915 1462 964 recenter

224 1014 325 1062 actum.
339 1010 370 1059 ln
382 1007 540 1059 Basatbensi
553 1019 651 1072 nempe
664 1007 742 1070 urbe,
755 1020 826 1073 quae
838 1008 866 1059 in
879 1008 1023 1073 provincia
1043 1008 1191 1061 lascouiae
1212 1008 1362 1075 habitatur,
1384 1023 1461 1076 prae·
1478 1013 1495 1064 5

224 1108 270 1161 rati
282 1107 367 1160 sancti
380 1113 529 1160 memorata
543 1106 632 1173 vigilia
644 1119 660 1158 a
672 1119 786 1172 vespero
805 1106 967 1173 celebratur,
978 1108 1012 1160 ab
1025 1108 1086 1159 aliis
1098 1107 1185 1173 patrio
1205 1121 1281 1162 more
1302 1108 1455 1165 colebatur.

229 1206 366 1270 Quaedam
380 1210 471 1258 autem
481 1205 590 1269 mulier,
603 1217 674 1271 quae
686 1205 796 1258 sacrarii
810 1184 970 1259 vestimenta
984 1207 1147 1273 episcopalis
1159 1207 1233 1259 sedis
1255 1207 1395 1275 abluebat,
1409 1208 1462 1262 sol-

226 1306 395 1360 lemnitatem
406 1306 480 1359 illam
492 1306 583 1359 colere
596 1306 756 1373 dedignans,
770 1307 829 1370 ipsa
850 1306 918 1359 bora
936 1305 1077 1372 quippiam
1099 1307 1209 1359 servilis
1233 1308 1326 1373 operis
1351 1309 1460 1376 agebat.

227 1409 278 1461 Pro
290 1420 344 1474 qua
357 1420 387 1460 re
397 1406 517 1458 divinam
539 1406 670 1459 ultionem
693 1405 754 1458 ilico
767 1419 816 1471 por
834 1406 943 1459 beatum
956 1407 1088 1459 Hilarium
1102 1409 1208 1460 sensit:
1230 1421 1294 1461 nam
1309 1422 1409 1462 manus
1421 1408 1461 1462 illi

227 1507 340 1561 dextera
352 1520 406 1574 qua
418 1506 582 1572 operabatur
594 1506 741 1558 contractis
753 1507 844 1558 nervis
856 1506 891 1558 ad
903 1506 1025 1558 cubitum
1039 1507 1156 1560 retorsit.
1170 1510 1226 1571 Qua
1239 1507 1359 1561 evidenti
1371 1521 1458 1575 poena
1477 1510 1503 1561 lt

229 1609 268 1661 sic
281 1607 404 1673 multata,
418 1605 514 1659 dolore
527 1611 609 1672 atque
620 1605 722 1658 damno
743 1617 841 1658 manus
854 1610 947 1672 tracta,
970 1605 1004 1657 ad
1026 1606 1135 1658 beatum
1158 1606 1289 1660 Hilarium
1311 1608 1463 1674 coepitcla·

228 1721 305 1762 mare
318 1707 419 1760 anxia:
437 1707 459 1759 o
465 1705 613 1772 piissime
632 1703 792 1773 confessor
809 1704 929 1766 Hilari,
952 1706 1042 1771 cujus
1060 1719 1116 1773 ope
1133 1706 1230 1760 audio
1253 1707 1368 1761 multos
1391 1709 1460 1760 tan·

228 1810 357 1876 petentes
368 1804 489 1873 curari,
502 1804 646 1871 dirrare,
660 1817 784 1871 quaeso,
797 1806 827 1856 et
839 1804 901 1858 cnei
909 1805 1062 1874 misereri,
1083 1808 1119 1858 ut
1131 1806 1364 1874 quisuperbum
1386 1808 1422 1861 in
1434 1811 1463 1863 te

228 1920 266 1962 ac
277 1907 418 1960 natalem
431 1907 521 1958 tuum
533 1903 691 1957 celebrare
701 1903 922 1970 deducentem
940 1903 1033 1972 dipne
1053 1919 1102 1958 me
1117 1906 1316 1975 percussisti,
1336 1905 1461 1977 humili,

225 2018 338 2075 precor
360 2005 503 2071 supplex,
520 2014 655 2069 parcere
666 2001 745 2055 milti
753 2003 894 2068 dipneris
914 2006 1007 2070 atque
1027 2004 1182 2057 amariter
1202 2005 1391 2072 paenitenti.
1420 2009 1463 2060 De
1482 2003 1510 2058 l!

229 2108 329 2161 cetero
340 2115 475 2170 namque
478 2101 631 2167 promitto
644 2100 709 2167 tibi,
723 2102 818 2155 testor
840 2103 869 2154 et
881 2102 959 2166 juro
977 2114 1098 2156 omnem
1121 2104 1280 2158 caelorum
1300 2105 1463 2170 virtutem,

230 2218 278 2259 me
284 2204 427 2272 primam
439 2203 522 2255 inter
533 2201 614 2255 alios
625 2200 747 2254 devotos
758 2213 986 2268 quamcumque
997 2206 1085 2256 tuom
1097 2203 1197 2258 colere
1208 2204 1461 2273 sollemnitatem,

234 2305 263 2358 et
272 2301 412 2371 perjurii
423 2299 515 2366 liujus
527 2300 613 2366 apud
627 2299 721 2351 Deum
733 2301 763 2352 et
772 2299 908 2353 homines
921 2313 977 2354 rea
989 2303 1099 2354 tenear
1119 2313 1156 2354 ac
1176 2301 1260 2354 iram
1281 2301 1424 2356 divinam
1435 2304 1466 2356 et

233 2405 320 2457 tuam
339 2400 475 2469 proinde
485 2399 573 2464 juste
591 2410 724 2466 merear,
745 2398 774 2450 si
794 2399 938 2465 deinceps
960 2400 995 2452 in
1015 2403 1069 2454 tuo
1089 2400 1193 2454 natali
1210 2401 1258 2454 vel
1279 2401 1314 2453 irc
1336 2413 1463 2468 praece·

233 2503 321 2557 denti
333 2501 446 2568 vipilt'a
458 2511 591 2566 operans
604 2499 761 2552 inveniar.
781 2501 837 2551 Hoc
851 2505 877 2551 et
898 2499 1055 2566 hujusmodi
1076 2502 1185 2566 saepius
1197 2501 1313 2568 querula
1331 2514 1398 2556 voce
1419 2502 1465 2556 do
1483 2501 1510 2557 Ξ

233 2604 354 2670 plorans,
368 2606 395 2653 et
415 2600 450 2652 ob
471 2612 548 2664 spem
570 2597 774 2664 recuperandae
796 2599 892 2651 salutis
911 2599 1002 2667 vigilia
1023 2605 1195 2666 pentecostes
1215 2601 1245 2653 in
1267 2602 1385 2656 ecclesia
1402 2615 1466 2656 cum

233 2700 362 2756 luminari
375 2711 424 2766 pro
437 2697 635 2751 consuetudine
647 2699 736 2764 gentis
748 2711 814 2750 suae
828 2703 1004 2764 pernoctans,
1017 2712 1080 2751 cum
1101 2712 1225 2753 maerore
1245 2705 1274 2752 et
1294 2701 1390 2754 labore
1401 2702 1467 2768 sigi·

232 2801 309 2856 landi
323 2801 395 2853 fessa
408 2811 505 2864 parum
517 2797 696 2864 obdormiret,
710 2799 798 2850 statim
813 2799 840 2849 in
853 2799 913 2851 visu
933 2799 1004 2852 beati
1027 2799 1120 2852 Hilarii
1142 2799 1310 2866 sepulcrum,
1323 2801 1397 2867 quod
1410 2802 1467 2855 Pic-

233 2901 363 2968 tavisest,
376 2900 520 2964 ipsumque
538 2905 663 2950 sanctum
677 2902 814 2963 tamquam
835 2898 901 2952 inde
921 2904 1065 2952 exeuntem
1086 2899 1162 2952 videt
1181 2913 1213 2952 ac
1233 2898 1371 2953 dicentem
1391 2902 1466 2955 sibi:

233 3002 297 3055 Pro
308 3012 341 3053 eo
354 2999 435 3066 quod
447 2997 523 3050 aliia
544 2996 661 3064 festum
680 3011 784 3051 merem
804 2998 976 3052 colentibus
996 3000 1067 3065 abac
1088 3001 1251 3067 neplepens
1271 2999 1510 3069 operabarioj

235 3102 419 3175 torpuerem
440 3095 657 3150 heremanus
674 3093 735 3162 per
757 3109 806 3149 mc
825 3098 958 3163 pateris.
988 3099 1098 3151 Veram
1119 3099 1195 3166 quia
1216 3099 1308 3165 corde
1322 3099 1468 3166 poenites

235 3202 324 3265 teque
336 3195 447 3250 amodo
459 3193 542 3262 festa
554 3207 624 3247 meo
636 3195 736 3248 colere
748 3208 818 3248 cum
823 3197 1009 3261 juramento
1026 3197 1168 3263 spondes,
1186 3197 1355 3250 sanitatem
1375 3212 1396 3250 a
1407 3199 1468 3253 Deo

224 3298 297 3363 jam
306 3309 365 3363 per
377 3307 425 3347 me
435 3293 577 3359 recipies.
585 3295 616 3344 Et
629 3293 782 3345 extendens
792 3300 902 3347 sanctus
912 3308 1034 3361 manum,
1048 3294 1185 3348 insumam
1196 3296 1319 3349 mulieris
1326 3297 1468 3350 dexteram

232 3412 281 3464 per
291 3398 423 3451 visionem
446 3394 627 3461 apprehendit
647 3398 674 3446 et
695 3399 769 3446 tanta
790 3395 888 3447 virtuto
911 3396 939 3447 in
961 3396 1051 3449 locum
1065 3409 1146 3448 suum
1168 3401 1293 3449 sanatam
1315 3396 1426 3450 reduxit
1439 3404 1469 3450 ut

232 3495 430 3564 crepitantibus
441 3494 548 3547 ossibus
558 3498 584 3546 et
596 3494 686 3546 nervis
699 3495 818 3547 sonitum
830 3493 1040 3547 circumstantes
1052 3495 1265 3561 andrenacum
1275 3501 1303 3548 et
1317 3497 1464 3550 mulierem
1482 3501 1510 3550 51

232 3611 247 3651 a
260 3610 357 3650 somno
369 3596 527 3649 excitarent.
539 3596 596 3656 Quo
606 3595 686 3660 lacto,
701 3594 799 3646 mulier
817 3607 959 3651 sesanam
981 3595 1085 3656 videns,
1099 3608 1148 3660 pro
1170 3595 1270 3662 gaudio
1292 3597 1462 3657 exclamavit,

233 3700 287 3749 lieo
300 3701 328 3748 et
339 3695 417 3747 beato
430 3692 530 3744 Hilario
542 3693 641 3759 gratias
654 3705 754 3758 agens3
768 3698 794 3744 et
806 3705 903 3746 omncs
921 3693 968 3759 qui
989 3692 1101 3745 aderant
1123 3693 1223 3758 pariter
1244 3697 1330 3746 lleum
1343 3693 1461 3747 benedi·

233 3796 340 3858 cebant,
354 3794 401 3859 qui
414 3805 463 3857 per
475 3796 548 3843 tanta
562 3793 694 3843 miracula
707 3806 816 3844 servum
829 3807 908 3845 suum
922 3791 1091 3859 glorificabat
1104 3794 1213 3846 beatum
1236 3793 1377 3847 Hilarium.
1392 3797 1465 3848 Post·

233 3895 343 3949 modum
358 3893 466 3956 mulier,
480 3892 514 3943 de
526 3897 601 3945 tanto
614 3905 669 3945 non
683 3893 787 3958 ingrata
799 3892 942 3957 beneflcio,
957 3895 1070 3946 Hictanis
1085 3894 1119 3946 ad
1134 3895 1272 3947 basilicam
1286 3895 1358 3947 beati
1369 3896 1464 3967 Hilarii

232 3992 471 4054 dctoteaccessit;
485 3993 513 4042 in
535 4004 588 4057 qua
606 3991 763 4056 sepulcrum
786 3994 872 4044 sancti
894 3993 964 4044 siout
983 3994 1011 4045 in
1030 3994 1135 4046 visione
1150 3993 1255 4047 viderat
1276 3995 1419 4047 inventum
1438 4000 1466 4048 et
1482 3999 1510 4048 ol

234 4094 352 4162 agnovit.
366 4095 452 4157 super
463 4092 541 4158 cujus
552 4091 638 4143 altare
650 4091 752 4143 lineum
763 4092 965 4156 indumentum,
975 4095 1048 4160 quod
1062 4093 1133 4159 apud
1147 4107 1197 4146 nos
1210 4092 1311 4146 dicitur
1324 4095 1465 4162 superpel-

233 4193 336 4257 licium,
344 4205 427 4244 manu
435 4197 527 4243 sanata
537 4190 634 4242 obtulit
644 4196 796 4256 operatum,
807 4189 840 4242 ad
851 4191 1017 4244 cotidianum
1027 4193 1153 4245 videlicet
1162 4206 1242 4245 usum
1255 4194 1403 4246 missarum
1417 4212 1425 4260 3
1437 4201 1467 4248 et

234 4293 284 4346 hoc
296 4293 354 4358 ipsa
366 4304 414 4344 ore
426 4303 475 4344 suo
488 4291 725 4358 vuermonmicne,
739 4290 890 4342 venerabili
900 4291 1022 4358 ejusdem
1037 4293 1088 4345 loci
1102 4298 1167 4345 tunc
1179 4293 1419 4360 capiterioquae'
1431 4294 1466 4347 de

233 4392 328 4445 eadem
340 4391 510 4456 suntscripta
523 4392 650 4443 narravit.
664 4393 684 4443 Ο
697 4391 806 4443 beatum
823 4391 964 4457 Hilarium,
981 4394 1097 4445 ovinum
1117 4395 1222 4459 justum
1247 4399 1273 4447 et
1295 4394 1383 4460 pium,
1402 4408 1466 4448 cum

232 4491 376 4558 exjustitia
385 4490 572 4557 delinquentis
585 4504 696 4542 manum
708 4489 912 4555 condemnavit,
925 4504 1007 4557 quam
1026 4498 1118 4557 postea
1140 4494 1289 4557 paenitenti
1311 4496 1340 4546 et
1360 4494 1461 4559 pietate
1478 4494 1509 4543 lt)
