3316 5482
225 308 289 375 120
568 323 694 374 caran.
714 322 816 372 cono.
837 322 1012 372 atomon.
1033 322 1113 373 aar.

89 494 163 551 ’sio
225 493 378 560 burgundia
390 493 529 547 canonicis
541 493 663 557 mumvit,
677 492 807 558 illamque
821 491 1016 560 insanguineo‘
1027 505 1078 546 suo
1089 494 1139 547 sub
1152 497 1315 547 testamento
1327 493 1459 547 firmavit.

217 596 274 658 Quo
287 593 369 657 facto,
383 596 463 646 nocte
477 597 620 660 sequente,
634 606 697 645 cum
709 606 738 645 se
751 592 795 644 vir
806 592 852 645 ille
865 594 955 658 sopori
968 593 1098 657 dedisset,
1113 594 1210 646 beatus
1222 593 1342 646 Hilarius
1365 594 1457 648 eidem

214 694 362 747 insomnis
386 694 521 759 apparuit,
542 706 598 747 non
619 692 737 758 placido,
760 697 790 746 ut
810 693 961 757 consuevit,
983 693 1069 756 vultu,
1084 692 1131 746 sed
1152 693 1284 746 terribilis
1306 694 1458 748 admodum

217 793 304 847 oculis
315 796 344 846 et
355 797 476 858 aspectu.
494 792 573 852 Quid
595 794 639 861 tu,
653 792 751 860 inquit,
764 803 781 846 o
793 791 984 859 alianipeno,
1002 792 1198 859 possessione
1209 804 1278 846 meo
1300 791 1462 861 fraudari

215 892 425 947 menolatum
438 890 519 944 Molo
533 893 595 958 icco,
609 891 747 958 inquom,
756 889 811 944 hoc
824 891 924 957 egisti.
938 892 1074 961 Virgaque
1088 891 1224 957 pastorali,
1238 904 1291 958 qua
1307 905 1337 944 se
1350 897 1457 945 susten·
1476 893 1492 944 5

218 991 301 1056 tabat,
312 1003 346 1043 eo
355 995 451 1057 terque
464 992 618 1056 quaterque
631 1003 762 1055 percusso
775 991 803 1041 in
813 991 912 1055 capite,
926 991 1092 1042 seminecem
1106 989 1227 1059 reliquit,
1236 995 1262 1043 et
1272 992 1311 1043 sic
1321 992 1356 1044 ab
1367 990 1457 1044 oculis

216 1088 277 1155 ejus
298 1088 417 1142 evanuit.
432 1088 480 1152 Qui
503 1087 570 1140 dum
591 1087 764 1152 caederetur,
778 1088 881 1155 ingenti
902 1101 969 1141 uoce
990 1088 1126 1142 clamabat
1146 1095 1173 1142 et
1186 1093 1217 1142 ul
1238 1089 1324 1155 ipsius
1344 1095 1457 1142 sanctus

216 1173 594 1241 miserereturmiserabiliter
605 1186 743 1238 exorabat.
753 1186 835 1252 fluJ’us
845 1186 958 1239 vocibus
968 1184 1080 1239 excitati
1089 1199 1264 1240 assurrexere
1275 1188 1321 1254 qui
1338 1187 1456 1240 circum·

216 1289 326 1341 stabant
336 1285 473 1351 ministri;
488 1285 613 1352 evigilato
627 1284 740 1338 domino
755 1283 887 1351 quidnam
898 1285 933 1337 sil
946 1286 996 1338 noc
1009 1285 1118 1338 solliciti
1130 1291 1276 1352 quaerunt.
1291 1287 1395 1350 Quibus
1408 1286 1455 1341 ille

216 1391 337 1453 caputet
356 1385 425 1438 ictus
447 1384 568 1438 ostendit
588 1389 728 1451 totamque
740 1399 772 1437 ex
793 1383 891 1438 ordine
912 1385 1043 1438 visionem
1065 1398 1131 1438 voce
1148 1400 1203 1452 qua
1216 1392 1324 1452 poterat
1344 1386 1452 1453 pandit,
1474 1391 1495 1441 lt

183 1548 186 1554 ¹
217 1490 303 1554 utque
323 1483 358 1538 ad
377 1482 519 1538 basilicam
541 1483 729 1536 satisfacturus
750 1496 832 1550 quam
853 1484 922 1536 citus
945 1483 1106 1550 deportetur
1126 1485 1233 1537 veniam
1255 1484 1455 1550 imploraturus

218 1585 315 1653 coegit.
328 1587 385 1649 Quo
407 1583 550 1637 confestim
573 1582 670 1635 allatus
687 1587 715 1635 et
731 1588 794 1635 ante
813 1587 1016 1636 sacrosanctum
1038 1597 1136 1650 corpus
1149 1583 1264 1649 piissimi
1284 1583 1454 1637 confessoris

217 1685 367 1752 depositus,
380 1685 521 1738 solotenus
542 1687 614 1737 totus
626 1684 655 1736 in
667 1684 764 1736 faciem
787 1688 935 1750 prostratus
948 1683 985 1736 ibi
999 1684 1027 1735 in
1042 1683 1167 1737 oratione
1181 1689 1208 1736 et
1225 1684 1324 1751 vigiliis
1337 1683 1454 1736 sedulus

221 1786 329 1852 mansit,
343 1783 432 1840 donec
444 1784 587 1838 emendata
609 1785 688 1850 culpa
701 1789 728 1836 et
748 1784 817 1837 curti
831 1784 876 1836 illa
888 1785 1012 1850 abjurata
1033 1789 1060 1836 et
1081 1791 1175 1837 sancto
1196 1797 1309 1851 prorsus
1329 1784 1453 1850 exposita

220 1891 311 1939 reatus
323 1885 364 1938 sui
377 1884 575 1952 indulgentiam
588 1885 711 1936 haberet.
725 1886 790 1935 llam
809 1896 870 1936 cum
884 1884 935 1936 hoc
956 1883 1101 1937 accidisset
1112 1890 1140 1936 et
1157 1897 1251 1937 rumor
1269 1885 1319 1937 iste
1340 1885 1452 1937 sinister
1472 1885 1495 1936 lt

222 1986 256 2039 ad
265 1997 351 2039 ⁴aures
370 1983 448 2036 ducis
460 1997 547 2050 usquc
569 1983 747 2049 pervenisset,
761 1984 885 2036 turbatus
904 1989 931 2035 et
949 1985 1080 2037 attonitus
1100 1984 1225 2050 protinus
1245 1985 1375 2050 occurrit,
1389 1997 1453 2036 cum

221 2098 276 2153 quo
288 2088 344 2138 tota
357 2084 415 2136 fere
428 2082 522 2136 civitas
541 2081 576 2135 ad
589 2082 775 2148 spectaculum
788 2083 855 2136 tanti
876 2083 1000 2136 miraculi
1015 2084 1077 2136 ruit.
1102 2083 1255 2137 tdveniunt
1275 2083 1409 2150 undique,
1424 2082 1453 2135 fit

222 2183 326 2237 clamor
346 2181 478 2248 undique,
498 2181 592 2234 vident
613 2183 743 2235 miserum
767 2183 927 2235 semivivum
949 2188 975 2235 et
999 2186 1054 2236 toto
1076 2182 1164 2248 capite
1185 2181 1345 2249 laceratum,
1370 2195 1452 2248 quem

223 2281 407 2336 besternadie
420 2281 448 2333 in
470 2280 569 2346 palatio
591 2294 656 2347 prae
677 2281 783 2333 cunctis
802 2286 1003 2346 conspexerant
1023 2282 1187 2335 honoratum
1209 2285 1291 2348 atque
1311 2281 1452 2335 decorum.

224 2384 380 2450 Agnoscunt
392 2379 479 2433 diram
492 2378 579 2433 sancti
598 2379 873 2448 animadversionem,
887 2380 1006 2433 clamant
1015 2381 1116 2447 justam
1135 2380 1208 2433 illius
1222 2380 1366 2446 ultionem,
1380 2394 1454 2447 prae
1472 2382 1495 2433 at

223 2481 315 2535 dicant
327 2479 475 2533 cavendam
498 2477 621 2546 eiusdem
634 2478 776 2543 offensam,
798 2480 973 2533 clementiam
994 2479 1204 2546 implorandam.
1219 2482 1276 2533 llux
1288 2481 1371 2533 etiam
1383 2481 1451 2548 ipse,

225 2583 321 2648 culpae
332 2582 413 2647 hujus
421 2581 557 2643 conscius,
564 2585 590 2633 et
599 2593 635 2632 ne
643 2580 760 2633 similent
771 2594 881 2647 quoque
890 2593 1004 2648 poenam
1015 2583 1147 2646 incurrat,
1153 2581 1267 2648 pavidus
1274 2581 1455 2635 nibilominus

226 2695 309 2748 super
320 2681 457 2734 anxietate
468 2680 664 2748 consanguinei
677 2680 730 2745 sui,
743 2694 834 2733 coram
855 2681 983 2734 omnibus
995 2681 1041 2747 qui
1055 2681 1170 2733 aderant
1181 2681 1289 2747 culpam
1302 2694 1379 2734 suam
1392 2694 1456 2735 con·

227 2781 328 2845 fitetur,
341 2787 369 2834 et
381 2779 450 2833 flens
462 2784 489 2833 et
500 2779 625 2847 hejulans
637 2784 725 2832 terras
743 2785 789 2833 aut
801 2793 844 2832 res
857 2780 930 2833 beati
951 2779 1044 2832 llilarii
1058 2793 1087 2832 se
1099 2793 1157 2832 non
1168 2779 1284 2845 amplius
1296 2781 1456 2834 invasurum

228 2894 291 2934 cum
300 2880 456 2947 juramento
477 2879 629 2945 pollicetur,
643 2879 807 2945 quinimmo
822 2892 871 2944 pro
893 2878 1076 2931 satisfactione
1089 2879 1232 2946 utriusque
1253 2892 1329 2932 suam
1343 2893 1454 2948 quoque
1472 2882 1495 2933 2¹

229 2978 463 3049 praenominatam
485 2982 588 3030 curtem
603 2978 745 3030 anciacum
767 2990 829 3028 cum
850 2977 902 3029 alia
922 2976 956 3029 de
977 2976 1131 3044 burgundia
1154 2978 1291 3031 immunes
1313 2983 1408 3032 sancto
1429 2986 1457 3032 et

229 3078 330 3131 liberas
347 3077 459 3144 reliquit
478 3083 505 3129 et
528 3081 659 3143 perpetuo
683 3077 774 3143 quiete
795 3075 935 3130 habendas
957 3077 1037 3143 sigilli
1060 3078 1101 3130 sui
1126 3078 1286 3131 auctoritate
1306 3083 1333 3130 et
1354 3078 1455 3144 scripto

230 3178 355 3231 firmavit.
365 3177 485 3229 Tandem
498 3176 636 3242 piissimus
655 3176 805 3241 confessor,
818 3176 945 3242 precibus
957 3190 988 3229 ac
1001 3177 1120 3230 lacrimis
1141 3190 1254 3230 suorum
1266 3182 1420 3231 commotus
1430 3184 1458 3231 et

228 3281 304 3330 tanta
315 3275 393 3329 ducis
412 3275 624 3340 compunctione
645 3281 671 3328 et
683 3273 797 3328 alterius
816 3275 854 3327 rei
875 3276 1058 3328 satisfactione
1073 3275 1205 3341 placatus,
1226 3275 1356 3342 pristinae
1377 3277 1455 3331 illum

229 3376 339 3430 sanitati
352 3374 469 3427 restituit
480 3387 512 3426 ac
524 3386 621 3428 sanum
635 3379 662 3426 et
674 3375 838 3427 incolumem
852 3374 885 3426 ad
898 3374 1006 3439 propria
1020 3375 1132 3426 remisit.
1146 3375 1195 3439 Qui
1209 3375 1338 3441 deinceps
1350 3383 1456 3430 curtem
1473 3383 1495 3433 b

230 3474 378 3542 praefatam
400 3487 455 3527 non
469 3473 550 3527 modo
564 3488 619 3527 non
633 3474 731 3527 invasit
744 3478 891 3535 correctns,
904 3486 999 3525 verum
1019 3474 1100 3525 etiam
1113 3474 1147 3525 ab
1165 3476 1240 3527 omni
1258 3475 1371 3529 incursu
1384 3478 1459 3530 mali·

229 3574 381 3642 gnantium,
394 3574 562 3641 ubicumque
574 3575 659 3637 licuit,
674 3575 702 3626 in
715 3588 782 3627 usus
794 3581 822 3626 et
834 3576 974 3627 servitium
988 3577 1059 3628 beati
1072 3575 1165 3628 llilarii
1179 3576 1311 3629 sollicitus
1324 3577 1456 3648 defendit,

229 3678 312 3741 atquc
325 3672 395 3727 idem
408 3678 503 3727 sancto
513 3673 626 3727 devotus
636 3681 662 3726 et
675 3674 847 3740 postmodum
863 3673 951 3727 fidelis
961 3674 1021 3726 fuit.
1032 3677 1102 3727 llaec
1119 3675 1221 3728 idcirco
1237 3690 1293 3728 non
1302 3675 1459 3731 debuerunt

230 3775 280 3827 sub
293 3773 402 3828 silentio
423 3775 485 3841 tegi,
498 3772 599 3839 quode
622 3776 671 3827 hoc
683 3775 809 3840 exemplo
830 3775 988 3827 commoniti
1001 3781 1028 3827 et
1046 3775 1080 3827 do
1092 3776 1175 3828 simili
1199 3789 1287 3842 poena
1310 3779 1457 3844 perterriti,

228 3874 371 3940 quiescant
380 3875 434 3939 jam
448 3872 546 3926 amodo
558 3879 585 3925 et
597 3873 727 3926 malitiam
740 3888 816 3927 suam
829 3880 1004 3940 compescant
1018 3880 1151 3942 quotquot
1163 3874 1297 3928 invadunt
1306 3878 1368 3943 jura
1383 3877 1455 3931 beati
1473 3883 1495 3932 a*

229 3973 323 4026 llilarii
333 3978 379 4026 aut
391 3986 447 4026 non
465 3974 538 4039 juste
550 3981 694 4038 occupant.
715 3961 945 4027 conservantibus
959 3981 1050 4026 autem
1064 3988 1097 4026 ea
1112 3979 1139 4027 et
1151 3976 1388 4031 benefacientibus
1406 3979 1458 4030 erit

230 4085 282 4138 pax
299 4077 327 4125 et
346 4072 449 4125 laetitia
469 4073 633 4139 sempiterna
655 4074 759 4126 meritis
781 4079 807 4127 et
825 4075 951 4139 precibus
972 4074 1086 4138 piissimi
1104 4075 1279 4143 confessoris,
1303 4080 1456 4141 praestante

230 4172 343 4226 bomfno
356 4176 450 4225 nostro
470 4174 534 4225 lesu
547 4173 661 4240 christo,
675 4173 722 4239 qui
743 4187 804 4226 cum
818 4177 895 4227 Patre
906 4178 932 4227 et
955 4173 1055 4239 Spiritu
1067 4178 1161 4226 sancto
1181 4174 1245 4226 vivit
1257 4181 1283 4226 et
1301 4181 1398 4242 regnat
1410 4187 1459 4243 per

228 4270 321 4323 omnia
333 4269 441 4323 saecula
454 4269 635 4324 saeculomm.
653 4273 747 4324 Amen.
