3316 5482
332 337 398 405 368
677 356 803 409 caran.
823 359 926 409 cono.
945 358 1120 411 uacroon.
1139 359 1219 410 nar.

332 527 469 594 integrum
480 531 506 580 et
518 525 677 581 inviolatum
695 528 909 582 misericorditer
928 530 1107 584 conservavit.
1127 530 1176 582 Cui
1189 530 1262 583 inter
1274 535 1365 584 cetera
1379 531 1574 598 spiritualium

331 627 525 680 charismatum
536 627 617 694 dona,
630 633 740 681 sanctae
758 628 952 695 parsimoniae,
973 630 1172 697 compassionis
1192 633 1220 683 et
1241 629 1452 684 misericordiae
1466 635 1574 685 tantun

178 723 188 745 ⁶
226 762 233 776 .
266 763 272 776 .
332 727 450 779 contulit
460 726 636 794 gratiam·ut
647 727 816 794 saepissime,
830 706 1089 795 quantuliscumque
1101 729 1264 782 victualibus
1275 728 1310 783 de
1322 742 1409 783 manu
1421 736 1574 796 parentum

242 829 248 844 ·
279 830 286 844 ·
333 825 368 880 ad
380 826 421 879 sui
434 827 590 893 corpusculi
602 827 829 881 sustentationem
850 829 993 894 susceptis,
1007 829 1124 882 latenter
1141 829 1237 897 exiret,
1251 834 1278 882 et
1290 829 1464 883 esurientem
1478 844 1575 899 quem·

333 925 400 979 libet
413 939 463 993 pro
475 938 554 992 posse
566 925 703 993 reficiens,
716 927 775 992 ipse
788 926 907 981 libenter
926 929 1054 981 esuriret.
1075 928 1206 982 similiter
1223 929 1296 982 etde
1309 929 1500 996 operimentis
1512 930 1573 998 aab·
1588 933 1604 985 5

332 1025 388 1091 bat,
402 1026 497 1092 etipse
516 1038 621 1092 pauper
641 1027 835 1093 pauperiorum
854 1027 1005 1081 nuditatem
1028 1027 1192 1094 suscipiens,
1214 1040 1262 1081 sua
1285 1041 1341 1095 eos,
1365 1033 1397 1083 ut
1416 1029 1454 1082 ita
1467 1029 1571 1097 dicam,

334 1124 457 1178 nuditate
470 1126 611 1179 vestiebat.
634 1126 683 1179 Ubi
704 1130 796 1179 autem
817 1126 962 1180 deficiebat
982 1140 1091 1194 census,
1110 1140 1179 1194 opus
1192 1127 1396 1182 misericordiae
1408 1129 1474 1195 pius
1486 1129 1572 1183 adim·

334 1222 426 1290 plebat
445 1221 576 1290 allectus3
598 1226 735 1291 acceptior
753 1231 794 1278 est
814 1225 888 1278 enirn
905 1226 1086 1292 omnipotenti
1113 1229 1167 1280 beo
1185 1227 1337 1293 compassio
1358 1240 1418 1281 non
1443 1228 1574 1283 habentis

332 1322 406 1389 quod
419 1323 520 1377 tribuat
532 1336 614 1390 quam
626 1323 729 1376 donum
744 1337 801 1377 non
813 1325 1003 1391 compatientis
1016 1325 1040 1377 ei
1053 1338 1136 1392 quem
1149 1325 1184 1378 de
1195 1339 1245 1379 suo
1263 1330 1409 1379 sustentat.

365 1422 396 1474 2.
411 1424 477 1487 Quia
489 1437 553 1477 vero
565 1437 647 1491 quem
659 1423 747 1491 diligit
760 1426 890 1478 Dominus
902 1425 1023 1492 corripit,
1035 1424 1249 1491 flagellatautem
1260 1439 1370 1480 omnem
1383 1425 1475 1480 tilium
1486 1441 1572 1496 quem
1590 1428 1618 1481 tt

333 1521 440 1588 recipit,
452 1522 551 1575 accidit
559 1527 589 1574 ut
600 1523 719 1589 quadam
731 1522 777 1576 die
789 1528 900 1576 sanetus
912 1538 982 1590 puer
999 1538 1061 1577 cum
1074 1525 1228 1578 coaetaneis
1239 1526 1296 1578 suis
1309 1525 1338 1577 in
1350 1537 1449 1592 agrum
1461 1525 1564 1593 exiret,

333 1624 361 1673 et
369 1620 447 1687 iuxta
456 1625 590 1674 vetustam
602 1622 728 1674 arborem
742 1621 874 1683 residens,
888 1620 1028 1676 sodalibus
1042 1623 1127 1689 ipsam
1147 1620 1327 1676 calefaciendi
1339 1623 1427 1691 gratia
1439 1637 1568 1678 cremare

333 1721 553 1789 disponentibus,
566 1722 625 1789 ipse
638 1721 737 1788 puerili
750 1722 922 1788 simplicitate
935 1701 1111 1776 consentiret.
1126 1725 1181 1787 Qua
1195 1736 1293 1791 magna
1305 1735 1337 1775 ex
1350 1728 1428 1788 parte
1440 1730 1567 1778 cremata

332 1819 425 1889 etjam
438 1823 589 1889 proximam
611 1821 718 1874 ruinam
741 1821 895 1887 minitante,
918 1835 1015 1875 omnes
1037 1822 1083 1876 alii
1103 1820 1272 1891 diffugerunt
1290 1827 1318 1876 et
1338 1822 1411 1876 vitae
1424 1823 1567 1892 salutique

332 1922 434 1989 pariter
446 1922 630 1989 consulentes,
652 1921 749 1988 procul
768 1922 940 1976 abstiterunt.
963 1922 1042 1976 Solus
1061 1922 1232 1988 Pardulphus
1249 1921 1284 1974 de
1302 1920 1362 1976 loco
1380 1923 1410 1974 in
1428 1934 1486 1989 quo
1505 1929 1566 1977 erat
1583 1924 1612 1978 ta

152 2019 269 2088 'capitis
283 2024 306 2075 l.
331 2034 388 2075 non
399 2022 522 2086 recessit,
536 2026 563 2074 et
574 2020 665 2074 divina
678 2022 850 2076 ordinatione
862 2035 937 2076 ramo
957 2021 1080 2074 cadentis
1099 2022 1205 2075 arboris
1217 2022 1298 2088 capiti
1310 2023 1318 2043 ·
1331 2022 1391 2088 ejus
1404 2021 1489 2088 illiso,
1502 2036 1567 2091 gra·

330 2118 471 2174 vissimum
484 2120 607 2174 dotorem
620 2121 749 2173 sustinuit
762 2126 843 2187 atque
855 2134 887 2173 ex
900 2121 1038 2174 nimietate
1051 2121 1154 2174 doloris
1163 2121 1258 2174 lumen
1270 2119 1415 2174 oculorum
1428 2119 1569 2175 innocens

330 2219 472 2286 vapulatos
484 2219 583 2272 amisit.
594 2220 716 2273 Viderint
727 2220 773 2272 alii
785 2219 852 2287 quid
865 2221 893 2272 in
907 2221 958 2273 hoe
970 2225 1069 2274 eventu
1081 2219 1200 2273 debeant
1212 2220 1354 2285 conicere;
1368 2231 1419 2287 ego
1431 2219 1568 2286 Spiritum

179 2321 234 2384 ‘lc
247 2321 285 2388 p.)
329 2323 463 2384 sanctum,
489 2318 668 2372 habitatorem
691 2325 718 2372 et
734 2319 942 2385 gubernatorem
964 2320 1067 2386 ipsius,
1094 2320 1176 2373 eredo
1198 2318 1329 2386 provida·
1353 2318 1568 2385 dispensatione

182 2399 208 2452 p·
222 2399 247 2441 ⁰·
260 2388 286 2441 ²·
336 2417 480 2472 habitaculi
492 2416 534 2470 sui
548 2417 680 2471 senestms
691 2417 821 2471 clausisse
840 2432 875 2472 ne
894 2432 967 2472 mors
988 2433 1038 2486 per
1058 2432 1103 2472 eas
1122 2420 1237 2472 intraret
1249 2423 1276 2472 et
1287 2418 1429 2472 interioris
1443 2419 1569 2473 hominis
1586 2422 1617 2474 2⁰

334 2518 415 2573 vitam
426 2516 517 2586 gladio
530 2517 685 2570 mundanae
698 2518 853 2583 cupiditatis
872 2519 1029 2572 trucidaret.
1048 2518 1125 2573 Unde
1143 2518 1276 2585 propheta
1288 2531 1322 2571 ex
1336 2530 1459 2585 persona
1471 2519 1567 2573 taliter

335 2618 508 2670 morientium
521 2617 655 2684 queritur,
672 2618 766 2670 dicens
780 2633 785 2666 :
800 2617 935 2671 Intravit
947 2630 1030 2671 mors
1039 2630 1098 2685 per
1109 2615 1265 2686 fenestras
1277 2620 1423 2684 nostras,·
1438 2623 1467 2672 et
1480 2618 1569 2672 aiibi:

175 2716 254 2771 'orto
268 2718 293 2771 2.
334 2717 546 2770 Oculusmeus
569 2717 778 2784 depraedatus
798 2719 844 2770 est
866 2718 1008 2770 anticam
1031 2730 1142 2770 meam.
1167 2718 1267 2770 Oculus
1290 2717 1386 2770 enim*
1409 2715 1446 2771 de
1466 2719 1571 2771 misera

333 2816 424 2870 anima
435 2818 513 2883 quasi
532 2815 661 2882 praedam
682 2816 754 2880 iacit,
774 2828 836 2868 cum
854 2817 945 2868 anima
963 2829 1011 2882 per
1028 2816 1140 2870 oculum
1158 2829 1202 2869 res
1220 2816 1391 2869 transitorias
1409 2815 1570 2882 inspiciens

333 2916 428 2983 eisque
441 2915 638 2969 delectabiliter
657 2915 814 2980 inhaerens,
829 2916 851 2966 si
870 2929 938 2982 quas
955 2916 1073 2969 habebat
1094 2916 1220 2967 virtutum
1237 2915 1353 2982 divitias,
1374 2916 1488 2968 amittit.
1507 2917 1565 2969 Sed
1585 2919 1618 2971 ii

332 3027 429 3068 caecus
441 3020 535 3069 noster
545 3016 641 3068 beatus
655 3015 832 3081 bardulphus,
846 3016 912 3068 dum
925 3016 975 3068 hae
984 3016 1055 3080 luce,
1074 3027 1144 3081 quae
1167 3015 1324 3068 hominibus
1341 3020 1368 3067 et
1380 3015 1479 3067 bestiis
1496 3029 1570 3069 com·

154 3116 163 3137 ·
176 3117 211 3177 tc.
224 3115 262 3179 e.)
270 3119 314 3193 est
329 3115 420 3167 munis
432 3121 474 3167 est
483 3118 503 3178 ⁴,
515 3116 646 3182 privatur,
659 3128 724 3168 vero
736 3115 782 3168 illo
795 3115 908 3179 lumine,
922 3115 996 3181 quod
1010 3115 1148 3167 illuminat
1161 3127 1271 3168 omnem
1290 3115 1429 3167 hominem
1444 3117 1566 3169 venien·

138 3187 321 3301 ⁰⁰mm2¹fn¹¹⁸s
331 3216 387 3266 iem
400 3214 428 3266 in
440 3215 514 3267 hune
526 3215 670 3280 mundum,
684 3215 868 3267 abundantius
881 3214 1040 3267 illustratur.
1054 3217 1073 3267 0
1087 3215 1166 3267 beata
1178 3215 1304 3277 caecitas,
1315 3226 1364 3279 per
1375 3226 1461 3281 quarn
1474 3227 1492 3267 a
1506 3214 1569 3269 viro

333 3315 378 3367 bei
391 3327 483 3366 rerum
497 3315 696 3367 transeuntium
708 3315 812 3366 vanitas
824 3313 1001 3366 absconditur
1013 3317 1039 3366 et
1054 3315 1277 3379 permanentium
1288 3314 1389 3366 veritas
1402 3316 1565 3379 penetrabi-

330 3412 383 3466 lius
395 3414 532 3479 aperitur!
547 3416 567 3466 0
581 3414 642 3466 selix
655 3413 788 3478 caligatio,
805 3426 875 3479 quae
895 3426 951 3465 non
970 3421 1024 3464 tam
1043 3425 1130 3478 poena
1148 3413 1265 3465 dicenda
1281 3417 1321 3464 est
1333 3425 1416 3478 quam
1429 3413 1561 3466 sincerae
1584 3416 1617 3467 itt

329 3510 393 3565 iidei
407 3512 538 3579 probatio,
552 3517 662 3566 sanctae
674 3513 732 3578 spei
745 3512 940 3578 corroboratio,
960 3525 1016 3565 non
1039 3511 1116 3565 ictae
1134 3513 1254 3564 caritatis
1265 3512 1292 3564 in
1306 3510 1390 3564 corde
1406 3512 1497 3578 ipsius
1511 3526 1564 3578 per

328 3613 458 3678 Spiritum
471 3619 596 3665 sanetum
609 3610 724 3665 diffusae
742 3611 854 3665 evidens
873 3612 1065 3665 manifestatio.
1086 3612 1266 3664 contristatur
1284 3623 1385 3676 parens
1403 3616 1524 3678 uterque
1536 3617 1566 3665 et

328 3711 425 3778 lugens
437 3712 528 3765 dilecti
545 3711 593 3764 iiiii
606 3712 768 3778 orbitatem;
782 3713 829 3764 sed
843 3713 901 3777 ipse
915 3726 970 3765 non
983 3711 1071 3765 solum
1091 3712 1206 3778 patiens,
1220 3709 1266 3763 sed
1281 3710 1363 3763 etiarn
1375 3709 1500 3776 glorians
1513 3712 1567 3764 sub

328 3809 420 3863 divino
433 3812 558 3876 verbere,
571 3811 644 3864 dulci
658 3809 740 3864 aifatu
752 3812 908 3865 consolatur
923 3825 1019 3864 eorum
1037 3811 1252 3863 tribulationem.
1270 3811 1330 3862 lam
1350 3822 1415 3863 vero
1433 3809 1566 3863 humanis

328 3923 357 3962 se
368 3910 493 3963 inutilem
504 3911 631 3975 judicans
643 3909 748 3974 ofliciis,
763 3917 851 3964 toturn
864 3924 893 3964 sc
907 3912 1043 3976 mancipat
1056 3910 1166 3963 divinis.
1179 3912 1237 3961 lain
1251 3909 1404 3961 litterarum
1415 3909 1552 3977 notitiam,
1576 3914 1612 3965 35

328 4023 410 4076 quarn
422 4011 518 4063 videns
539 4011 712 4076 aliquatenus
732 4012 867 4077 attigerat,
890 4011 959 4062 libro
982 4010 1072 4062 cordis
1091 4009 1175 4062 artius
1194 4008 1282 4076 infigit
1294 4013 1321 4060 et
1333 4006 1368 4060 de
1381 4007 1426 4060 die
1439 4008 1468 4059 in
1482 4007 1560 4062 diem

328 4109 431 4176 aliquid
445 4123 528 4176 snper
539 4122 676 4175 apponere
689 4123 744 4164 non
757 4111 871 4163 desistit.
884 4112 942 4162 lam
956 4122 1010 4162 non
1025 4109 1157 4174 permittit
1169 4120 1292 4161 creseere
1305 4107 1357 4159 sibi
1371 4111 1489 4160 aetatem
1502 4109 1564 4161 sine

326 4208 432 4262 virtutis
445 4210 632 4275 incremento,
651 4209 698 4261 sed
712 4210 863 4262 solitarium
882 4209 933 4262 sibi
954 4209 1160 4261 tabernaculum
1179 4211 1352 4271 construens,
1371 4206 1559 4273 orationibus,

325 4307 423 4375 vigitiis
437 4313 463 4360 et
473 4308 586 4374 jejuniis
600 4316 686 4373 vacat,
702 4312 728 4361 et
742 4314 851 4361 terrena
864 4307 1016 4370 fastidiens,
1030 4306 1192 4359 caelestibus
1205 4305 1338 4357 interesse
1357 4304 1480 4358 festinat.
1496 4307 1565 4360 bata

326 4411 366 4458 est
378 4407 403 4459 ei
415 4407 499 4460 etiarn
513 4421 574 4460 oum
587 4408 670 4461 verbo
683 4407 893 4475 praedicationis
917 4408 1002 4475 gratia
1020 4407 1202 4469 curationum,
1221 4408 1251 4456 ut
1272 4416 1305 4455 er
1317 4416 1373 4456 uno
1386 4405 1565 4471 corporibus,
1582 4408 1615 4460 ab

326 4518 359 4558 ex
369 4506 454 4560 altero
467 4508 625 4560 subveniret
635 4509 788 4561 animabus.
802 4511 930 4574 damper
944 4520 1041 4559 manus
1054 4507 1113 4572 ejus
1127 4504 1329 4571 impositionem
1342 4503 1385 4556 vel
1399 4516 1489 4571 aquae
1503 4506 1563 4560 sive

326 4605 380 4658 clei
403 4605 623 4660 benedictionem
642 4608 711 4674 ignis
729 4608 941 4660 febricitantium
960 4606 1194 4673 exstinguebatur,
1212 4602 1363 4657 daemones
1382 4616 1415 4656 ex
1434 4605 1564 4659 obsessis

327 4706 488 4771 corporibus
499 4705 673 4773 pellebantur
684 4712 710 4762 et
723 4708 865 4762 adiversis
877 4707 1084 4761 infirmitatibus
1096 4705 1207 4772 plurimi
1222 4704 1400 4759 curabantur.
