<?xml version="1.0" encoding="UTF-8"?>
<!DOCTYPE html PUBLIC "-//W3C//DTD XHTML 1.0 Transitional//EN"
    "http://www.w3.org/TR/xhtml1/DTD/xhtml1-transitional.dtd">
<html xmlns="http://www.w3.org/1999/xhtml" xml:lang="en" lang="en">
 <head>
  <title>
</title>
<meta http-equiv="Content-Type" content="text/html;charset=utf-8" />
  <meta name='ocr-system' content='tesseract 3.04.00' />
  <meta name='ocr-capabilities' content='ocr_page ocr_carea ocr_par ocr_line ocrx_word'/>
</head>
<body>
  <div class='ocr_page' id='page_1' title='image "./cataloguscodicu02manugoog_0436.png"; bbox 0 0 3316 5482; ppageno 0'>
   <div class='ocr_carea' id='block_1_1' title="bbox 263 111 1287 180">
    <p class='ocr_par' dir='ltr' id='par_1_1' title="bbox 263 111 1287 180">
     <span class='ocr_line' id='line_1_1' title="bbox 263 111 1287 180; baseline -0.005 0"><span class='ocrx_word' id='word_1_1' title='bbox 263 130 357 180; x_wconf 79' lang='lat' dir='ltr'>sisu.</span> <span class='ocrx_word' id='word_1_2' title='bbox 375 127 460 180; x_wconf 81' lang='lat' dir='ltr'>nar.</span> <span class='ocrx_word' id='word_1_3' title='bbox 478 125 594 177; x_wconf 74' lang='lat' dir='ltr'>sunm.</span> <span class='ocrx_word' id='word_1_4' title='bbox 613 147 660 158; x_wconf 92' lang='lat'><em>-</em></span> <span class='ocrx_word' id='word_1_5' title='bbox 674 125 828 177; x_wconf 71' lang='lat' dir='ltr'>trenno.</span> <span class='ocrx_word' id='word_1_6' title='bbox 847 126 894 176; x_wconf 80' lang='lat' dir='ltr'>uo</span> <span class='ocrx_word' id='word_1_7' title='bbox 910 124 988 177; x_wconf 88' lang='lat' dir='ltr'>eon.</span> <span class='ocrx_word' id='word_1_8' title='bbox 1006 124 1084 177; x_wconf 78' lang='lat' dir='ltr'>sess.</span> <span class='ocrx_word' id='word_1_9' title='bbox 1225 111 1287 175; x_wconf 83' lang='grc'>411</span> 
     </span>
    </p>
   </div>
   <div class='ocr_carea' id='block_1_2' title="bbox 10 297 1293 4456">
    <p class='ocr_par' dir='ltr' id='par_1_2' title="bbox 60 297 1292 667">
     <span class='ocr_line' id='line_1_2' title="bbox 60 297 1290 369; baseline -0.003 -13"><span class='ocrx_word' id='word_1_10' title='bbox 60 301 200 369; x_wconf 79' lang='lat' dir='ltr'>Italicus,</span> <span class='ocrx_word' id='word_1_11' title='bbox 213 302 245 354; x_wconf 82' lang='lat' dir='ltr'>et</span> <span class='ocrx_word' id='word_1_12' title='bbox 255 312 346 356; x_wconf 87' lang='lat' dir='ltr'>oooor</span> <span class='ocrx_word' id='word_1_13' title='bbox 357 297 571 367; x_wconf 78' lang='lat' dir='ltr'>Lanfraneus.</span> <span class='ocrx_word' id='word_1_14' title='bbox 585 302 661 351; x_wconf 85' lang='lat' dir='ltr'>Tunc</span> <span class='ocrx_word' id='word_1_15' title='bbox 673 298 768 365; x_wconf 87' lang='lat' dir='ltr'>abbas,</span> <span class='ocrx_word' id='word_1_16' title='bbox 781 297 825 351; x_wconf 91' lang='lat' dir='ltr'>cui</span> <span class='ocrx_word' id='word_1_17' title='bbox 838 298 908 352; x_wconf 82' lang='lat' dir='ltr'>torte</span> <span class='ocrx_word' id='word_1_18' title='bbox 926 297 1121 365; x_wconf 83' lang='lat' dir='ltr'>bominusjam</span> <span class='ocrx_word' id='word_1_19' title='bbox 1138 297 1242 366; x_wconf 81' lang='lat' dir='ltr'>aliquid</span> <span class='ocrx_word' id='word_1_20' title='bbox 1254 297 1290 352; x_wconf 90' lang='lat' dir='ltr'>de</span> 
     </span>
     <span class='ocr_line' id='line_1_3' title="bbox 62 397 1291 468; baseline -0.006 -12"><span class='ocrx_word' id='word_1_21' title='bbox 62 414 88 457; x_wconf 88' lang='lat' dir='ltr'>eo</span> <span class='ocrx_word' id='word_1_22' title='bbox 100 403 272 467; x_wconf 82' lang='lat' dir='ltr'><strong>innotuerat,</strong></span> <span class='ocrx_word' id='word_1_23' title='bbox 292 400 336 456; x_wconf 83' lang='lat' dir='ltr'>rel</span> <span class='ocrx_word' id='word_1_24' title='bbox 356 399 390 455; x_wconf 92' lang='lat' dir='ltr'>ad</span> <span class='ocrx_word' id='word_1_25' title='bbox 412 413 493 468; x_wconf 87' lang='lat' dir='ltr'>quem</span> <span class='ocrx_word' id='word_1_26' title='bbox 514 401 570 467; x_wconf 85' lang='lat' dir='ltr'>jam</span> <span class='ocrx_word' id='word_1_27' title='bbox 592 398 664 452; x_wconf 84' lang='lat' dir='ltr'>sema</span> <span class='ocrx_word' id='word_1_28' title='bbox 685 399 736 451; x_wconf 88' lang='lat' dir='ltr'>viri</span> <span class='ocrx_word' id='word_1_29' title='bbox 754 403 876 466; x_wconf 85' lang='lat' dir='ltr'>venerat,</span> <span class='ocrx_word' id='word_1_30' title='bbox 891 397 1028 452; x_wconf 89' lang='lat' dir='ltr'>inclinans</span> <span class='ocrx_word' id='word_1_31' title='bbox 1041 412 1070 452; x_wconf 91' lang='lat' dir='ltr'>se</span> <span class='ocrx_word' id='word_1_32' title='bbox 1082 398 1118 452; x_wconf 89' lang='lat' dir='ltr'>ad</span> <span class='ocrx_word' id='word_1_33' title='bbox 1134 411 1165 453; x_wconf 93' lang='lat' dir='ltr'>os</span> <span class='ocrx_word' id='word_1_34' title='bbox 1177 397 1291 465; x_wconf 84' lang='lat' dir='ltr'>clibani,</span> 
     </span>
     <span class='ocr_line' id='line_1_4' title="bbox 61 496 1290 569; baseline -0.005 -15"><span class='ocrx_word' id='word_1_35' title='bbox 61 501 124 555; x_wconf 81' lang='lat' dir='ltr'>dixit</span> <span class='ocrx_word' id='word_1_36' title='bbox 135 502 162 555; x_wconf 94' lang='lat' dir='ltr'>ei</span> <span class='ocrx_word' id='word_1_37' title='bbox 177 518 184 554; x_wconf 76' lang='grc' dir='ltr'><strong>ι</strong></span> <span class='ocrx_word' id='word_1_38' title='bbox 197 503 259 569; x_wconf 78' lang='lat' dir='ltr'>Epo</span> <span class='ocrx_word' id='word_1_39' title='bbox 271 502 305 554; x_wconf 81' lang='lat' dir='ltr'>io</span> <span class='ocrx_word' id='word_1_40' title='bbox 315 501 441 554; x_wconf 79' lang='lat' dir='ltr'>nomine</span> <span class='ocrx_word' id='word_1_41' title='bbox 455 499 580 554; x_wconf 79' lang='lat' dir='ltr'><em>Domini</em></span> <span class='ocrx_word' id='word_1_42' title='bbox 591 501 620 553; x_wconf 88' lang='lat' dir='ltr'>te</span> <span class='ocrx_word' id='word_1_43' title='bbox 633 498 779 566; x_wconf 73' lang='lat' dir='ltr'><em>suscipio,</em></span> <span class='ocrx_word' id='word_1_44' title='bbox 798 498 837 551; x_wconf 79' lang='lat' dir='ltr'>dd</span> <span class='ocrx_word' id='word_1_45' title='bbox 859 499 926 551; x_wconf 90' lang='lat' dir='ltr'>baec</span> <span class='ocrx_word' id='word_1_46' title='bbox 946 499 1004 565; x_wconf 87' lang='lat' dir='ltr'>ipse</span> <span class='ocrx_word' id='word_1_47' title='bbox 1022 498 1200 566; x_wconf 81' lang='lat' dir='ltr'>lanfrancus,</span> <span class='ocrx_word' id='word_1_48' title='bbox 1213 496 1290 550; x_wconf 92' lang='lat' dir='ltr'>incli-</span> 
     </span>
     <span class='ocr_line' id='line_1_5' title="bbox 62 595 1292 667; baseline -0.006 -12"><span class='ocrx_word' id='word_1_49' title='bbox 62 614 129 655; x_wconf 91' lang='lat' dir='ltr'>nans</span> <span class='ocrx_word' id='word_1_50' title='bbox 140 613 172 654; x_wconf 88' lang='lat' dir='ltr'>se</span> <span class='ocrx_word' id='word_1_51' title='bbox 184 600 221 654; x_wconf 85' lang='lat' dir='ltr'>ad</span> <span class='ocrx_word' id='word_1_52' title='bbox 232 613 263 654; x_wconf 92' lang='lat' dir='ltr'>os</span> <span class='ocrx_word' id='word_1_53' title='bbox 278 600 390 667; x_wconf 88' lang='lat' dir='ltr'>clibani,</span> <span class='ocrx_word' id='word_1_54' title='bbox 404 598 522 652; x_wconf 87' lang='lat' dir='ltr'>osculari</span> <span class='ocrx_word' id='word_1_55' title='bbox 541 597 626 651; x_wconf 84' lang='lat' dir='ltr'>voluit</span> <span class='ocrx_word' id='word_1_56' title='bbox 650 597 735 664; x_wconf 87' lang='lat' dir='ltr'>pedes</span> <span class='ocrx_word' id='word_1_57' title='bbox 754 598 831 664; x_wconf 79' lang='lat' dir='ltr'>ejus3</span> <span class='ocrx_word' id='word_1_58' title='bbox 853 598 927 665; x_wconf 85' lang='lat' dir='ltr'>quod</span> <span class='ocrx_word' id='word_1_59' title='bbox 948 597 994 650; x_wconf 92' lang='lat' dir='ltr'>ille</span> <span class='ocrx_word' id='word_1_60' title='bbox 1016 610 1073 651; x_wconf 93' lang='lat' dir='ltr'>non</span> <span class='ocrx_word' id='word_1_61' title='bbox 1091 597 1225 664; x_wconf 83' lang='lat' dir='ltr'><strong>permisit,</strong></span> <span class='ocrx_word' id='word_1_62' title='bbox 1238 595 1292 650; x_wconf 92' lang='lat' dir='ltr'>nisi</span> 
     </span>
    </p>

    <p class='ocr_par' dir='ltr' id='par_1_3' title="bbox 10 694 1290 865">
     <span class='ocr_line' id='line_1_6' title="bbox 10 694 1290 764; baseline -0.002 -13"><span class='ocrx_word' id='word_1_63' title='bbox 10 694 51 751; x_wconf 71' lang='grc' dir='ltr'><strong>Β</strong></span> <span class='ocrx_word' id='word_1_64' title='bbox 63 700 234 754; x_wconf 84' lang='lat' dir='ltr'><strong>solummodo</strong></span> <span class='ocrx_word' id='word_1_65' title='bbox 247 712 354 753; x_wconf 90' lang='lat' dir='ltr'>manus.</span> <span class='ocrx_word' id='word_1_66' title='bbox 368 698 520 764; x_wconf 86' lang='lat' dir='ltr'>statimque</span> <span class='ocrx_word' id='word_1_67' title='bbox 539 697 677 764; x_wconf 89' lang='lat' dir='ltr'>proiciens</span> <span class='ocrx_word' id='word_1_68' title='bbox 697 696 865 750; x_wconf 76' lang='lat' dir='ltr'>lanfrancus</span> <span class='ocrx_word' id='word_1_69' title='bbox 885 695 1089 763; x_wconf 89' lang='lat' dir='ltr'>indumentum,</span> <span class='ocrx_word' id='word_1_70' title='bbox 1108 709 1162 763; x_wconf 86' lang='lat' dir='ltr'>quo</span> <span class='ocrx_word' id='word_1_71' title='bbox 1174 695 1290 749; x_wconf 88' lang='lat' dir='ltr'>amictus</span> 
     </span>
     <span class='ocr_line' id='line_1_7' title="bbox 61 795 1097 865; baseline -0.002 -14"><span class='ocrx_word' id='word_1_72' title='bbox 61 804 128 864; x_wconf 88' lang='lat' dir='ltr'>erat,</span> <span class='ocrx_word' id='word_1_73' title='bbox 141 798 234 865; x_wconf 90' lang='lat' dir='ltr'>coepit</span> <span class='ocrx_word' id='word_1_74' title='bbox 246 798 342 863; x_wconf 90' lang='lat' dir='ltr'>etipse</span> <span class='ocrx_word' id='word_1_75' title='bbox 353 796 460 864; x_wconf 87' lang='lat' dir='ltr'>operari</span> <span class='ocrx_word' id='word_1_76' title='bbox 474 808 536 848; x_wconf 92' lang='lat' dir='ltr'>cum</span> <span class='ocrx_word' id='word_1_77' title='bbox 548 795 646 848; x_wconf 91' lang='lat' dir='ltr'>ceteris</span> <span class='ocrx_word' id='word_1_78' title='bbox 659 795 791 862; x_wconf 89' lang='lat' dir='ltr'>operariis</span> <span class='ocrx_word' id='word_1_79' title='bbox 804 799 905 848; x_wconf 91' lang='lat' dir='ltr'>etcum</span> <span class='ocrx_word' id='word_1_80' title='bbox 918 795 977 861; x_wconf 89' lang='lat' dir='ltr'>ipso</span> <span class='ocrx_word' id='word_1_81' title='bbox 988 795 1097 849; x_wconf 89' lang='lat' dir='ltr'>abbate.</span> 
     </span>
    </p>

    <p class='ocr_par' dir='ltr' id='par_1_4' title="bbox 58 894 1293 1164">
     <span class='ocr_line' id='line_1_8' title="bbox 89 894 1287 963; baseline -0.001 -14"><span class='ocrx_word' id='word_1_82' title='bbox 89 898 137 950; x_wconf 91' lang='lat'>11.</span> <span class='ocrx_word' id='word_1_83' title='bbox 150 897 292 963; x_wconf 86' lang='lat' dir='ltr'>completo</span> <span class='ocrx_word' id='word_1_84' title='bbox 305 896 339 949; x_wconf 83' lang='lat' dir='ltr'>sd</span> <span class='ocrx_word' id='word_1_85' title='bbox 352 897 448 950; x_wconf 88' lang='lat' dir='ltr'>boram</span> <span class='ocrx_word' id='word_1_86' title='bbox 461 908 554 961; x_wconf 91' lang='lat' dir='ltr'>opere,</span> <span class='ocrx_word' id='word_1_87' title='bbox 566 894 646 949; x_wconf 91' lang='lat' dir='ltr'>rediit</span> <span class='ocrx_word' id='word_1_88' title='bbox 658 895 742 947; x_wconf 88' lang='lat' dir='ltr'>abbas</span> <span class='ocrx_word' id='word_1_89' title='bbox 762 894 797 947; x_wconf 87' lang='lat' dir='ltr'>ad</span> <span class='ocrx_word' id='word_1_90' title='bbox 819 894 926 961; x_wconf 84' lang='lat' dir='ltr'>iratres,</span> <span class='ocrx_word' id='word_1_91' title='bbox 948 895 1044 962; x_wconf 86' lang='lat' dir='ltr'>eisque</span> <span class='ocrx_word' id='word_1_92' title='bbox 1061 895 1181 949; x_wconf 91' lang='lat' dir='ltr'>innotuit</span> <span class='ocrx_word' id='word_1_93' title='bbox 1192 894 1287 949; x_wconf 85' lang='lat' dir='ltr'>volun·</span> 
     </span>
     <span class='ocr_line' id='line_1_9' title="bbox 59 993 1293 1064; baseline -0.004 -12"><span class='ocrx_word' id='word_1_94' title='bbox 59 1003 142 1052; x_wconf 89' lang='lat' dir='ltr'>tatem</span> <span class='ocrx_word' id='word_1_95' title='bbox 155 1004 183 1051; x_wconf 90' lang='lat' dir='ltr'>et</span> <span class='ocrx_word' id='word_1_96' title='bbox 194 996 361 1051; x_wconf 90' lang='lat' dir='ltr'>desiderium</span> <span class='ocrx_word' id='word_1_97' title='bbox 374 996 484 1061; x_wconf 86' lang='lat' dir='ltr'>clerici;</span> <span class='ocrx_word' id='word_1_98' title='bbox 497 996 573 1062; x_wconf 83' lang='lat' dir='ltr'>etita</span> <span class='ocrx_word' id='word_1_99' title='bbox 585 995 724 1049; x_wconf 91' lang='lat' dir='ltr'>communi</span> <span class='ocrx_word' id='word_1_100' title='bbox 737 1008 874 1048; x_wconf 91' lang='lat' dir='ltr'>consensu</span> <span class='ocrx_word' id='word_1_101' title='bbox 886 996 1010 1049; x_wconf 91' lang='lat' dir='ltr'>omnium</span> <span class='ocrx_word' id='word_1_102' title='bbox 1020 993 1180 1064; x_wconf 72' lang='lat' dir='ltr'>regulariter</span> <span class='ocrx_word' id='word_1_103' title='bbox 1189 995 1293 1062; x_wconf 88' lang='lat' dir='ltr'>recepit</span> 
     </span>
     <span class='ocr_line' id='line_1_10' title="bbox 58 1094 1290 1164; baseline -0.003 -13"><span class='ocrx_word' id='word_1_104' title='bbox 58 1110 133 1164; x_wconf 80' lang='lat' dir='ltr'>euni,</span> <span class='ocrx_word' id='word_1_105' title='bbox 146 1097 258 1151; x_wconf 84' lang='lat' dir='ltr'>tradens</span> <span class='ocrx_word' id='word_1_106' title='bbox 267 1097 292 1150; x_wconf 88' lang='lat' dir='ltr'>ei</span> <span class='ocrx_word' id='word_1_107' title='bbox 305 1095 426 1163; x_wconf 81' lang='lat' dir='ltr'>regulam</span> <span class='ocrx_word' id='word_1_108' title='bbox 440 1094 474 1147; x_wconf 86' lang='lat' dir='ltr'>ad</span> <span class='ocrx_word' id='word_1_109' title='bbox 491 1095 648 1163; x_wconf 75' lang='lat' dir='ltr'>legendum.</span> <span class='ocrx_word' id='word_1_110' title='bbox 662 1097 718 1159; x_wconf 85' lang='lat' dir='ltr'>Qua</span> <span class='ocrx_word' id='word_1_111' title='bbox 729 1094 848 1161; x_wconf 87' lang='lat' dir='ltr'>perlecto</span> <span class='ocrx_word' id='word_1_112' title='bbox 870 1095 1010 1161; x_wconf 85' lang='lat' dir='ltr'>protessus</span> <span class='ocrx_word' id='word_1_113' title='bbox 1022 1101 1104 1149; x_wconf 90' lang='lat' dir='ltr'>estse</span> <span class='ocrx_word' id='word_1_114' title='bbox 1124 1095 1175 1148; x_wconf 93' lang='lat' dir='ltr'>sub</span> <span class='ocrx_word' id='word_1_115' title='bbox 1192 1094 1290 1148; x_wconf 87' lang='lat' dir='ltr'>eadem</span> 
     </span>
    </p>

    <p class='ocr_par' dir='ltr' id='par_1_5' title="bbox 12 1192 1291 1662">
     <span class='ocr_line' id='line_1_11' title="bbox 12 1192 1291 1260; baseline -0.004 -9"><span class='ocrx_word' id='word_1_116' title='bbox 12 1194 43 1250; x_wconf 76' lang='lat'>0</span> <span class='ocrx_word' id='word_1_117' title='bbox 58 1195 179 1250; x_wconf 80' lang='lat' dir='ltr'>libenter</span> <span class='ocrx_word' id='word_1_118' title='bbox 190 1196 335 1248; x_wconf 86' lang='lat' dir='ltr'>victurum.</span> <span class='ocrx_word' id='word_1_119' title='bbox 346 1196 378 1247; x_wconf 83' lang='lat' dir='ltr'>lit</span> <span class='ocrx_word' id='word_1_120' title='bbox 390 1207 446 1247; x_wconf 94' lang='lat' dir='ltr'>non</span> <span class='ocrx_word' id='word_1_121' title='bbox 459 1199 520 1260; x_wconf 90' lang='lat' dir='ltr'>post</span> <span class='ocrx_word' id='word_1_122' title='bbox 532 1194 633 1247; x_wconf 93' lang='lat' dir='ltr'>multos</span> <span class='ocrx_word' id='word_1_123' title='bbox 645 1193 705 1246; x_wconf 89' lang='lat' dir='ltr'>dies</span> <span class='ocrx_word' id='word_1_124' title='bbox 723 1193 897 1246; x_wconf 76' lang='lat' dir='ltr'>stabilitatem</span> <span class='ocrx_word' id='word_1_125' title='bbox 921 1206 999 1246; x_wconf 85' lang='lat' dir='ltr'>suam</span> <span class='ocrx_word' id='word_1_126' title='bbox 1020 1194 1057 1247; x_wconf 91' lang='lat' dir='ltr'>ibi</span> <span class='ocrx_word' id='word_1_127' title='bbox 1070 1192 1186 1247; x_wconf 83' lang='lat' dir='ltr'>llrmavit</span> <span class='ocrx_word' id='word_1_128' title='bbox 1199 1205 1291 1246; x_wconf 89' lang='lat' dir='ltr'>mona·</span> 
     </span>
     <span class='ocr_line' id='line_1_12' title="bbox 57 1290 1291 1362; baseline -0.002 -14"><span class='ocrx_word' id='word_1_129' title='bbox 57 1295 139 1348; x_wconf 84' lang='lat' dir='ltr'>cbica</span> <span class='ocrx_word' id='word_1_130' title='bbox 151 1293 332 1361; x_wconf 85' lang='lat' dir='ltr'>pmiessione,</span> <span class='ocrx_word' id='word_1_131' title='bbox 345 1293 374 1346; x_wconf 94' lang='lat' dir='ltr'>in</span> <span class='ocrx_word' id='word_1_132' title='bbox 384 1294 497 1361; x_wconf 81' lang='lat' dir='ltr'>jejuniis</span> <span class='ocrx_word' id='word_1_133' title='bbox 509 1298 535 1346; x_wconf 92' lang='lat' dir='ltr'>et</span> <span class='ocrx_word' id='word_1_134' title='bbox 556 1293 656 1362; x_wconf 80' lang='lat' dir='ltr'>vigiliis</span> <span class='ocrx_word' id='word_1_135' title='bbox 674 1292 809 1346; x_wconf 83' lang='lat' dir='ltr'>assiduis:</span> <span class='ocrx_word' id='word_1_136' title='bbox 833 1293 927 1360; x_wconf 85' lang='lat' dir='ltr'>sicque</span> <span class='ocrx_word' id='word_1_137' title='bbox 939 1292 1005 1346; x_wconf 85' lang='lat' dir='ltr'>vixit</span> <span class='ocrx_word' id='word_1_138' title='bbox 1026 1293 1098 1346; x_wconf 90' lang='lat' dir='ltr'>inter</span> <span class='ocrx_word' id='word_1_139' title='bbox 1113 1305 1162 1346; x_wconf 91' lang='lat' dir='ltr'>eos</span> <span class='ocrx_word' id='word_1_140' title='bbox 1173 1299 1203 1346; x_wconf 89' lang='lat' dir='ltr'>ut</span> <span class='ocrx_word' id='word_1_141' title='bbox 1214 1290 1291 1346; x_wconf 88' lang='lat' dir='ltr'>tieret</span> 
     </span>
     <span class='ocr_line' id='line_1_13' title="bbox 58 1391 1291 1462; baseline -0.002 -13"><span class='ocrx_word' id='word_1_142' title='bbox 58 1395 168 1449; x_wconf 78' lang='lat' dir='ltr'>uinctis</span> <span class='ocrx_word' id='word_1_143' title='bbox 182 1394 321 1458; x_wconf 82' lang='lat' dir='ltr'>humilior,</span> <span class='ocrx_word' id='word_1_144' title='bbox 334 1393 475 1447; x_wconf 87' lang='lat' dir='ltr'>universis</span> <span class='ocrx_word' id='word_1_145' title='bbox 487 1391 669 1460; x_wconf 78' lang='lat' dir='ltr'>sufferentior,</span> <span class='ocrx_word' id='word_1_146' title='bbox 683 1393 712 1445; x_wconf 94' lang='lat' dir='ltr'>in</span> <span class='ocrx_word' id='word_1_147' title='bbox 725 1392 843 1446; x_wconf 89' lang='lat' dir='ltr'>lectione</span> <span class='ocrx_word' id='word_1_148' title='bbox 855 1393 947 1446; x_wconf 86' lang='lat' dir='ltr'>divina</span> <span class='ocrx_word' id='word_1_149' title='bbox 969 1392 1154 1462; x_wconf 78' lang='lat' dir='ltr'>infatigabilis,</span> <span class='ocrx_word' id='word_1_150' title='bbox 1168 1392 1197 1446; x_wconf 91' lang='lat' dir='ltr'>in</span> <span class='ocrx_word' id='word_1_151' title='bbox 1214 1393 1291 1447; x_wconf 89' lang='lat' dir='ltr'>omni</span> 
     </span>
     <span class='ocr_line' id='line_1_14' title="bbox 56 1492 1291 1562; baseline -0.002 -15"><span class='ocrx_word' id='word_1_152' title='bbox 56 1493 231 1562; x_wconf 79' lang='lat' dir='ltr'>professione</span> <span class='ocrx_word' id='word_1_153' title='bbox 243 1506 291 1547; x_wconf 88' lang='lat' dir='ltr'>sua</span> <span class='ocrx_word' id='word_1_154' title='bbox 304 1507 352 1560; x_wconf 90' lang='lat' dir='ltr'>per</span> <span class='ocrx_word' id='word_1_155' title='bbox 364 1493 456 1547; x_wconf 93' lang='lat' dir='ltr'>omnia</span> <span class='ocrx_word' id='word_1_156' title='bbox 467 1498 606 1559; x_wconf 78' lang='lat' dir='ltr'>constans,</span> <span class='ocrx_word' id='word_1_157' title='bbox 619 1493 747 1547; x_wconf 90' lang='lat' dir='ltr'>omnibus</span> <span class='ocrx_word' id='word_1_158' title='bbox 760 1493 889 1546; x_wconf 84' lang='lat' dir='ltr'>fratribus</span> <span class='ocrx_word' id='word_1_159' title='bbox 902 1493 930 1546; x_wconf 94' lang='lat' dir='ltr'>in</span> <span class='ocrx_word' id='word_1_160' title='bbox 942 1492 1116 1547; x_wconf 83' lang='lat' dir='ltr'>obocdientis</span> <span class='ocrx_word' id='word_1_161' title='bbox 1127 1497 1247 1560; x_wconf 90' lang='lat' dir='ltr'>paratus.</span> <span class='ocrx_word' id='word_1_162' title='bbox 1258 1495 1291 1546; x_wconf 79' lang='lat' dir='ltr'>lit</span> 
     </span>
     <span class='ocr_line' id='line_1_15' title="bbox 56 1593 1290 1662; baseline -0.002 -14"><span class='ocrx_word' id='word_1_163' title='bbox 56 1595 193 1662; x_wconf 87' lang='lat' dir='ltr'>quoniam</span> <span class='ocrx_word' id='word_1_164' title='bbox 205 1594 242 1647; x_wconf 88' lang='lat' dir='ltr'>ita</span> <span class='ocrx_word' id='word_1_165' title='bbox 253 1606 284 1647; x_wconf 87' lang='lat' dir='ltr'>se</span> <span class='ocrx_word' id='word_1_166' title='bbox 297 1593 459 1660; x_wconf 77' lang='lat' dir='ltr'>humiliavit,</span> <span class='ocrx_word' id='word_1_167' title='bbox 471 1599 555 1661; x_wconf 88' lang='lat' dir='ltr'>recte,</span> <span class='ocrx_word' id='word_1_168' title='bbox 568 1598 599 1646; x_wconf 95' lang='lat' dir='ltr'>ut</span> <span class='ocrx_word' id='word_1_169' title='bbox 611 1593 750 1660; x_wconf 89' lang='lat' dir='ltr'>Scriptura</span> <span class='ocrx_word' id='word_1_170' title='bbox 761 1597 885 1660; x_wconf 90' lang='lat' dir='ltr'>testatur,</span> <span class='ocrx_word' id='word_1_171' title='bbox 898 1605 989 1647; x_wconf 88' lang='lat' dir='ltr'>eoram</span> <span class='ocrx_word' id='word_1_172' title='bbox 998 1595 1052 1647; x_wconf 89' lang='lat' dir='ltr'>beo</span> <span class='ocrx_word' id='word_1_173' title='bbox 1062 1596 1090 1647; x_wconf 88' lang='lat' dir='ltr'>ct</span> <span class='ocrx_word' id='word_1_174' title='bbox 1101 1605 1192 1648; x_wconf 91' lang='lat' dir='ltr'>coram</span> <span class='ocrx_word' id='word_1_175' title='bbox 1204 1593 1290 1646; x_wconf 91' lang='lat' dir='ltr'>bomi-</span> 
     </span>
    </p>

    <p class='ocr_par' dir='ltr' id='par_1_6' title="bbox 10 1691 1290 2161">
     <span class='ocr_line' id='line_1_16' title="bbox 10 1691 1290 1762; baseline 0.002 -18"><span class='ocrx_word' id='word_1_176' title='bbox 10 1691 40 1746; x_wconf 66' lang='lat' dir='ltr'>lb</span> <span class='ocrx_word' id='word_1_177' title='bbox 56 1695 143 1747; x_wconf 91' lang='lat' dir='ltr'>nibus</span> <span class='ocrx_word' id='word_1_178' title='bbox 154 1699 259 1747; x_wconf 78' lang='lat' dir='ltr'>tanmm</span> <span class='ocrx_word' id='word_1_179' title='bbox 271 1694 384 1762; x_wconf 77' lang='lat' dir='ltr'>gratiam</span> <span class='ocrx_word' id='word_1_180' title='bbox 398 1693 511 1758; x_wconf 84' lang='lat' dir='ltr'>invenit,</span> <span class='ocrx_word' id='word_1_181' title='bbox 530 1697 561 1746; x_wconf 91' lang='lat' dir='ltr'>ut</span> <span class='ocrx_word' id='word_1_182' title='bbox 580 1700 608 1746; x_wconf 92' lang='lat' dir='ltr'>et</span> <span class='ocrx_word' id='word_1_183' title='bbox 628 1693 700 1746; x_wconf 91' lang='lat' dir='ltr'>inter</span> <span class='ocrx_word' id='word_1_184' title='bbox 721 1692 846 1747; x_wconf 87' lang='lat' dir='ltr'>homines</span> <span class='ocrx_word' id='word_1_185' title='bbox 864 1706 926 1746; x_wconf 93' lang='lat' dir='ltr'>eum</span> <span class='ocrx_word' id='word_1_186' title='bbox 949 1694 1039 1746; x_wconf 90' lang='lat' dir='ltr'>omnis</span> <span class='ocrx_word' id='word_1_187' title='bbox 1060 1693 1178 1747; x_wconf 86' lang='lat' dir='ltr'>latinitas</span> <span class='ocrx_word' id='word_1_188' title='bbox 1197 1692 1290 1746; x_wconf 88' lang='lat' dir='ltr'>debito</span> 
     </span>
     <span class='ocr_line' id='line_1_17' title="bbox 55 1793 1290 1861; baseline -0.002 -14"><span class='ocrx_word' id='word_1_189' title='bbox 55 1795 164 1849; x_wconf 88' lang='lat' dir='ltr'>bonore</span> <span class='ocrx_word' id='word_1_190' title='bbox 179 1799 206 1848; x_wconf 92' lang='lat' dir='ltr'>ct</span> <span class='ocrx_word' id='word_1_191' title='bbox 217 1806 311 1847; x_wconf 83' lang='lat' dir='ltr'>amore</span> <span class='ocrx_word' id='word_1_192' title='bbox 324 1797 452 1861; x_wconf 83' lang='lat' dir='ltr'>agnoscat</span> <span class='ocrx_word' id='word_1_193' title='bbox 464 1794 623 1861; x_wconf 79' lang='lat' dir='ltr'>magistrum</span> <span class='ocrx_word' id='word_1_194' title='bbox 636 1797 664 1846; x_wconf 93' lang='lat' dir='ltr'>et</span> <span class='ocrx_word' id='word_1_195' title='bbox 676 1794 735 1859; x_wconf 83' lang='lat' dir='ltr'>ejus</span> <span class='ocrx_word' id='word_1_196' title='bbox 747 1793 886 1846; x_wconf 84' lang='lat' dir='ltr'>humiliter</span> <span class='ocrx_word' id='word_1_197' title='bbox 898 1794 1014 1846; x_wconf 88' lang='lat' dir='ltr'>retineat</span> <span class='ocrx_word' id='word_1_198' title='bbox 1025 1793 1195 1861; x_wconf 85' lang='lat' dir='ltr'>memoriam,</span> <span class='ocrx_word' id='word_1_199' title='bbox 1217 1797 1244 1847; x_wconf 89' lang='lat' dir='ltr'>et</span> <span class='ocrx_word' id='word_1_200' title='bbox 1261 1793 1290 1845; x_wconf 93' lang='lat' dir='ltr'>in</span> 
     </span>
     <span class='ocr_line' id='line_1_18' title="bbox 56 1892 1290 1960; baseline -0.006 -9"><span class='ocrx_word' id='word_1_201' title='bbox 56 1895 225 1951; x_wconf 85' lang='lat' dir='ltr'>caelestibus</span> <span class='ocrx_word' id='word_1_202' title='bbox 244 1894 357 1949; x_wconf 88' lang='lat' dir='ltr'>sedibus</span> <span class='ocrx_word' id='word_1_203' title='bbox 374 1895 475 1948; x_wconf 92' lang='lat' dir='ltr'>sanctis</span> <span class='ocrx_word' id='word_1_204' title='bbox 495 1895 542 1948; x_wconf 88' lang='lat' dir='ltr'>bei</span> <span class='ocrx_word' id='word_1_205' title='bbox 561 1895 705 1948; x_wconf 86' lang='lat' dir='ltr'>credamus</span> <span class='ocrx_word' id='word_1_206' title='bbox 728 1907 790 1948; x_wconf 90' lang='lat' dir='ltr'>enm</span> <span class='ocrx_word' id='word_1_207' title='bbox 812 1906 871 1947; x_wconf 90' lang='lat' dir='ltr'>esse</span> <span class='ocrx_word' id='word_1_208' title='bbox 892 1894 1079 1960; x_wconf 79' lang='lat' dir='ltr'>conjunctum.</span> <span class='ocrx_word' id='word_1_209' title='bbox 1103 1895 1135 1946; x_wconf 84' lang='lat' dir='ltr'>ist</span> <span class='ocrx_word' id='word_1_210' title='bbox 1149 1892 1213 1960; x_wconf 87' lang='lat' dir='ltr'>quia</span> <span class='ocrx_word' id='word_1_211' title='bbox 1230 1892 1290 1957; x_wconf 90' lang='lat' dir='ltr'>ipsa</span> 
     </span>
     <span class='ocr_line' id='line_1_19' title="bbox 58 1991 1289 2062; baseline -0.006 -12"><span class='ocrx_word' id='word_1_212' title='bbox 58 1995 188 2061; x_wconf 88' lang='lat' dir='ltr'>ecelesia,</span> <span class='ocrx_word' id='word_1_213' title='bbox 201 1996 230 2047; x_wconf 92' lang='lat' dir='ltr'>in</span> <span class='ocrx_word' id='word_1_214' title='bbox 244 2007 298 2062; x_wconf 79' lang='lat' dir='ltr'>qua</span> <span class='ocrx_word' id='word_1_215' title='bbox 310 1995 461 2048; x_wconf 85' lang='lat' dir='ltr'>monachus</span> <span class='ocrx_word' id='word_1_216' title='bbox 473 2000 515 2047; x_wconf 93' lang='lat' dir='ltr'>est</span> <span class='ocrx_word' id='word_1_217' title='bbox 526 1992 639 2048; x_wconf 79' lang='lat' dir='ltr'>effeetus</span> <span class='ocrx_word' id='word_1_218' title='bbox 659 2000 687 2047; x_wconf 90' lang='lat' dir='ltr'>et</span> <span class='ocrx_word' id='word_1_219' title='bbox 700 1995 728 2047; x_wconf 89' lang='lat' dir='ltr'>in</span> <span class='ocrx_word' id='word_1_220' title='bbox 740 2007 795 2061; x_wconf 85' lang='lat' dir='ltr'>qua</span> <span class='ocrx_word' id='word_1_221' title='bbox 807 1996 861 2047; x_wconf 91' lang='lat' dir='ltr'>beo</span> <span class='ocrx_word' id='word_1_222' title='bbox 874 1992 1019 2047; x_wconf 87' lang='lat' dir='ltr'>ordinante</span> <span class='ocrx_word' id='word_1_223' title='bbox 1029 1992 1104 2060; x_wconf 91' lang='lat' dir='ltr'>prior</span> <span class='ocrx_word' id='word_1_224' title='bbox 1115 1991 1289 2058; x_wconf 85' lang='lat' dir='ltr'>exstitit,tam</span> 
     </span>
     <span class='ocr_line' id='line_1_20' title="bbox 57 2091 1286 2161; baseline -0.006 -13"><span class='ocrx_word' id='word_1_225' title='bbox 57 2092 191 2161; x_wconf 72' lang='lat' dir='ltr'>religioso</span> <span class='ocrx_word' id='word_1_226' title='bbox 203 2099 312 2160; x_wconf 85' lang='lat' dir='ltr'>tamque</span> <span class='ocrx_word' id='word_1_227' title='bbox 325 2093 435 2161; x_wconf 88' lang='lat' dir='ltr'>copioso</span> <span class='ocrx_word' id='word_1_228' title='bbox 455 2093 603 2147; x_wconf 88' lang='lat' dir='ltr'>conventui</span> <span class='ocrx_word' id='word_1_229' title='bbox 616 2106 673 2146; x_wconf 92' lang='lat' dir='ltr'>non</span> <span class='ocrx_word' id='word_1_230' title='bbox 694 2092 836 2146; x_wconf 88' lang='lat' dir='ltr'>videbatur</span> <span class='ocrx_word' id='word_1_231' title='bbox 849 2092 959 2160; x_wconf 90' lang='lat' dir='ltr'>idonea,</span> <span class='ocrx_word' id='word_1_232' title='bbox 973 2091 1026 2145; x_wconf 90' lang='lat' dir='ltr'>alia</span> <span class='ocrx_word' id='word_1_233' title='bbox 1047 2092 1128 2160; x_wconf 80' lang='lat' dir='ltr'>longe</span> <span class='ocrx_word' id='word_1_234' title='bbox 1148 2094 1286 2158; x_wconf 85' lang='lat' dir='ltr'>praesten-</span> 
     </span>
    </p>

    <p class='ocr_par' dir='ltr' id='par_1_7' title="bbox 12 2190 1288 2361">
     <span class='ocr_line' id='line_1_21' title="bbox 12 2190 1288 2267; baseline -0.005 -19"><span class='ocrx_word' id='word_1_235' title='bbox 12 2193 40 2248; x_wconf 85' lang='lat' dir='ltr'>tt</span> <span class='ocrx_word' id='word_1_236' title='bbox 56 2194 111 2247; x_wconf 91' lang='lat' dir='ltr'>tior</span> <span class='ocrx_word' id='word_1_237' title='bbox 123 2205 174 2246; x_wconf 89' lang='lat' dir='ltr'>suo</span> <span class='ocrx_word' id='word_1_238' title='bbox 184 2193 291 2246; x_wconf 89' lang='lat' dir='ltr'>monitu</span> <span class='ocrx_word' id='word_1_239' title='bbox 302 2205 408 2260; x_wconf 82' lang='lat' dir='ltr'>suoque</span> <span class='ocrx_word' id='word_1_240' title='bbox 419 2192 554 2258; x_wconf 86' lang='lat' dir='ltr'>adjutorio</span> <span class='ocrx_word' id='word_1_241' title='bbox 573 2192 681 2258; x_wconf 88' lang='lat' dir='ltr'>incepta</span> <span class='ocrx_word' id='word_1_242' title='bbox 693 2195 735 2245; x_wconf 93' lang='lat' dir='ltr'>est</span> <span class='ocrx_word' id='word_1_243' title='bbox 746 2192 828 2267; x_wconf 84' lang='lat' dir='ltr'>ajam</span> <span class='ocrx_word' id='word_1_244' title='bbox 841 2191 967 2258; x_wconf 90' lang='lat' dir='ltr'>superius</span> <span class='ocrx_word' id='word_1_245' title='bbox 980 2190 1121 2245; x_wconf 91' lang='lat' dir='ltr'>nominato</span> <span class='ocrx_word' id='word_1_246' title='bbox 1133 2194 1210 2257; x_wconf 90' lang='lat' dir='ltr'>patre</span> <span class='ocrx_word' id='word_1_247' title='bbox 1221 2191 1288 2242; x_wconf 92' lang='lat' dir='ltr'>ller-</span> 
     </span>
     <span class='ocr_line' id='line_1_22' title="bbox 57 2292 1125 2361; baseline -0.002 -15"><span class='ocrx_word' id='word_1_248' title='bbox 57 2294 147 2360; x_wconf 89' lang='lat' dir='ltr'>luino,</span> <span class='ocrx_word' id='word_1_249' title='bbox 161 2294 190 2347; x_wconf 92' lang='lat' dir='ltr'>in</span> <span class='ocrx_word' id='word_1_250' title='bbox 202 2306 256 2361; x_wconf 87' lang='lat' dir='ltr'>qua</span> <span class='ocrx_word' id='word_1_251' title='bbox 268 2293 326 2360; x_wconf 90' lang='lat' dir='ltr'>ipse</span> <span class='ocrx_word' id='word_1_252' title='bbox 338 2294 506 2347; x_wconf 77' lang='lat' dir='ltr'>lanfrancus</span> <span class='ocrx_word' id='word_1_253' title='bbox 518 2293 669 2346; x_wconf 91' lang='lat' dir='ltr'>secundum</span> <span class='ocrx_word' id='word_1_254' title='bbox 681 2292 801 2360; x_wconf 82' lang='lat' dir='ltr'>lapidem</span> <span class='ocrx_word' id='word_1_255' title='bbox 813 2305 863 2346; x_wconf 87' lang='lat' dir='ltr'>sua</span> <span class='ocrx_word' id='word_1_256' title='bbox 878 2306 961 2346; x_wconf 88' lang='lat' dir='ltr'>manu</span> <span class='ocrx_word' id='word_1_257' title='bbox 974 2292 1125 2359; x_wconf 85' lang='lat' dir='ltr'>supposuit.</span> 
     </span>
    </p>

    <p class='ocr_par' dir='ltr' id='par_1_8' title="bbox 59 2390 1289 2662">
     <span class='ocr_line' id='line_1_23' title="bbox 94 2390 1288 2460; baseline -0.003 -14"><span class='ocrx_word' id='word_1_258' title='bbox 94 2393 148 2446; x_wconf 73' lang='lat'>12.</span> <span class='ocrx_word' id='word_1_259' title='bbox 161 2393 213 2447; x_wconf 86' lang='lat' dir='ltr'>Sed</span> <span class='ocrx_word' id='word_1_260' title='bbox 226 2405 283 2446; x_wconf 93' lang='lat' dir='ltr'>non</span> <span class='ocrx_word' id='word_1_261' title='bbox 295 2398 357 2460; x_wconf 88' lang='lat' dir='ltr'>post</span> <span class='ocrx_word' id='word_1_262' title='bbox 368 2393 483 2447; x_wconf 92' lang='lat' dir='ltr'>multum</span> <span class='ocrx_word' id='word_1_263' title='bbox 496 2401 603 2460; x_wconf 90' lang='lat' dir='ltr'>tempus</span> <span class='ocrx_word' id='word_1_264' title='bbox 615 2394 715 2446; x_wconf 89' lang='lat' dir='ltr'>invitus</span> <span class='ocrx_word' id='word_1_265' title='bbox 727 2393 878 2446; x_wconf 90' lang='lat' dir='ltr'>abstractus</span> <span class='ocrx_word' id='word_1_266' title='bbox 891 2405 907 2446; x_wconf 91' lang='lat' dir='ltr'>a</span> <span class='ocrx_word' id='word_1_267' title='bbox 925 2390 1021 2446; x_wconf 89' lang='lat' dir='ltr'>nidulo</span> <span class='ocrx_word' id='word_1_268' title='bbox 1038 2404 1097 2458; x_wconf 85' lang='lat' dir='ltr'>suo,</span> <span class='ocrx_word' id='word_1_269' title='bbox 1111 2390 1288 2445; x_wconf 77' lang='lat' dir='ltr'>cadomensis</span> 
     </span>
     <span class='ocr_line' id='line_1_24' title="bbox 59 2491 1289 2560; baseline -0.004 -12"><span class='ocrx_word' id='word_1_270' title='bbox 59 2493 193 2548; x_wconf 88' lang='lat' dir='ltr'>ecclesiae</span> <span class='ocrx_word' id='word_1_271' title='bbox 205 2493 290 2546; x_wconf 89' lang='lat' dir='ltr'>abbas</span> <span class='ocrx_word' id='word_1_272' title='bbox 301 2491 425 2546; x_wconf 86' lang='lat' dir='ltr'>eflicitur.</span> <span class='ocrx_word' id='word_1_273' title='bbox 441 2495 535 2560; x_wconf 85' lang='lat' dir='ltr'>inqua</span> <span class='ocrx_word' id='word_1_274' title='bbox 550 2506 606 2546; x_wconf 92' lang='lat' dir='ltr'>non</span> <span class='ocrx_word' id='word_1_275' title='bbox 619 2493 666 2546; x_wconf 92' lang='lat' dir='ltr'>diu</span> <span class='ocrx_word' id='word_1_276' title='bbox 678 2491 802 2560; x_wconf 83' lang='lat' dir='ltr'>perstitit.</span> <span class='ocrx_word' id='word_1_277' title='bbox 815 2495 883 2545; x_wconf 82' lang='lat' dir='ltr'>llam</span> <span class='ocrx_word' id='word_1_278' title='bbox 894 2505 958 2545; x_wconf 92' lang='lat' dir='ltr'>cum</span> <span class='ocrx_word' id='word_1_279' title='bbox 970 2492 1144 2558; x_wconf 86' lang='lat' dir='ltr'>supradictus</span> <span class='ocrx_word' id='word_1_280' title='bbox 1162 2491 1289 2558; x_wconf 88' lang='lat' dir='ltr'>princeps</span> 
     </span>
     <span class='ocr_line' id='line_1_25' title="bbox 59 2592 1289 2662; baseline -0.001 -16"><span class='ocrx_word' id='word_1_281' title='bbox 59 2593 185 2660; x_wconf 73' lang='lat' dir='ltr'>Angliam</span> <span class='ocrx_word' id='word_1_282' title='bbox 197 2592 362 2646; x_wconf 83' lang='lat' dir='ltr'>hereditario</span> <span class='ocrx_word' id='word_1_283' title='bbox 371 2594 434 2659; x_wconf 88' lang='lat' dir='ltr'>jure</span> <span class='ocrx_word' id='word_1_284' title='bbox 446 2593 556 2647; x_wconf 92' lang='lat' dir='ltr'>sibimet</span> <span class='ocrx_word' id='word_1_285' title='bbox 576 2593 746 2662; x_wconf 82' lang='lat' dir='ltr'>subjugasset</span> <span class='ocrx_word' id='word_1_286' title='bbox 766 2593 860 2659; x_wconf 90' lang='lat' dir='ltr'>armis,</span> <span class='ocrx_word' id='word_1_287' title='bbox 874 2592 993 2646; x_wconf 90' lang='lat' dir='ltr'>eundern</span> <span class='ocrx_word' id='word_1_288' title='bbox 1013 2593 1195 2646; x_wconf 77' lang='lat' dir='ltr'>lanfrancum</span> <span class='ocrx_word' id='word_1_289' title='bbox 1212 2604 1289 2659; x_wconf 90' lang='lat' dir='ltr'>prae·</span> 
     </span>
    </p>

    <p class='ocr_par' dir='ltr' id='par_1_9' title="bbox 10 2691 1291 3161">
     <span class='ocr_line' id='line_1_26' title="bbox 10 2691 1291 2761; baseline -0.005 -13"><span class='ocrx_word' id='word_1_290' title='bbox 10 2694 44 2748; x_wconf 81' lang='lat' dir='ltr'>ts</span> <span class='ocrx_word' id='word_1_291' title='bbox 59 2692 153 2760; x_wconf 87' lang='lat' dir='ltr'>posuit</span> <span class='ocrx_word' id='word_1_292' title='bbox 164 2699 278 2746; x_wconf 88' lang='lat' dir='ltr'>cunctae</span> <span class='ocrx_word' id='word_1_293' title='bbox 291 2693 482 2746; x_wconf 84' lang='lat' dir='ltr'>christianitati</span> <span class='ocrx_word' id='word_1_294' title='bbox 494 2693 569 2746; x_wconf 90' lang='lat' dir='ltr'>illius</span> <span class='ocrx_word' id='word_1_295' title='bbox 581 2699 680 2761; x_wconf 91' lang='lat' dir='ltr'>terrae,</span> <span class='ocrx_word' id='word_1_296' title='bbox 694 2693 864 2747; x_wconf 88' lang='lat' dir='ltr'>constituens</span> <span class='ocrx_word' id='word_1_297' title='bbox 876 2705 940 2745; x_wconf 91' lang='lat' dir='ltr'>eum</span> <span class='ocrx_word' id='word_1_298' title='bbox 952 2692 1185 2759; x_wconf 85' lang='lat' dir='ltr'>archiepiscopum</span> <span class='ocrx_word' id='word_1_299' title='bbox 1198 2696 1225 2745; x_wconf 90' lang='lat' dir='ltr'>et</span> <span class='ocrx_word' id='word_1_300' title='bbox 1236 2691 1291 2759; x_wconf 90' lang='lat' dir='ltr'>pri·</span> 
     </span>
     <span class='ocr_line' id='line_1_27' title="bbox 59 2772 1289 2860; baseline -0.002 -14"><span class='ocrx_word' id='word_1_301' title='bbox 59 2796 162 2846; x_wconf 78' lang='lat' dir='ltr'>motem</span> <span class='ocrx_word' id='word_1_302' title='bbox 174 2793 256 2846; x_wconf 89' lang='lat' dir='ltr'>totius</span> <span class='ocrx_word' id='word_1_303' title='bbox 268 2792 342 2846; x_wconf 92' lang='lat' dir='ltr'>illius</span> <span class='ocrx_word' id='word_1_304' title='bbox 354 2798 453 2847; x_wconf 89' lang='lat' dir='ltr'>terrae.</span> <span class='ocrx_word' id='word_1_305' title='bbox 467 2795 517 2858; x_wconf 82' lang='lat' dir='ltr'>Qui</span> <span class='ocrx_word' id='word_1_306' title='bbox 538 2772 700 2848; x_wconf 86' lang='lat' dir='ltr'>sublimatus</span> <span class='ocrx_word' id='word_1_307' title='bbox 721 2794 813 2847; x_wconf 91' lang='lat' dir='ltr'>multis</span> <span class='ocrx_word' id='word_1_308' title='bbox 833 2798 860 2847; x_wconf 92' lang='lat' dir='ltr'>et</span> <span class='ocrx_word' id='word_1_309' title='bbox 881 2792 975 2846; x_wconf 89' lang='lat' dir='ltr'>nimiis</span> <span class='ocrx_word' id='word_1_310' title='bbox 996 2793 1157 2860; x_wconf 87' lang='lat' dir='ltr'>bonoribus,</span> <span class='ocrx_word' id='word_1_311' title='bbox 1179 2796 1289 2846; x_wconf 91' lang='lat' dir='ltr'>nonest</span> 
     </span>
     <span class='ocr_line' id='line_1_28' title="bbox 59 2892 1289 2962; baseline -0.001 -18"><span class='ocrx_word' id='word_1_312' title='bbox 59 2893 204 2946; x_wconf 90' lang='lat' dir='ltr'>immemor</span> <span class='ocrx_word' id='word_1_313' title='bbox 215 2893 302 2946; x_wconf 86' lang='lat' dir='ltr'>iactus</span> <span class='ocrx_word' id='word_1_314' title='bbox 313 2907 379 2947; x_wconf 90' lang='lat' dir='ltr'>suae</span> <span class='ocrx_word' id='word_1_315' title='bbox 391 2894 573 2961; x_wconf 88' lang='lat' dir='ltr'>pauperculae</span> <span class='ocrx_word' id='word_1_316' title='bbox 587 2895 689 2962; x_wconf 82' lang='lat' dir='ltr'>metris,</span> <span class='ocrx_word' id='word_1_317' title='bbox 703 2894 751 2948; x_wconf 91' lang='lat' dir='ltr'>sed</span> <span class='ocrx_word' id='word_1_318' title='bbox 763 2894 854 2961; x_wconf 80' lang='lat' dir='ltr'>quoad</span> <span class='ocrx_word' id='word_1_319' title='bbox 871 2893 936 2947; x_wconf 83' lang='lat' dir='ltr'>vixit</span> <span class='ocrx_word' id='word_1_320' title='bbox 956 2906 1016 2947; x_wconf 91' lang='lat' dir='ltr'>eam</span> <span class='ocrx_word' id='word_1_321' title='bbox 1037 2892 1207 2960; x_wconf 88' lang='lat' dir='ltr'>sustentavit,</span> <span class='ocrx_word' id='word_1_322' title='bbox 1220 2892 1289 2946; x_wconf 90' lang='lat' dir='ltr'>aluit</span> 
     </span>
     <span class='ocr_line' id='line_1_29' title="bbox 59 2991 1288 3060; baseline -0.001 -16"><span class='ocrx_word' id='word_1_323' title='bbox 59 2997 87 3044; x_wconf 92' lang='lat' dir='ltr'>et</span> <span class='ocrx_word' id='word_1_324' title='bbox 97 2991 275 3045; x_wconf 82' lang='lat' dir='ltr'>vehementer</span> <span class='ocrx_word' id='word_1_325' title='bbox 287 2992 438 3046; x_wconf 86' lang='lat' dir='ltr'>bonoravit.</span> <span class='ocrx_word' id='word_1_326' title='bbox 452 2994 568 3060; x_wconf 89' lang='lat' dir='ltr'>insuper</span> <span class='ocrx_word' id='word_1_327' title='bbox 580 2993 643 3046; x_wconf 86' lang='lat' dir='ltr'>iecit</span> <span class='ocrx_word' id='word_1_328' title='bbox 653 3000 684 3046; x_wconf 90' lang='lat' dir='ltr'>ut</span> <span class='ocrx_word' id='word_1_329' title='bbox 702 2994 775 3060; x_wconf 86' lang='lat' dir='ltr'>quod</span> <span class='ocrx_word' id='word_1_330' title='bbox 796 3007 845 3060; x_wconf 89' lang='lat' dir='ltr'>per</span> <span class='ocrx_word' id='word_1_331' title='bbox 865 2993 955 3060; x_wconf 91' lang='lat' dir='ltr'>ipsum</span> <span class='ocrx_word' id='word_1_332' title='bbox 965 2996 1091 3059; x_wconf 90' lang='lat' dir='ltr'>coeptum</span> <span class='ocrx_word' id='word_1_333' title='bbox 1110 2992 1199 3045; x_wconf 83' lang='lat' dir='ltr'>iuerat</span> <span class='ocrx_word' id='word_1_334' title='bbox 1216 3004 1288 3045; x_wconf 92' lang='lat' dir='ltr'>com·</span> 
     </span>
     <span class='ocr_line' id='line_1_30' title="bbox 59 3091 1288 3161; baseline 0.002 -17"><span class='ocrx_word' id='word_1_335' title='bbox 59 3091 190 3157; x_wconf 88' lang='lat' dir='ltr'>pleretur.</span> <span class='ocrx_word' id='word_1_336' title='bbox 205 3093 262 3156; x_wconf 81' lang='lat' dir='ltr'>Quo</span> <span class='ocrx_word' id='word_1_337' title='bbox 275 3091 392 3158; x_wconf 84' lang='lat' dir='ltr'>expleto,</span> <span class='ocrx_word' id='word_1_338' title='bbox 406 3094 459 3145; x_wconf 87' lang='lat' dir='ltr'>beo</span> <span class='ocrx_word' id='word_1_339' title='bbox 471 3098 621 3161; x_wconf 81' lang='lat' dir='ltr'>annuente,</span> <span class='ocrx_word' id='word_1_340' title='bbox 635 3093 670 3147; x_wconf 91' lang='lat' dir='ltr'>ab</span> <span class='ocrx_word' id='word_1_341' title='bbox 682 3093 751 3160; x_wconf 87' lang='lat' dir='ltr'>ipso,</span> <span class='ocrx_word' id='word_1_342' title='bbox 764 3106 780 3146; x_wconf 89' lang='lat' dir='ltr'>a</span> <span class='ocrx_word' id='word_1_343' title='bbox 793 3106 848 3161; x_wconf 87' lang='lat' dir='ltr'>quo</span> <span class='ocrx_word' id='word_1_344' title='bbox 860 3093 967 3160; x_wconf 91' lang='lat' dir='ltr'>incepta</span> <span class='ocrx_word' id='word_1_345' title='bbox 984 3097 1027 3146; x_wconf 88' lang='lat' dir='ltr'>est</span> <span class='ocrx_word' id='word_1_346' title='bbox 1048 3097 1074 3146; x_wconf 92' lang='lat' dir='ltr'>et</span> <span class='ocrx_word' id='word_1_347' title='bbox 1090 3098 1288 3158; x_wconf 83' lang='lat' dir='ltr'>consummata,</span> 
     </span>
    </p>

    <p class='ocr_par' dir='ltr' id='par_1_10' title="bbox 10 3190 1290 3644">
     <span class='ocr_line' id='line_1_31' title="bbox 10 3190 1290 3260; baseline -0.001 -15"><span class='ocrx_word' id='word_1_348' title='bbox 10 3193 41 3245; x_wconf 81' lang='lat'>5⁰</span> <span class='ocrx_word' id='word_1_349' title='bbox 59 3191 95 3243; x_wconf 91' lang='lat' dir='ltr'>ab</span> <span class='ocrx_word' id='word_1_350' title='bbox 107 3190 167 3257; x_wconf 89' lang='lat' dir='ltr'>ipso</span> <span class='ocrx_word' id='word_1_351' title='bbox 179 3195 206 3242; x_wconf 92' lang='lat' dir='ltr'>et</span> <span class='ocrx_word' id='word_1_352' title='bbox 214 3196 373 3244; x_wconf 90' lang='lat' dir='ltr'>consecrata</span> <span class='ocrx_word' id='word_1_353' title='bbox 385 3204 449 3245; x_wconf 93' lang='lat' dir='ltr'>cum</span> <span class='ocrx_word' id='word_1_354' title='bbox 464 3193 581 3245; x_wconf 83' lang='lat' dir='ltr'>marimo</span> <span class='ocrx_word' id='word_1_355' title='bbox 594 3197 621 3246; x_wconf 90' lang='lat' dir='ltr'>et</span> <span class='ocrx_word' id='word_1_356' title='bbox 632 3192 740 3246; x_wconf 90' lang='lat' dir='ltr'>decenti</span> <span class='ocrx_word' id='word_1_357' title='bbox 754 3193 866 3247; x_wconf 90' lang='lat' dir='ltr'>bonore.</span> <span class='ocrx_word' id='word_1_358' title='bbox 880 3194 911 3245; x_wconf 94' lang='lat' dir='ltr'>ln</span> <span class='ocrx_word' id='word_1_359' title='bbox 924 3205 987 3260; x_wconf 83' lang='lat' dir='ltr'>qua,</span> <span class='ocrx_word' id='word_1_360' title='bbox 1000 3197 1031 3244; x_wconf 91' lang='lat' dir='ltr'>ut</span> <span class='ocrx_word' id='word_1_361' title='bbox 1047 3190 1082 3245; x_wconf 89' lang='lat' dir='ltr'>ad</span> <span class='ocrx_word' id='word_1_362' title='bbox 1104 3192 1131 3246; x_wconf 91' lang='lat' dir='ltr'>id</span> <span class='ocrx_word' id='word_1_363' title='bbox 1147 3192 1290 3245; x_wconf 84' lang='lat' dir='ltr'>veniamus</span> 
     </span>
     <span class='ocr_line' id='line_1_32' title="bbox 59 3289 1288 3358; baseline 0.003 -15"><span class='ocrx_word' id='word_1_364' title='bbox 59 3289 257 3358; x_wconf 87' lang='lat' dir='ltr'>propterquod</span> <span class='ocrx_word' id='word_1_365' title='bbox 269 3291 431 3357; x_wconf 82' lang='lat' dir='ltr'>incepimus,</span> <span class='ocrx_word' id='word_1_366' title='bbox 446 3291 522 3345; x_wconf 93' lang='lat' dir='ltr'>multi</span> <span class='ocrx_word' id='word_1_367' title='bbox 536 3291 660 3345; x_wconf 87' lang='lat' dir='ltr'>diversae</span> <span class='ocrx_word' id='word_1_368' title='bbox 672 3293 768 3346; x_wconf 89' lang='lat' dir='ltr'>aetatis</span> <span class='ocrx_word' id='word_1_369' title='bbox 789 3290 827 3346; x_wconf 91' lang='lat' dir='ltr'>ibi</span> <span class='ocrx_word' id='word_1_370' title='bbox 845 3292 957 3346; x_wconf 82' lang='lat' dir='ltr'>adunati</span> <span class='ocrx_word' id='word_1_371' title='bbox 977 3293 1102 3346; x_wconf 87' lang='lat' dir='ltr'>homines</span> <span class='ocrx_word' id='word_1_372' title='bbox 1123 3291 1221 3346; x_wconf 82' lang='lat' dir='ltr'>devote</span> <span class='ocrx_word' id='word_1_373' title='bbox 1234 3295 1288 3347; x_wconf 90' lang='lat' dir='ltr'>beo</span> 
     </span>
     <span class='ocr_line' id='line_1_33' title="bbox 60 3391 1289 3461; baseline 0.002 -17"><span class='ocrx_word' id='word_1_374' title='bbox 60 3403 183 3458; x_wconf 87' lang='lat' dir='ltr'>suaeque</span> <span class='ocrx_word' id='word_1_375' title='bbox 193 3391 254 3456; x_wconf 90' lang='lat' dir='ltr'>piae</span> <span class='ocrx_word' id='word_1_376' title='bbox 266 3392 355 3457; x_wconf 82' lang='lat' dir='ltr'>matri,</span> <span class='ocrx_word' id='word_1_377' title='bbox 374 3404 446 3458; x_wconf 86' lang='lat' dir='ltr'>quae</span> <span class='ocrx_word' id='word_1_378' title='bbox 467 3398 508 3445; x_wconf 93' lang='lat' dir='ltr'>est</span> <span class='ocrx_word' id='word_1_379' title='bbox 529 3404 593 3445; x_wconf 88' lang='lat' dir='ltr'>vera</span> <span class='ocrx_word' id='word_1_380' title='bbox 615 3393 747 3459; x_wconf 88' lang='lat' dir='ltr'>protectio</span> <span class='ocrx_word' id='word_1_381' title='bbox 768 3393 892 3446; x_wconf 91' lang='lat' dir='ltr'>omnium</span> <span class='ocrx_word' id='word_1_382' title='bbox 911 3392 945 3446; x_wconf 87' lang='lat' dir='ltr'>ad</span> <span class='ocrx_word' id='word_1_383' title='bbox 967 3406 996 3445; x_wconf 92' lang='lat' dir='ltr'>se</span> <span class='ocrx_word' id='word_1_384' title='bbox 1015 3393 1240 3461; x_wconf 80' lang='lat' dir='ltr'>oonltrgientium,</span> <span class='ocrx_word' id='word_1_385' title='bbox 1258 3391 1289 3446; x_wconf 91' lang='lat' dir='ltr'>in</span> 
     </span>
     <span class='ocr_line' id='line_1_34' title="bbox 59 3492 1288 3560; baseline 0.002 -15"><span class='ocrx_word' id='word_1_386' title='bbox 59 3492 139 3558; x_wconf 78' lang='lat' dir='ltr'>cujus</span> <span class='ocrx_word' id='word_1_387' title='bbox 151 3492 256 3545; x_wconf 90' lang='lat' dir='ltr'>bonore</span> <span class='ocrx_word' id='word_1_388' title='bbox 267 3494 309 3545; x_wconf 88' lang='lat' dir='ltr'>est</span> <span class='ocrx_word' id='word_1_389' title='bbox 320 3499 479 3547; x_wconf 88' lang='lat' dir='ltr'>consecrata</span> <span class='ocrx_word' id='word_1_390' title='bbox 491 3493 585 3546; x_wconf 88' lang='lat' dir='ltr'>eadem</span> <span class='ocrx_word' id='word_1_391' title='bbox 598 3492 722 3559; x_wconf 85' lang='lat' dir='ltr'>ecclesie,</span> <span class='ocrx_word' id='word_1_392' title='bbox 736 3504 793 3545; x_wconf 92' lang='lat' dir='ltr'>non</span> <span class='ocrx_word' id='word_1_393' title='bbox 804 3492 893 3546; x_wconf 92' lang='lat' dir='ltr'>solum</span> <span class='ocrx_word' id='word_1_394' title='bbox 904 3493 1010 3546; x_wconf 82' lang='lat' dir='ltr'>animas</span> <span class='ocrx_word' id='word_1_395' title='bbox 1021 3493 1069 3547; x_wconf 88' lang='lat' dir='ltr'>sed</span> <span class='ocrx_word' id='word_1_396' title='bbox 1079 3496 1106 3546; x_wconf 92' lang='lat' dir='ltr'>et</span> <span class='ocrx_word' id='word_1_397' title='bbox 1116 3505 1232 3560; x_wconf 91' lang='lat' dir='ltr'>corpora</span> <span class='ocrx_word' id='word_1_398' title='bbox 1239 3506 1288 3547; x_wconf 90' lang='lat' dir='ltr'>sua</span> 
     </span>
     <span class='ocr_line' id='line_1_35' title="bbox 60 3591 278 3644; baseline 0 0"><span class='ocrx_word' id='word_1_399' title='bbox 60 3591 278 3644; x_wconf 82' lang='lat' dir='ltr'>committebant.</span> 
     </span>
    </p>

    <p class='ocr_par' dir='ltr' id='par_1_11' title="bbox 10 3687 1292 4156">
     <span class='ocr_line' id='line_1_36' title="bbox 10 3687 1291 3756; baseline 0.001 -12"><span class='ocrx_word' id='word_1_400' title='bbox 10 3690 42 3744; x_wconf 72' lang='lat'>55</span> <span class='ocrx_word' id='word_1_401' title='bbox 94 3687 145 3741; x_wconf 84' lang='lat'>1³.</span> <span class='ocrx_word' id='word_1_402' title='bbox 159 3690 233 3742; x_wconf 91' lang='lat' dir='ltr'>inter</span> <span class='ocrx_word' id='word_1_403' title='bbox 244 3701 313 3756; x_wconf 86' lang='lat' dir='ltr'>quos</span> <span class='ocrx_word' id='word_1_404' title='bbox 326 3689 428 3743; x_wconf 84' lang='lat' dir='ltr'>exstitit</span> <span class='ocrx_word' id='word_1_405' title='bbox 440 3689 552 3756; x_wconf 84' lang='lat' dir='ltr'>quidam</span> <span class='ocrx_word' id='word_1_406' title='bbox 564 3691 647 3744; x_wconf 82' lang='lat' dir='ltr'>irater</span> <span class='ocrx_word' id='word_1_407' title='bbox 658 3703 673 3743; x_wconf 91' lang='lat' dir='ltr'>a</span> <span class='ocrx_word' id='word_1_408' title='bbox 686 3690 781 3756; x_wconf 91' lang='lat' dir='ltr'>primis</span> <span class='ocrx_word' id='word_1_409' title='bbox 793 3690 873 3744; x_wconf 89' lang='lat' dir='ltr'>annis</span> <span class='ocrx_word' id='word_1_410' title='bbox 885 3691 913 3743; x_wconf 92' lang='lat' dir='ltr'>in</span> <span class='ocrx_word' id='word_1_411' title='bbox 927 3692 1021 3745; x_wconf 89' lang='lat' dir='ltr'>eadem</span> <span class='ocrx_word' id='word_1_412' title='bbox 1039 3692 1153 3746; x_wconf 92' lang='lat' dir='ltr'>ecclesia</span> <span class='ocrx_word' id='word_1_413' title='bbox 1171 3692 1291 3745; x_wconf 89' lang='lat' dir='ltr'>nutritus</span> 
     </span>
     <span class='ocr_line' id='line_1_37' title="bbox 58 3788 1292 3858; baseline 0.002 -17"><span class='ocrx_word' id='word_1_414' title='bbox 58 3793 144 3855; x_wconf 85' lang='lat' dir='ltr'>atque</span> <span class='ocrx_word' id='word_1_415' title='bbox 156 3788 298 3854; x_wconf 84' lang='lat' dir='ltr'>educatus,</span> <span class='ocrx_word' id='word_1_416' title='bbox 310 3791 359 3857; x_wconf 86' lang='lat' dir='ltr'>qui</span> <span class='ocrx_word' id='word_1_417' title='bbox 382 3791 570 3844; x_wconf 86' lang='lat' dir='ltr'>beatissimum</span> <span class='ocrx_word' id='word_1_418' title='bbox 594 3791 755 3845; x_wconf 83' lang='lat' dir='ltr'>llicbolaum</span> <span class='ocrx_word' id='word_1_419' title='bbox 773 3792 926 3845; x_wconf 91' lang='lat' dir='ltr'>secundum</span> <span class='ocrx_word' id='word_1_420' title='bbox 947 3805 1027 3845; x_wconf 90' lang='lat' dir='ltr'>snum</span> <span class='ocrx_word' id='word_1_421' title='bbox 1048 3805 1129 3858; x_wconf 89' lang='lat' dir='ltr'>posse</span> <span class='ocrx_word' id='word_1_422' title='bbox 1140 3792 1246 3846; x_wconf 89' lang='lat' dir='ltr'>sincera</span> <span class='ocrx_word' id='word_1_423' title='bbox 1264 3796 1292 3846; x_wconf 93' lang='lat' dir='ltr'>et</span> 
     </span>
     <span class='ocr_line' id='line_1_38' title="bbox 58 3886 1291 3958; baseline 0.004 -18"><span class='ocrx_word' id='word_1_424' title='bbox 58 3887 157 3940; x_wconf 90' lang='lat' dir='ltr'>bumili</span> <span class='ocrx_word' id='word_1_425' title='bbox 169 3886 313 3943; x_wconf 81' lang='lat' dir='ltr'>devotione</span> <span class='ocrx_word' id='word_1_426' title='bbox 322 3889 452 3956; x_wconf 79' lang='lat' dir='ltr'>diligebat</span> <span class='ocrx_word' id='word_1_427' title='bbox 464 3894 491 3942; x_wconf 90' lang='lat' dir='ltr'>ct</span> <span class='ocrx_word' id='word_1_428' title='bbox 503 3889 641 3958; x_wconf 78' lang='lat' dir='ltr'>diligendo</span> <span class='ocrx_word' id='word_1_429' title='bbox 654 3891 804 3945; x_wconf 82' lang='lat' dir='ltr'>excolebat.</span> <span class='ocrx_word' id='word_1_430' title='bbox 812 3893 941 3945; x_wconf 89' lang='lat' dir='ltr'>Senserat</span> <span class='ocrx_word' id='word_1_431' title='bbox 949 3891 1024 3944; x_wconf 91' lang='lat' dir='ltr'>enim</span> <span class='ocrx_word' id='word_1_432' title='bbox 1033 3893 1068 3945; x_wconf 86' lang='lat' dir='ltr'>ab</span> <span class='ocrx_word' id='word_1_433' title='bbox 1080 3891 1193 3945; x_wconf 90' lang='lat' dir='ltr'>incunte</span> <span class='ocrx_word' id='word_1_434' title='bbox 1201 3895 1291 3945; x_wconf 87' lang='lat' dir='ltr'>aetate</span> 
     </span>
     <span class='ocr_line' id='line_1_39' title="bbox 58 3984 1290 4056; baseline 0.004 -19"><span class='ocrx_word' id='word_1_435' title='bbox 58 3985 147 4052; x_wconf 86' lang='lat' dir='ltr'>ipsius</span> <span class='ocrx_word' id='word_1_436' title='bbox 158 3987 245 4039; x_wconf 86' lang='lat' dir='ltr'>sancti</span> <span class='ocrx_word' id='word_1_437' title='bbox 258 3987 302 4052; x_wconf 90' lang='lat' dir='ltr'>pia</span> <span class='ocrx_word' id='word_1_438' title='bbox 314 3984 450 4054; x_wconf 78' lang='lat' dir='ltr'>suffragia,</span> <span class='ocrx_word' id='word_1_439' title='bbox 463 3993 490 4040; x_wconf 91' lang='lat' dir='ltr'>et</span> <span class='ocrx_word' id='word_1_440' title='bbox 503 3987 565 4040; x_wconf 93' lang='lat' dir='ltr'>ideo</span> <span class='ocrx_word' id='word_1_441' title='bbox 578 4000 634 4040; x_wconf 92' lang='lat' dir='ltr'>non</span> <span class='ocrx_word' id='word_1_442' title='bbox 653 3993 786 4054; x_wconf 83' lang='lat' dir='ltr'>quantum</span> <span class='ocrx_word' id='word_1_443' title='bbox 808 3988 936 4053; x_wconf 81' lang='lat' dir='ltr'>debebat,</span> <span class='ocrx_word' id='word_1_444' title='bbox 950 4002 1001 4043; x_wconf 90' lang='lat' dir='ltr'>nec</span> <span class='ocrx_word' id='word_1_445' title='bbox 1021 3995 1154 4056; x_wconf 84' lang='lat' dir='ltr'>quantum</span> <span class='ocrx_word' id='word_1_446' title='bbox 1172 3989 1290 4052; x_wconf 82' lang='lat' dir='ltr'>volebat,</span> 
     </span>
     <span class='ocr_line' id='line_1_40' title="bbox 58 4083 1291 4156; baseline 0.003 -19"><span class='ocrx_word' id='word_1_447' title='bbox 58 4083 108 4137; x_wconf 90' lang='lat' dir='ltr'>sed</span> <span class='ocrx_word' id='word_1_448' title='bbox 121 4090 151 4137; x_wconf 91' lang='lat' dir='ltr'>ut</span> <span class='ocrx_word' id='word_1_449' title='bbox 161 4090 278 4151; x_wconf 88' lang='lat' dir='ltr'>poterat,</span> <span class='ocrx_word' id='word_1_450' title='bbox 292 4086 455 4138; x_wconf 85' lang='lat' dir='ltr'>honorabat.</span> <span class='ocrx_word' id='word_1_451' title='bbox 467 4087 535 4153; x_wconf 78' lang='lat' dir='ltr'>Ergo</span> <span class='ocrx_word' id='word_1_452' title='bbox 549 4099 632 4153; x_wconf 86' lang='lat' dir='ltr'>quem</span> <span class='ocrx_word' id='word_1_453' title='bbox 655 4087 811 4153; x_wconf 83' lang='lat' dir='ltr'>hujusmodi</span> <span class='ocrx_word' id='word_1_454' title='bbox 834 4087 1005 4153; x_wconf 90' lang='lat' dir='ltr'>praeclarum</span> <span class='ocrx_word' id='word_1_455' title='bbox 1019 4085 1175 4156; x_wconf 79' lang='lat' dir='ltr'>suffragium</span> <span class='ocrx_word' id='word_1_456' title='bbox 1189 4100 1291 4141; x_wconf 90' lang='lat' dir='ltr'>memo-</span> 
     </span>
    </p>

    <p class='ocr_par' dir='ltr' id='par_1_12' title="bbox 10 4184 1292 4456">
     <span class='ocr_line' id='line_1_41' title="bbox 10 4184 1292 4258; baseline 0.001 -19"><span class='ocrx_word' id='word_1_457' title='bbox 10 4187 40 4239; x_wconf 80' lang='lat' dir='ltr'>io</span> <span class='ocrx_word' id='word_1_458' title='bbox 57 4190 146 4237; x_wconf 87' lang='lat' dir='ltr'>rator.</span> <span class='ocrx_word' id='word_1_459' title='bbox 160 4184 281 4248; x_wconf 80' lang='lat' dir='ltr'>Quodam</span> <span class='ocrx_word' id='word_1_460' title='bbox 295 4185 376 4252; x_wconf 85' lang='lat' dir='ltr'>igitur</span> <span class='ocrx_word' id='word_1_461' title='bbox 389 4190 512 4250; x_wconf 87' lang='lat' dir='ltr'>tempore</span> <span class='ocrx_word' id='word_1_462' title='bbox 526 4185 599 4239; x_wconf 92' lang='lat' dir='ltr'>idom</span> <span class='ocrx_word' id='word_1_463' title='bbox 612 4186 696 4239; x_wconf 84' lang='lat' dir='ltr'>frater</span> <span class='ocrx_word' id='word_1_464' title='bbox 716 4199 810 4239; x_wconf 79' lang='lat' dir='ltr'>resera</span> <span class='ocrx_word' id='word_1_465' title='bbox 834 4192 944 4252; x_wconf 89' lang='lat' dir='ltr'>propter</span> <span class='ocrx_word' id='word_1_466' title='bbox 965 4193 1075 4253; x_wconf 86' lang='lat' dir='ltr'>peccata</span> <span class='ocrx_word' id='word_1_467' title='bbox 1096 4199 1144 4240; x_wconf 89' lang='lat' dir='ltr'>sua</span> <span class='ocrx_word' id='word_1_468' title='bbox 1162 4200 1292 4258; x_wconf 83' lang='lat' dir='ltr'>magnum</span> 
     </span>
     <span class='ocr_line' id='line_1_42' title="bbox 55 4282 1289 4354; baseline 0.002 -17"><span class='ocrx_word' id='word_1_469' title='bbox 55 4282 198 4351; x_wconf 87' lang='lat' dir='ltr'>quoddam</span> <span class='ocrx_word' id='word_1_470' title='bbox 211 4285 408 4337; x_wconf 81' lang='lat' dir='ltr'>inconveniens</span> <span class='ocrx_word' id='word_1_471' title='bbox 421 4286 550 4338; x_wconf 89' lang='lat' dir='ltr'>sustinuit</span> <span class='ocrx_word' id='word_1_472' title='bbox 561 4298 576 4339; x_wconf 92' lang='lat' dir='ltr'>a</span> <span class='ocrx_word' id='word_1_473' title='bbox 589 4286 762 4352; x_wconf 82' lang='lat' dir='ltr'>quibusdam.</span> <span class='ocrx_word' id='word_1_474' title='bbox 777 4285 852 4348; x_wconf 80' lang='lat' dir='ltr'>Quod</span> <span class='ocrx_word' id='word_1_475' title='bbox 866 4287 902 4339; x_wconf 86' lang='lat' dir='ltr'>ita</span> <span class='ocrx_word' id='word_1_476' title='bbox 920 4287 1037 4354; x_wconf 80' lang='lat' dir='ltr'>graviter</span> <span class='ocrx_word' id='word_1_477' title='bbox 1057 4287 1171 4352; x_wconf 86' lang='lat' dir='ltr'>aceepit,</span> <span class='ocrx_word' id='word_1_478' title='bbox 1188 4291 1218 4339; x_wconf 91' lang='lat' dir='ltr'>ut</span> <span class='ocrx_word' id='word_1_479' title='bbox 1233 4299 1289 4340; x_wconf 92' lang='lat' dir='ltr'>non</span> 
     </span>
     <span class='ocr_line' id='line_1_43' title="bbox 53 4383 1284 4456; baseline 0 -17"><span class='ocrx_word' id='word_1_480' title='bbox 53 4383 147 4439; x_wconf 91' lang='lat' dir='ltr'>solum</span> <span class='ocrx_word' id='word_1_481' title='bbox 158 4385 267 4440; x_wconf 82' lang='lat' dir='ltr'>animae</span> <span class='ocrx_word' id='word_1_482' title='bbox 279 4398 373 4438; x_wconf 88' lang='lat' dir='ltr'>verum</span> <span class='ocrx_word' id='word_1_483' title='bbox 385 4386 492 4454; x_wconf 87' lang='lat' dir='ltr'>corpori</span> <span class='ocrx_word' id='word_1_484' title='bbox 515 4385 573 4454; x_wconf 88' lang='lat' dir='ltr'>ejus</span> <span class='ocrx_word' id='word_1_485' title='bbox 595 4391 707 4443; x_wconf 91' lang='lat' dir='ltr'>noceret</span> <span class='ocrx_word' id='word_1_486' title='bbox 729 4385 853 4439; x_wconf 86' lang='lat' dir='ltr'>nimium.</span> <span class='ocrx_word' id='word_1_487' title='bbox 873 4387 996 4456; x_wconf 81' lang='lat' dir='ltr'>bumquc</span> <span class='ocrx_word' id='word_1_488' title='bbox 1009 4385 1056 4440; x_wconf 89' lang='lat' dir='ltr'>diu</span> <span class='ocrx_word' id='word_1_489' title='bbox 1068 4386 1097 4439; x_wconf 92' lang='lat' dir='ltr'>in</span> <span class='ocrx_word' id='word_1_490' title='bbox 1111 4387 1160 4439; x_wconf 88' lang='lat' dir='ltr'>bae</span> <span class='ocrx_word' id='word_1_491' title='bbox 1172 4385 1284 4441; x_wconf 91' lang='lat' dir='ltr'>tribula·</span> 
     </span>
    </p>
   </div>
   <div class='ocr_carea' id='block_1_3' title="bbox 0 0 1662 5482">
    <p class='ocr_par' dir='ltr' id='par_1_13' title="bbox 0 0 1662 5482">
     <span class='ocr_line' id='line_1_44' title="bbox 0 0 1662 5482; baseline 0 0"><span class='ocrx_word' id='word_1_492' title='bbox 0 0 1662 5482; x_wconf 95' lang='lat' dir='ltr'> </span> 
     </span>
    </p>
   </div>
  </div>
 </body>
</html>
