3278 5482
248 339 339 389 arnt.
359 338 442 387 nna.
462 338 578 387 annia.
597 357 643 367 -
659 338 812 387 nerano.
833 339 880 388 an
896 338 974 388 cou.
994 338 1084 388 iocre.
1228 325 1291 391 621

62 510 115 563 diis
128 523 187 563 non
199 511 294 577 paucis
307 508 549 575 proprietatisjure
569 507 766 574 possidebant:
781 514 854 561 tanta
875 509 950 563 enim
964 511 1101 576 potentiae
1121 511 1146 565 vi
1167 516 1194 564 et
1211 525 1295 577 opum

62 609 175 662 cumulo
188 608 397 675 praeminebant
412 607 487 674 quod
508 608 536 660 in
556 615 637 675 gente
650 620 698 661 sua
712 609 801 676 magni
814 609 933 662 nominis
947 609 1055 662 titulum
1069 610 1216 664 trabebant.
1230 611 1295 675 Qui·

62 707 114 760 bus
124 721 175 774 pro
188 713 350 775 argumento
359 706 455 760 latriae
466 713 493 759 et
505 707 659 759 constantia
672 705 765 760 firmae
775 705 839 761 fidei
849 706 1061 762 adscribendum
1072 715 1112 761 est
1124 709 1197 776 quod
1208 710 1297 762 omni·

61 813 204 875 potentem
216 810 311 872 lieum,
324 808 427 860 trinum
440 809 525 859 bcum
538 812 565 859 ct
576 820 673 873 unum,
687 806 761 860 fideli
775 808 946 861 invocatione
960 814 987 861 et
999 809 1096 862 devoto
1109 810 1184 862 cultu
1196 809 1295 863 adora·

31 909 47 960 5
63 908 130 961 bant
142 920 150 959 ε
165 907 282 960 maxime
295 920 327 960 eo
348 913 538 972 temporeque
560 905 650 959 adbuc
668 907 829 960 execrabilis
849 908 986 975 gentilitas
999 908 1083 976 viguit
1096 914 1123 961 et
1135 908 1297 962 innumerus

62 1006 166 1060 Galliae
172 1006 389 1073 Germaniaeque
400 1006 517 1072 populus
527 1006 650 1058 fanaticis
660 1005 868 1060 simulacrorum
879 1007 1153 1074 superstitionibuset
1163 1008 1296 1074 palaestra

62 1107 189 1161 theatrali
201 1111 359 1173 occupatus,
372 1113 514 1160 creaturae
526 1105 674 1159 deservivit
685 1106 793 1160 deserto
806 1112 940 1160 creatore.

95 1204 206 1259 Lectio
217 1207 270 1258 11⁸.
281 1205 394 1258 Praefati
404 1217 469 1259 vero
482 1204 548 1257 dum
560 1206 668 1273 generis
681 1205 723 1258 sui
737 1205 837 1266 lineam
851 1218 1001 1273 propagare
1013 1210 1152 1273 curarent,
1166 1220 1296 1274 processu

62 1307 195 1373 temporis
206 1307 295 1360 bonae
306 1305 407 1359 indolis
420 1311 476 1359 tres
485 1304 555 1358 filias
568 1305 752 1372 generabant3
764 1305 792 1357 in
804 1319 922 1372 <tuarum
936 1320 991 1359 una
1005 1306 1136 1374 blihildis,
1146 1308 1232 1361 altera
1242 1307 1296 1359 llil·

14 1407 46 1458 to
62 1405 201 1472 (legardis,
212 1406 290 1458 tertia
303 1405 452 1458 liembildis
464 1405 588 1457 nuntiata
601 1410 651 1458 est,
663 1407 717 1458 ilae
729 1418 745 1457 a
758 1405 896 1470 primaevo
908 1406 1004 1458 aetatis
1016 1419 1081 1459 suae
1094 1411 1294 1472 temporetam

61 1504 153 1558 adbuc
166 1504 284 1572 pueriles
297 1504 396 1567 forent,
409 1505 562 1557 sanctitatis
574 1504 697 1557 claruere
708 1504 864 1569 virtutibus,
879 1508 908 1557 ut
920 1517 1035 1570 corpora
1048 1518 1096 1558 sua
1109 1505 1295 1558 babitaculum

61 1603 181 1670 Spiritus
197 1602 282 1656 sancti
297 1609 501 1669 praepararent,
515 1611 541 1657 et
562 1603 695 1657 caelibem
707 1605 788 1657 vitam
802 1604 944 1672 clegerunt
965 1602 1076 1669 ducere,
1089 1617 1143 1671 qua
1156 1618 1204 1670 per
1216 1604 1294 1657 casti-

61 1702 184 1755 moniam
193 1702 299 1755 cbristo
308 1713 358 1754 suo
368 1713 470 1766 sponso
480 1701 691 1767 complacerent,
705 1702 866 1768 virginitatis
877 1702 982 1767 pudore
991 1700 1137 1756 custodito.
1145 1703 1229 1768 cujus
1238 1703 1293 1756 voti

60 1798 134 1853 duae
146 1812 202 1853 non
215 1799 368 1865 frustratae,
383 1799 430 1852 bei
443 1800 527 1867 gratia
540 1800 594 1851 illis
605 1804 779 1866 cooperante,
793 1800 828 1852 ita
842 1801 993 1866 praesentis
1013 1800 1113 1853 saeculi
1136 1805 1295 1854 meruerunt

10 1901 44 1953 15
60 1899 181 1952 transire
190 1898 333 1952 illecebras
344 1903 374 1950 ut
386 1899 575 1952 immaculatae
587 1899 701 1951 feliciter
711 1900 794 1952 vitam
806 1898 948 1964 finientes,
957 1900 1065 1953 centeni
1077 1900 1181 1952 fructus
1192 1911 1293 1953 merce

59 1999 125 2052 dem
137 2011 230 2052 secum
243 1999 426 2064 deportarent.
441 2001 521 2052 licata
542 2011 606 2051 vero
618 1998 750 2065 uilbiidis,
761 1998 826 2052 dum
845 1999 934 2052 adbuc
956 1998 1139 2052 teneritudine
1160 1998 1293 2052 infantilis

58 2097 159 2151 aetatis
170 2098 298 2163 depressa
309 2098 338 2150 in
358 2098 438 2151 cunis
457 2097 637 2163 bajularetur,
650 2098 683 2150 ad
704 2099 802 2150 urbem
815 2111 886 2164 quae
909 2097 1185 2164 vocaturlierbipolis
1205 2103 1292 2150 trans·

58 2202 138 2250 vecta
150 2197 270 2262 est3ubi
291 2210 325 2250 ex
343 2197 487 2263 repentino
505 2197 618 2250 incursu
637 2197 869 2262 llunnorum,‹1ui
890 2197 1000 2263 copioso
1018 2197 1141 2250 exercitu
1154 2209 1292 2263 manuque

58 2295 151 2349 valida
172 2296 310 2361 regionem
331 2296 405 2349 illam
428 2296 597 2361 invaserunt,
612 2296 710 2349 morari
733 2295 768 2347 ad
788 2300 895 2361 tempus
916 2299 1009 2349 coacta
1029 2301 1079 2349 cst.
1093 2296 1291 2349 catechumena

10 2394 42 2447 ab
59 2393 144 2446 ctiam
157 2392 258 2446 ibidem
271 2393 351 2459 facta,
361 2406 416 2459 qua
428 2394 622 2460 praepediente
634 2405 715 2446 causa
728 2393 878 2460 ignoratur,
888 2394 1016 2460 baptismi
1038 2393 1143 2447 donum
1156 2406 1211 2447 non
1224 2394 1290 2446 atti-

12 2502 16 2512 ·
57 2493 106 2560 git.
120 2494 184 2545 Post
196 2494 325 2559 temporis
338 2505 437 2559 nempe
450 2492 632 2557 intervallum,
646 2506 701 2557 quo
714 2493 832 2546 bostium
845 2493 990 2546 multitudo
1004 2493 1104 2546 abhinc
1115 2492 1289 2559 discesserat,

58 2590 167 2644 cunctis
178 2591 213 2643 ad
225 2604 321 2658 pacem
336 2592 500 2656 reformatis,
508 2591 542 2645 ad
555 2592 657 2658 proprii
670 2591 801 2645 domicilii
814 2592 983 2646 mansionem
997 2591 1145 2646 reducitur.
1159 2594 1291 2645 crescens

57 2701 123 2757 ergo
136 2690 236 2755 puella,
250 2691 315 2742 dum
337 2691 457 2758 pueriles
469 2691 599 2744 infantiae
619 2692 794 2759 transegisset
813 2705 901 2745 annos
918 2698 944 2745 et
954 2693 1008 2759 jam
1028 2692 1057 2744 in
1069 2690 1290 2759 grandiusculam

29 2816 33 2823 ·
56 2787 189 2855 perducta
202 2790 281 2857 foret,
294 2789 358 2843 licet
370 2790 548 2856 regenerandi
562 2792 647 2858 gratia
660 2805 689 2845 se
700 2791 819 2845 caruisse
829 2791 975 2856 ignoraret,
984 2804 1083 2857 purum
1093 2795 1184 2843 tamen
1197 2789 1225 2842 in
1237 2802 1288 2844 suo

10 2887 40 2940 att
56 2893 168 2955 pectore
181 2887 349 2941 domicilium
369 2890 474 2942 christo
493 2902 589 2955 parare
608 2889 743 2943 studebat.
758 2891 825 2942 ilinc
845 2902 963 2954 namque
982 2902 1064 2956 prava
1085 2889 1228 2942 excutiens
1246 2901 1289 2942 co·

57 2986 215 3054 gitamenta,
228 3000 322 3040 sacrae
334 2987 513 3041 institutionis
525 2989 659 3041 aestuanti
672 2989 753 3042 corde
766 2988 868 3053 potavit
880 2987 992 3041 fluenta.

90 3084 201 3138 Lectio
212 3087 282 3139 111⁸,
295 3089 440 3141 demorata
453 3088 573 3155 denique
585 3087 686 3154 puella,
700 3088 846 3141 multarum
864 3088 993 3140 virtutum
1007 3087 1132 3154 insigniis
1144 3087 1287 3148 adornata,

57 3197 240 3250 sororumque
254 3198 366 3240 suarum
380 3188 408 3239 in
421 3188 550 3241 omnibus
562 3186 766 3254 adaequabatur
780 3188 901 3253 meritis3
916 3190 1024 3253 praeter
1035 3187 1108 3254 quod
1118 3191 1220 3253 postea,
1232 3198 1288 3239 non

56 3289 150 3338 mmen
162 3291 260 3351 sponte
283 3287 331 3339 sed
353 3292 495 3353 parentum
517 3287 709 3353 obtemperans
727 3287 869 3353 voluntati,
884 3286 998 3340 maritali
1017 3290 1077 3339 toro
1094 3286 1219 3352 copulata
1237 3288 1286 3339 est.

10 3385 39 3437 ld
55 3386 118 3437 Erat
131 3396 251 3451 namque
263 3386 292 3438 in
309 3386 433 3451 ejusdem
451 3386 571 3454 regionis
588 3386 707 3440 confinio
725 3386 782 3439 dux
800 3386 911 3452 quidam
925 3386 1045 3454 gentilis,
1060 3386 1171 3439 nomine
1188 3387 1287 3451 fletam

56 3483 142 3535 mirac
156 3482 307 3536 industriae
320 3485 371 3548 vir,
386 3484 490 3537 bellicis
503 3485 659 3551 praeclarus
671 3485 758 3551 factis,
772 3497 854 3551 opum
868 3488 895 3537 et
912 3498 1002 3537 rerum
1015 3482 1207 3550 temporalium
1224 3496 1287 3550 pos-

56 3594 149 3635 sessor
160 3583 296 3648 copiosus.
308 3582 355 3636 llic
368 3583 439 3636 fama
451 3583 607 3652 divulgante
620 3585 782 3653 elegantiam
795 3585 931 3650 praefatae
942 3585 1106 3651 percipiens,
1117 3596 1219 3638 moram
1231 3596 1287 3637 non

55 3682 137 3735 traxit
148 3683 236 3735 donec
248 3681 308 3737 visu
321 3685 511 3750 comprobaret
525 3697 595 3751 quae
613 3685 707 3738 auditu
719 3684 861 3738 didicerat,
875 3685 1006 3750 bisposito
1023 3697 1088 3752 ergo
1101 3684 1239 3752 comitatu,
1252 3684 1286 3737 ad

56 3781 170 3834 domum
182 3782 272 3834 iberii
294 3782 345 3836 iter
362 3782 607 3851 arripuit‚f1ngens
627 3796 656 3836 se
677 3797 740 3837 eum
759 3783 807 3837 illo
825 3785 932 3852 negotia
952 3786 1140 3836 tractaturum.
1154 3783 1203 3836 Ubi
1220 3781 1285 3835 dum

10 3880 38 3931 lb
53 3879 225 3946 conspiceret
238 3881 344 3933 beatam
366 3882 508 3935 Bilbildem
528 3882 604 3934 vultu
624 3882 788 3950 elegantem,
801 3883 923 3935 moribus
943 3894 1062 3949 gravem,
1078 3881 1171 3934 babitu
1194 3880 1285 3934 mode·

54 3982 135 4043 stam,
149 3979 348 4044 primointuitu
369 3994 461 4035 amore
478 3983 538 4048 ejus
559 3982 689 4043 irretitus,
702 3988 857 4036 consortem
877 3983 929 4036 tori
951 3981 993 4034 sui
1016 3994 1077 4034 eam
1098 3980 1156 4033 fieri
1174 3980 1283 4046 optavit.

55 4078 131 4142 Quod
144 4077 210 4131 dum
222 4079 270 4132 diu
282 4080 372 4132 celare
394 4094 449 4134 non
461 4087 561 4148 posset,
575 4084 707 4135 aestuanti
727 4089 835 4149 pectore
851 4088 954 4148 patrem
969 4080 1077 4148 puellae
1090 4080 1282 4146 interpellavit,

54 4180 209 4247 pollicitans
222 4182 299 4247 plura
312 4182 384 4236 dona
396 4182 506 4247 dotalia,
519 4183 649 4248 quatinus
666 4197 726 4238 eam
738 4185 819 4237 vellet
837 4184 888 4237 sibi
908 4181 1100 4236 matrimoniali
1114 4180 1224 4235 foedere
1243 4194 1285 4235 co·

10 4272 12 4281 '
55 4278 160 4344 puiare.
174 4279 221 4332 Cui
235 4281 359 4348 quamvis
373 4287 449 4348 pater
459 4282 542 4336 invite
553 4284 730 4349 consentiret,
741 4288 851 4349 propter
863 4283 1003 4350 religionis
1015 4294 1097 4348 quam
1109 4280 1224 4334 babebat
1233 4280 1286 4332 dis-

11 4373 39 4425 ld
53 4360 149 4442 parem
161 4379 275 4446 cultum,
289 4383 457 4434 lamentanti
471 4383 520 4434 viri
535 4396 591 4435 non
605 4383 710 4435 audeus
722 4383 803 4434 reniti
817 4382 897 4446 votis,
911 4380 977 4449 quid
991 4382 1095 4434 faceret
1105 4379 1206 4433 dubius
1223 4378 1284 4432 fuit.

53 4477 179 4542 speravit
190 4479 273 4531 etiam
286 4480 357 4545 quod
375 4479 428 4533 iilia
441 4495 491 4534 sua
503 4482 631 4550 gratiosa,
644 4493 724 4535 verae
736 4479 800 4534 fidei
813 4481 916 4533 imbuta
937 4479 1099 4545 disciplinis,
1113 4477 1284 4547 praedictum

52 4574 241 4643 agentilitatis
254 4589 320 4630 suae
341 4591 433 4632 errore
452 4586 543 4646 posset
563 4579 711 4644 declinare,
725 4580 802 4632 etsic
822 4590 872 4632 suo
896 4578 1022 4645 exemplo
1044 4578 1135 4645 plures
1155 4576 1190 4630 ad
1208 4575 1283 4630 cbri-

51 4679 126 4726 stum
139 4671 316 4729 ducerentur.
