3316 5482
438 372 531 422 urst..
550 371 635 422 ultr.
655 342 769 421 etms.
791 389 833 400 —
850 371 1003 421 nerano.
1022 372 1070 421 uu
1086 369 1164 420 coo.
1184 365 1260 420 sset.
1400 350 1467 416 507

230 541 408 612 apostolica
419 543 502 595 sunt.
515 541 587 594 Jarn
598 539 628 592 si
640 539 730 593 uniat
749 541 814 592 tone
824 539 973 606 arduum,
986 540 1029 592 acl
1050 538 1160 592 lndnnc
1171 538 1305 602 scander
1317 537 1347 591 si
1358 535 1466 603 displi-

231 646 289 709 cet,
303 642 384 697 cede.
399 635 482 709 lgit'ur
494 653 556 693 cum
568 638 603 692 ad
616 640 683 691 haec
700 637 875 705 experienda,
889 639 996 692 bomini
1009 637 1112 692 confisa
1126 637 1288 701 sufflamine,
1302 635 1467 690 Thenestina

232 749 356 810 paratam
368 756 398 796 se
412 741 594 808 profiteretur,
608 745 691 807 atque
703 738 804 793 debinc
816 739 911 792 diatim
928 753 1004 793 sacra
1025 740 1134 793 collatio
1152 739 1282 792 ventilata
1300 737 1334 792 ad
1349 737 1466 791 inuicem

232 843 344 897 abunde
356 848 399 896 sat
410 842 566 909 agitaretur,
581 841 716 893 humanae
728 838 822 892 salutis
835 839 919 892 hostis
931 839 1096 904 teterrimus,
1109 851 1171 891 cum
1182 850 1197 890 a
1210 837 1334 891 cordium
1345 837 1465 890 aditibus

196 947 331 997 beorum
352 948 477 996 cerneret
497 941 609 1014 exulare
629 953 689 993 sese
711 940 829 1006 penitus,
844 939 948 992 facibus
967 939 1084 991 invidiae
1106 950 1247 1003 accensus,
1266 941 1409 989 veternosa
1429 934 1464 988 ad

235 1041 377 1096 molimina
389 1046 549 1106 retorquens
560 1051 645 1106 opaca
659 1038 721 1104 tela,
732 1038 835 1091 bellum
849 1037 994 1090 immittere
1008 1037 1117 1090 festinat
1128 1037 1224 1089 saltem
1236 1035 1398 1099 forinsecus,
1410 1045 1465 1101 quo

234 1147 329 1195 saneta
342 1141 459 1194 societas
471 1140 578 1205 altaque
591 1138 689 1190 caritas
707 1142 859 1203 tepesceret
877 1137 906 1189 in
919 1135 1018 1188 Christi
1040 1135 1227 1188 bellatoribus,
1240 1133 1377 1187 Maledicis
1389 1146 1462 1186 nam·

234 1255 290 1309 que
301 1254 333 1294 ac
346 1239 458 1306 perditis
470 1251 532 1292 mox
545 1237 716 1305 suggerendo
730 1237 844 1305 ingessit
855 1236 1022 1301 hominibus,
1036 1235 1183 1288 admodum
1197 1233 1327 1302 refragari
1340 1233 1464 1301 religioni

235 1343 368 1409 puberem
381 1340 509 1407 puellam,
522 1344 614 1405 spreto
626 1339 745 1406 confugii
763 1337 836 1404 dote,
849 1339 924 1392 omni
943 1339 1074 1405 obsequio
1092 1339 1183 1406 ignoto
1202 1337 1339 1391 clericello
1358 1349 1464 1404 parere,

187 1443 216 1495 lu
233 1440 396 1507 praesertim
417 1451 479 1491 cnm
500 1438 608 1490 divinae
628 1437 794 1504 imperarent
813 1438 902 1491 lineae
923 1436 1153 1490 adolescentiores
1174 1436 1289 1501 nubere,
1312 1435 1381 1488 lilios
1405 1448 1465 1501 pro

236 1552 342 1606 creare,
356 1543 456 1592 matres
476 1537 613 1602 fa[mi]lias
634 1550 702 1590 esse.
717 1539 749 1589 ht
767 1537 816 1590 ubi
834 1536 916 1602 hujus
936 1536 1062 1603 relotypii
1083 1535 1173 1588 scelus
1190 1541 1323 1588 asecreto
1336 1533 1466 1601 paulatim

236 1638 398 1692 dictantium
417 1636 445 1689 in
466 1636 576 1703 publico
596 1637 694 1703 raptim
716 1634 857 1701 prosiliuit,
875 1635 982 1688 videres
1003 1633 1116 1700 inertes,
1130 1633 1299 1700 falsiloquos,
1313 1632 1465 1698 decolores,

236 1738 366 1793 dentibus
378 1723 488 1798 strictis,
501 1718 682 1788 frementibus
695 1736 773 1789 labiis
786 1747 851 1802 prae
865 1735 1010 1788 immaturo
1022 1735 1125 1800 furore,
1138 1734 1190 1786 bac
1201 1734 1319 1801 illacque
1332 1746 1465 1801 nugarum

236 1839 443 1906 phaleramenta
460 1838 625 1905 dispergere,
644 1838 788 1904 virumque
808 1837 917 1889 beatum
938 1837 1005 1888 tanti
1027 1836 1154 1889 facinoris
1175 1839 1313 1889 auctorem
1334 1834 1465 1888 cauillari.

187 1941 218 1993 ts
235 1941 292 1992 Nec
303 1938 354 1991 hoc
367 1935 555 1990 tantummodo
577 1949 643 1989 suae
665 1935 782 1988 malitiae
795 1932 958 2000 suffecerat3
974 1935 1040 2001 quin
1062 1934 1151 2000 potius
1171 1935 1312 1999 Seuerum,
1332 1933 1467 1999 praefatae

235 2038 349 2106 virginis
360 2050 501 2103 sponsum,
515 2036 550 2088 ita
564 2035 665 2102 quippe
683 2035 839 2100 uocabatur,
852 2034 965 2100 adeunt,
979 2040 1110 2101 tantoque
1123 2046 1224 2102 angore
1243 2034 1406 2100 percellunt,
1419 2033 1466 2087 ad·

236 2138 335 2191 dentes
346 2136 421 2204 quod
441 2136 493 2189 nisi
515 2136 557 2188 bis
576 2136 805 2188 machinamentis
825 2136 957 2202 sagaciter
977 2135 1088 2187 obviare
1110 2140 1269 2199 maturaret,
1283 2147 1377 2188 amore
1389 2147 1466 2200 pero·

236 2242 329 2304 ptatae
344 2236 438 2291 uxoris
458 2236 605 2302 cunctique
623 2236 779 2301 patrimonii
799 2235 828 2286 in
850 2234 925 2288 brevi
946 2239 1061 2287 careret.
1076 2236 1175 2287 florum
1195 2247 1259 2302 ergo
1274 2233 1466 2303 delationibus,

237 2341 332 2402 utpote
344 2341 417 2388 totus
429 2334 542 2388 libidine
554 2334 681 2402 flagrans,
696 2334 811 2386 nimium
823 2333 974 2397 lacessitus,
988 2333 1148 2399 primatibus
1160 2338 1241 2400 atque
1259 2333 1385 2399 palatinis
1403 2346 1465 2400 pro·

187 2437 219 2489 lo
237 2435 301 2503 prii,
313 2440 343 2488 ut
363 2434 500 2500 credebat,
513 2435 657 2487 infortunii
669 2439 797 2488 euentum
818 2434 942 2498 intentat,
955 2433 1077 2499 quidque
1096 2432 1147 2486 sibi
1168 2433 1319 2486 consultius
1330 2432 1466 2500 agendum

240 2535 275 2587 sit
287 2537 317 2587 ut
327 2534 477 2587 decernant
495 2538 598 2587 remota
611 2546 686 2586 mora
698 2532 894 2586 debacchando
907 2532 1045 2601 efflagitat.
1058 2535 1126 2585 Turn
1148 2532 1284 2600 siquidem
1297 2537 1365 2586 nutu
1383 2533 1463 2586 nobi·

239 2633 307 2685 lium
318 2646 373 2686 una
385 2645 448 2686 cum
460 2645 492 2686 eo
506 2632 551 2685 illo
564 2634 654 2700 regius
667 2632 745 2685 miles
759 2630 894 2699 dirigitur,
908 2644 962 2697 quo
980 2630 1087 2684 facilius
1100 2643 1135 2683 an
1148 2630 1302 2698 hujusmodi
1322 2631 1413 2698 fuerit,
1425 2632 1465 2684 uti

237 2732 384 2785 infelicitas
403 2745 434 2785 ea
455 2733 590 2799 divulgata
611 2739 661 2799 est,
675 2731 824 2799 detegatur.
837 2731 924 2784 citato
941 2743 1051 2797 quoque
1073 2731 1171 2784 itinere
1192 2731 1238 2783 ubi
1252 2729 1286 2784 ad
1302 2732 1390 2784 vicum
1412 2744 1466 2798 quo

236 2834 300 2885 lesu
313 2831 411 2884 Christi
424 2845 557 2900 pauperes
569 2830 741 2884 excubabant
752 2834 864 2884 rentum
878 2835 927 2894 est,
942 2842 973 2881 ac
994 2831 1016 2881 si
1034 2829 1156 2882 furciferi
1176 2830 1332 2896 trahuntur,
1346 2830 1465 2884 debone-

187 2934 219 2986 ὥ
237 2936 356 2994 stantur,
369 2930 480 2985 tandem
502 2930 563 2983 fidis
584 2931 713 2999 assignati
725 2929 893 2996 custodibus,
908 2930 1040 2996 principis
1060 2930 1194 2997 adusque
1210 2930 1375 2983 Childeberti
1387 2943 1467 2997 prac-

235 3032 353 3085 sentiam
365 3032 554 3085 inreverenter
570 3031 757 3098 impelluntur,
770 3031 817 3098 qui
839 3030 920 3096 paulo
933 3036 995 3083 ante
1013 3042 1047 3083 eo
1060 3030 1087 3082 in
1100 3030 1161 3084 loco
1173 3029 1322 3084 advenerat
1334 3031 1381 3098 qui
1394 3030 1467 3084 Pala·

235 3129 319 3182 tiolus
331 3130 474 3195 vocitatur,
487 3129 572 3182 multo
588 3129 673 3182 milite
685 3128 825 3195 multaque
838 3129 925 3195 plebis
937 3128 1092 3196 frequentia
1104 3129 1281 3195 constipatus.

268 3229 339 3280 vu.
352 3230 459 3281 interea
474 3232 645 3294 praetaxatus
667 3228 787 3280 innubae
807 3227 919 3293 virginis
940 3241 1056 3293 sponsus
1076 3231 1200 3291 severus,
1214 3229 1330 3295 querulo
1343 3243 1391 3283 ore
1403 3232 1466 3284 furi-

233 3326 328 3381 bunda
342 3326 463 3380 convicia
476 3328 504 3379 in
522 3327 631 3379 aethera
649 3339 789 3394 spargens,
803 3326 944 3392 irrumpit;
958 3327 1035 3392 cujus
1052 3326 1087 3379 ad
1106 3326 1239 3380 clamores
1256 3335 1372 3396 utraque
1385 3331 1465 3384 citius

187 3431 214 3482 lu
232 3427 324 3480 omnis
344 3426 457 3480 confluit
476 3433 559 3491 aetas,
573 3425 651 3479 avida
672 3427 781 3479 haurire
793 3426 879 3480 oculis
891 3440 946 3493 quo
965 3427 1075 3481 foedere
1090 3428 1123 3480 lis
1136 3429 1260 3496 instigata
1278 3428 1464 3485 dirimeretur.

234 3529 303 3579 Tum
325 3531 493 3592 spectatores
513 3525 559 3578 isti
580 3527 641 3587 ista,
656 3526 694 3578 illi
716 3526 762 3579 illa
784 3526 880 3579 fnvola
898 3525 1043 3592 jacientes,
1066 3527 1174 3596 gregale
1193 3542 1317 3582 murmur
1337 3527 1403 3582 dum
1425 3529 1464 3583 fa·

234 3625 311 3678 ciunt
324 3625 404 3692 tvos,
420 3625 509 3691 inquit
521 3626 646 3688 seuerus,
659 3638 676 3678 ο
689 3625 807 3691 regalis
828 3625 1119 3693 claritatisjndices
1140 3627 1264 3694 egregii,
1279 3627 1466 3694 omnipoten

234 3724 275 3777 tis
299 3723 355 3777 Dei
372 3723 520 3791 saturum
539 3736 673 3777 emernen
693 3724 775 3778 vobis
793 3737 949 3791 opponens
969 3726 1101 3791 appello.
1123 3726 1193 3780 Non
1208 3728 1362 3794 propriae
1384 3728 1466 3796 insa-

231 3824 317 3877 nciae
327 3826 442 3892 notarit,
455 3836 564 3876 oerum
575 3825 736 3878 comnenae
747 3825 919 3878 discrimen
931 3827 1031 3878 menie
1037 3827 1242 3893 perpendite·
1255 3829 1284 3880 el
1296 3829 1464 3897 nejngalis

187 3928 214 3979 ts
232 3920 372 3976 amorab
385 3921 502 3989 hisque·
520 3923 694 3977 sacerdotio
714 3924 903 3989 specietenus
920 3923 1113 3991 palliantur,
1127 3926 1212 3979 ande
1232 3927 1388 3992 legitimae
1393 3941 1465 3995 pro

225 4035 362 4091 negasse
372 4023 546 4076 credantur
557 4022 680 4089 soboles,
693 4020 846 4090 furentur
852 4023 1015 4090 nutriendo
1027 4026 1212 4079 concludite.
1226 4027 1258 4077 ht
1274 4034 1389 4094 uterque
1400 4032 1463 4082 lesu

231 4122 330 4176 Christi
351 4122 438 4180 miles.
452 4122 597 4175 uerborum
619 4122 768 4175 missilibus
787 4130 869 4190 atque
891 4123 1004 4192 flagellis
1026 4125 1150 4190 opposito
1168 4126 1381 4194 longanimitatis
1404 4142 1462 4181 um·

231 4223 315 4287 bone,
328 4221 361 4274 ad
374 4222 498 4288 requiem
512 4221 604 4273 nitidis
616 4223 625 4239 '
638 4222 833 4286 conscientiae,
846 4237 900 4289 quo
922 4224 1036 4277 verbum
1050 4224 1140 4276 editur
1160 4239 1264 4291 verum,
1279 4234 1459 4294 secesserant,
1522 4237 1532 4256 ·
1568 4235 1574 4247 ·

229 4319 295 4372 facti
307 4332 358 4372 eeu
372 4319 413 4371 uir
432 4332 486 4372 non
508 4318 623 4372 audiens
643 4325 725 4386 atque
738 4321 766 4371 in
779 4333 826 4373 ore
844 4320 1052 4389 redargutiones
1070 4336 1126 4376 non
1146 4324 1258 4390 habens,
1272 4330 1461 4391 exspectantes

187 4425 210 4474 ll
229 4433 294 4472 eum
307 4418 354 4485 qui
368 4419 475 4472 munire
487 4420 561 4472 novit
574 4432 638 4472 suos
651 4432 665 4471 a
679 4420 903 4485 pusillanimitate
916 4423 1028 4488 spiritus
1042 4427 1069 4475 el
1079 4428 1249 4490 tempestate,
1261 4425 1363 4491 quique
1372 4426 1462 4479 erudit

229 4532 279 4571 eos
291 4532 374 4583 super
382 4519 507 4584 iumenta
518 4523 608 4571 terrae
623 4524 649 4571 et
662 4521 772 4584 praebet
784 4520 904 4573 carmina
918 4523 947 4572 in
968 4528 1059 4575 nocte.
1073 4523 1156 4590 Igitur
1174 4523 1348 4590 imperitante
1368 4537 1459 4577 rerum

228 4616 355 4685 domino,
369 4619 506 4686 utrimque
518 4619 645 4685 perplexa
667 4618 849 4674 multitudinis
869 4619 1029 4676 declamatio
1050 4621 1104 4676 alto
1122 4624 1173 4676 sub
1186 4624 1295 4678 silentio
1308 4622 1439 4691 sepelitur
1451 4640 1459 4690 ;
