3316 5482
265 363 358 414 arun.
376 363 460 414 aar.
480 363 598 413 sams.
616 384 663 394 -
680 362 833 414 apruno.
852 362 900 411 xo
917 361 996 411 ooo.
1016 357 1092 408 sare.
1233 342 1292 407 lll

149 535 192 596 De
202 539 294 600 texto
308 538 407 600 beuti
422 537 557 600 Hilarii
578 539 713 600 amisso
733 540 771 598 et
791 552 857 610 per
877 536 995 609 ipsum
1016 533 1236 596 mirabiliter

588 637 769 699 restituto.

125 825 150 879 4.
160 829 261 886 locedat
271 832 301 885 in
314 832 455 899 publicum
476 836 504 885 et
524 831 591 884 illud
612 832 685 884 beati
696 830 790 884 llilarii
804 830 977 895 miraculum,
991 828 1063 881 baud
1074 829 1155 897 longe
1167 842 1182 881 a
1195 829 1296 882 nostris

10 930 15 945 ¹
101 919 174 982 debu
190 930 343 985 custodibus
362 931 494 986 ecclesiae
515 944 581 984 suae
603 930 713 984 lactum.
733 931 864 993 Quicum
885 931 914 982 in
935 929 1033 982 ordine
1051 929 1117 981 vicis
1137 941 1203 981 suae
1224 930 1294 981 terni

10 1023 15 1057 ²
78 1018 186 1083 ittmcm
203 1029 392 1100 neglegentius
403 1033 579 1093 occubarent,
592 1036 697 1085 textum
719 1036 890 1099 argenteum,
900 1028 935 1082 ad
947 1029 1114 1083 cotidianum
1134 1042 1215 1082 usum
1236 1041 1295 1082 ora·

98 1121 177 1182 tionum
186 1143 265 1198 super
281 1131 367 1185 altare
385 1133 514 1197 positum,
528 1133 689 1185 amiserunt.
701 1129 814 1195 Quidam
836 1130 912 1183 enim
924 1130 1000 1195 civis,
1011 1142 1068 1183 non
1089 1129 1233 1183 fraudandi
1246 1129 1295 1183 sed

98 1228 169 1282 orandi
182 1243 260 1284 causa
279 1231 426 1284 ecclesiam
446 1232 594 1299 ingressus,
613 1236 717 1292 textum
738 1229 934 1284 incustoditum
956 1234 984 1281 et
1004 1230 1112 1283 incaute
1133 1228 1297 1284 derelictum

31 1374 34 1379 .
96 1319 153 1387 vidit,
162 1327 314 1383 custodibus
326 1330 454 1383 omnibus
474 1343 538 1383 casu
556 1330 728 1396 absentibus,
742 1334 768 1382 et
781 1329 848 1382 illud
860 1328 931 1382 clam
949 1330 1038 1395 rapuit
1055 1329 1180 1396 clamque
1192 1327 1294 1382 disces-

95 1418 199 1490 ⁸5thtod
211 1431 316 1497 utique,
329 1430 400 1482 sicut
419 1430 476 1496 ipse
497 1434 592 1496 postea
612 1431 755 1483 consessus
776 1435 826 1494 est,
845 1442 901 1482 non
919 1436 950 1481 ut
971 1430 1111 1494 retineret,
1130 1430 1178 1482 sed
1198 1434 1229 1482 ut
1249 1442 1295 1482 cu·

58 1509 82 1561 ¹⁰
92 1519 162 1578 sudes
172 1526 203 1580 de
214 1528 322 1581 incuria
334 1541 383 1581 sua
396 1533 522 1596 argueret
534 1534 562 1581 et
573 1528 745 1582 sollicitiores
756 1527 790 1581 de
802 1533 892 1582 cetero
905 1527 1042 1590 redderet,
1056 1529 1144 1594 primo
1156 1504 1231 1595 tulit3
1245 1525 1295 1581 sed

89 1617 147 1689 tuis,
159 1630 185 1679 ut
194 1627 274 1697 urigo
287 1627 395 1695 dicitur,
409 1629 598 1694 opportunitas
609 1629 745 1682 latronem
758 1628 830 1694 iacit,
850 1628 897 1681 ubi
915 1629 975 1682 sine
993 1628 1105 1680 arbitro·
1118 1641 1147 1681 se
1161 1629 1187 1681 id
1200 1628 1296 1681 tulisse
1321 1625 1331 1645 ‘
1351 1621 1357 1635 ⁶

85 1713 137 1773 dur
147 1739 193 1781 nec
204 1741 220 1780 a
232 1741 263 1781 se
276 1728 390 1795 requiri,
398 1728 520 1781 retinuit.
532 1728 612 1783 anxii
624 1741 689 1782 vero
702 1741 785 1795 snper
797 1729 944 1781 amissione
956 1729 1022 1781 texti
1034 1727 1171 1793 custodes,
1186 1729 1294 1781 cuidam

80 1811 187 1879 adlonae
198 1826 310 1892 clerico,
320 1828 399 1894 juxta
418 1826 576 1894 sepulcrum
593 1827 666 1880 beati
684 1828 777 1880 Hilarii
797 1827 865 1881 sorte
883 1828 1005 1891 invento,
1019 1827 1122 1880 ilxrtum
1140 1827 1190 1879 boc
1211 1827 1298 1892 impo-

76 1920 174 1991 ¹¹0sstes,
186 1926 298 1992 capiunt
309 1926 396 1993 illum,
411 1926 566 1979 distrahunt
579 1933 605 1980 el
617 1927 710 1980 multis
728 1925 816 1980 modis
833 1928 961 1993 puniunt.
974 1927 1023 1992 Qui
1041 1930 1072 1979 ut
1083 1926 1144 1980 illos
1162 1931 1253 1980 tantos
1270 1933 1297 1980 et

34 2001 61 2055 ¹⁵
71 2007 217 2079 immeritos
228 2026 375 2091 cruciatus,
388 2039 458 2093 qnos
469 2026 586 2080 tolerare
599 2040 655 2081 nou
667 2031 783 2093 poterat,
796 2027 831 2080 ad
842 2028 938 2082 boram
955 2027 1092 2093 evaderet,
1106 2040 1135 2079 se
1147 2026 1297 2094 aliqnando

66 2111 237 2177 redditurum
249 2130 352 2179 textum
373 2126 527 2191 pollicetur,
541 2139 715 2192 rursumque,
728 2125 833 2178 laxatus
853 2138 868 2178 a
889 2126 1041 2191 tormentis,
1054 2138 1117 2179 cum
1130 2127 1293 2195 exigeretur,

61 2213 180 2276 ⁸eidem
192 2238 303 2290 prorsus
316 2226 423 2279 nescire
434 2239 496 2279 cum
506 2227 663 2293 juramento
672 2224 861 2292 profitebatur.
872 2228 933 2278 Post
943 2226 1041 2278 multas
1051 2238 1163 2291 poenas,
1174 2226 1295 2291 tandem,

58 2321 119 2366 cum
137 2324 243 2376 textum
255 2337 311 2378 non
324 2322 496 2391 redderetur,
506 2323 611 2391 judicio
626 2325 697 2393 ignis
709 2324 868 2392 purgandus
880 2324 1060 2391 abjudicatur.
1074 2323 1149 2389 Quod
1168 2325 1214 2378 illc
1226 2325 1296 2378 votis

56 2416 194 2474 omnibus
204 2423 366 2490 suscipiens,
379 2423 453 2476 velut
465 2424 594 2477 innoxius
612 2430 639 2477 et
658 2423 693 2477 de
711 2424 758 2477 liei
773 2423 870 2476 ssducia
893 2437 948 2477 non
961 2422 1098 2489 diflidens,
1112 2423 1233 2490 praefixo
1251 2424 1297 2478 die

16 2509 44 2563 ὓ)
56 2508 195 2574 audacter
202 2523 299 2589 judicii
311 2523 374 2576 tulit
393 2536 518 2590 examen,
531 2529 698 2577 contestatus
715 2525 834 2591 primum
852 2538 884 2576 ac
896 2524 1044 2591 plurimum
1057 2524 1220 2590 deprecatus
1232 2526 1296 2578 bea·
1352 2505 1356 2512 ’

59 2615 117 2664 1¹1¹ss
135 2619 280 2688 Hilarium,
293 2622 323 2674 in
334 2624 412 2689 cujus
423 2624 578 2689 praesentia
592 2625 658 2676 baec
670 2622 781 2691 fiebant,
794 2623 914 2676 utillum
927 2623 1057 2690 proderet
1069 2625 1116 2691 qui
1139 2623 1220 2691 hujus
1233 2624 1297 2677 furti

64 2719 128 2764 10¹¹ss
144 2725 226 2774 esset.
240 2722 311 2774 Sane
323 2734 384 2773 cum
398 2721 487 2787 turba,
499 2734 569 2788 quae
581 2723 615 2775 ad
627 2722 813 2789 spectaculum
828 2721 924 2788 judicii
937 2722 1116 2786 conbuxerat,
1133 2723 1214 2777 bomo
1232 2722 1297 2776 furti

69 2818 203 2884 conscius,
213 2820 271 2886 lam
283 2817 319 2872 de
331 2820 445 2873 crimine
457 2833 507 2887 pro
519 2834 548 2873 se
560 2820 624 2873 lurti
637 2833 762 2882 securus,
775 2826 803 2873 et
815 2822 873 2885 ipse
890 2821 1036 2874 advenerat
1048 2827 1074 2874 et
1091 2798 1165 2874 inter
1176 2822 1296 2888 reliquos

76 2905 173 2968 mium
187 2919 226 2970 rei
240 2920 338 2973 tacitus
350 2920 519 2986 expectabat.
533 2919 601 2985 Quid
614 2921 713 2986 plura?
724 2919 845 2971 Clericus
859 2934 969 2972 manum
982 2921 1010 2972 ln
1023 2921 1138 2973 feruenti
1152 2935 1223 2987 aqua
1241 2921 1299 2989 lege

41 3012 70 3065 ὕ
81 3002 164 3072 iudicii
175 3018 246 3084 qnod
261 3022 326 3071 tunc
339 3018 420 3072 fiebat
440 3019 520 3084 plene
542 3021 699 3073 immersam
720 3020 810 3071 statim
833 3018 959 3084 producit
979 3025 1003 3071 el
1026 3020 1068 3071 lris
1080 3021 1126 3086 qni
1141 3026 1299 3086 praesentes

89 3103 184 3167 iderant
204 3117 326 3170 illaesam
344 3108 502 3183 ostendens,
524 3119 558 3171 ab
577 3132 648 3186 aqua
669 3119 757 3171 calida
778 3131 861 3185 qnam
883 3123 1054 3177 contraxerat
1074 3120 1147 3172 illam
1170 3121 1298 3172 excussit.

91 3205 154 3276 Clitis
173 3218 243 3270 stilla
264 3232 339 3282 eum,
361 3221 407 3286 qui
429 3233 492 3273 reus
513 3226 579 3283 erat,
592 3221 771 3286 bominem,e
789 3220 900 3287 regione
921 3219 1017 3286 procul
1039 3225 1166 3283 stantem,
1180 3221 1210 3274 in
1231 3222 1299 3274 facie

92 3315 179 3381 sllrsit,
192 3323 220 3371 et
231 3324 333 3372 attactu
346 3332 397 3373 sno
407 3321 480 3386 jnsto
493 3322 538 3373 bei
549 3320 651 3387 jndicio
665 3321 796 3386 perbeati
811 3319 902 3371 llilarii
916 3321 1013 3372 merita
1025 3333 1136 3373 carnem
1158 3334 1244 3386 usque
1263 3321 1297 3373 ad

90 3415 136 3466 tssa
147 3422 171 3468 et
183 3417 317 3471 medullas
329 3420 507 3472 veliementer
519 3420 685 3485 combussit,
700 3421 766 3486 quin
781 3420 867 3484 ipsam
885 3420 991 3472 boram·
1005 3420 1033 3471 in
1052 3433 1178 3488 magnam
1199 3434 1229 3473 se
1241 3435 1297 3474 nm·
1347 3470 1357 3493 ‚
1403 3423 1408 3436 ·

53 3496 171 3569 ³⁰liliam
187 3519 305 3586 erigens,
319 3520 415 3573 faciem
437 3521 495 3586 ejus
515 3520 664 3572 admodum
680 3525 831 3588 turgentem
852 3519 949 3573 effecit.
963 3522 1111 3574 Confestim
1131 3522 1224 3585 miser,
1244 3536 1300 3575 non

83 3602 186 3669 hominis
208 3618 258 3671 sed
277 3620 323 3671 bei
342 3619 447 3686 judicio
468 3634 497 3673 se
518 3620 721 3686 deprehensum
740 3620 848 3684 videns,
861 3633 923 3673 sero
944 3621 1006 3673 licet
1024 3622 1177 3674 exclamat:
1194 3622 1299 3690 dircite,

80 3705 165 3782 iuquit,
178 3717 276 3771 sinite
293 3718 464 3773 criminari
474 3719 513 3772 de
530 3719 585 3774 boc
602 3718 690 3787 furto
707 3720 857 3774 clericum
876 3719 968 3785 derce,
979 3720 1120 3787 profecto
1132 3721 1301 3775 immunem

78 3816 100 3865 et
109 3815 287 3871 innoxium.
303 3820 362 3884 Epo
382 3819 466 3872 ertim
477 3834 548 3873 sum
566 3821 621 3887 qui
638 3820 693 3875 boc
710 3821 767 3887 epi,
780 3833 843 3888 epo,
863 3821 1002 3889 idq-uam,
1015 3821 1173 3875 diabolico
1184 3821 1302 3890 fraude

76 3909 222 3983 deceptus,
237 3919 357 3970 temtum
370 3917 454 3970 illud
467 3918 537 3985 toli,
550 3930 660 3971 revera
672 3931 734 3972 reon
746 3921 781 3972 ut
800 3921 873 3972 tunc
885 3918 1026 3987 furarer,
1039 3920 1093 3972 sed
1113 3922 1149 3973 ut
1160 3922 1300 3975 custodes

42 3989 65 4048 ³⁸
75 4007 106 4065 de
113 4014 294 4068 incustoditi
305 4029 366 4069 sua
380 4015 566 4083 objurparet.
585 4017 695 4070 Verum
705 4017 788 4070 male
797 4016 832 4068 irc
841 4015 896 4071 boc
906 4016 1022 4077 erravi,
1032 4018 1113 4083 quod
1125 4018 1300 4085 impetitum

76 4109 107 4164 de
117 4111 178 4167 bac
189 4113 385 4168 rectericcm
397 4113 480 4169 bunc
489 4115 598 4169 videras
609 4118 639 4169 et
651 4116 851 4183 immeritum,
865 4115 1015 4169 hacteuus
1026 4116 1178 4170 reticeret
1190 4116 1301 4172 bucus-

76 4212 263 4271 querentem
273 4211 405 4265 reddere
415 4212 573 4280 differem,
592 4215 627 4266 ut
636 4226 707 4268 cum
719 4213 903 4280 confusione
915 4216 1005 4267 tacta
1016 4215 1127 4268 mmito
1138 4216 1300 4270 redderem

77 4309 164 4361 miser
180 4312 353 4378 expectavi.
369 4313 414 4363 ilis
431 4312 540 4376 audilis,
555 4326 661 4376 omnes,
675 4312 708 4365 ad
728 4313 818 4366 caelos
837 4313 963 4365 manibus
981 4327 1043 4366 cum
1061 4315 1174 4367 vocibus
1192 4317 1299 4381 erectis,

80 4410 283 4475 magnificabant
295 4415 389 4477 iteum,
402 4413 448 4479 qui
462 4427 509 4478 per
521 4415 631 4466 beatum
645 4415 775 4466 llilarinm
788 4413 932 4466 confundit
950 4427 1011 4467 reos
1029 4420 1055 4467 et
1067 4415 1152 4467 salvat
1164 4417 1300 4471 innoxios.

45 4491 197 4562 ⁴⁰⁰beatus
208 4511 337 4575 llilarius,
351 4513 398 4578 qui
412 4512 439 4563 in
453 4526 509 4565 una
521 4525 603 4566 causa
616 4513 670 4566 duo
683 4514 799 4578 explevit
808 4513 948 4577 miracula,
959 4527 1022 4565 cum
1035 4519 1061 4566 ct
1072 4516 1201 4568 clericum
1215 4517 1301 4569 bomi-

83 4604 117 4659 t‘ts
125 4609 225 4674 judicio
238 4624 287 4677 per
299 4623 415 4664 examen
427 4611 498 4678 ignis
509 4613 628 4666 servavit
639 4613 766 4665 illaesum
779 4617 805 4665 el
815 4612 920 4678 judicio
930 4613 976 4666 bei
992 4614 1197 4679 deprehensum
1209 4611 1301 4668 osten·

87 4702 118 4755 tit
127 4720 208 4773 reum,
219 4722 269 4776 per
280 4722 363 4776 quem
375 4723 455 4763 suum
468 4712 571 4777 recepit
583 4716 696 4777 textum,
704 4716 859 4776 praestante
873 4713 986 4765 Domino
999 4719 1094 4766 nostro
1105 4716 1171 4768 lesu
1184 4715 1299 4769 Christo.
