3316 5482
427 375 525 426 eran.
544 374 630 426 nar.
648 373 769 426 einis.
787 393 832 406 -
848 375 927 426 con.
947 371 1024 426 mea.
1263 361 1331 428 307

194 544 409 626 terrassia
426 545 531 624 beati
550 542 721 624 Ferreoli
740 544 935 644 martyris,
956 567 1041 620 xnn
1057 542 1133 620 kal.
1155 542 1330 623 octobris

249 670 327 773 (fol.
350 668 516 768 ὅδ’-59).

127 803 180 858 ltd.
192 803 258 858 Aet.
269 803 331 867 SS..
344 802 378 856 ad
392 803 419 856 d.
434 805 466 855 {8
477 803 563 869 Sept,
576 807 643 856 tom.
657 805 687 869 V,
700 818 727 869 p.
742 803 835 856 illd-di
847 801 965 866 (Altera
972 800 1101 869 passio).

196 901 263 980 260
278 900 364 979 Vita
380 900 504 979 sancti
525 900 695 1002 Sequani
713 900 867 978 abbatis
883 899 961 1000 (foi.
984 897 1150 998 dinoot.

132 1031 184 1086 m.
198 1032 278 1099 nra„
291 1031 325 1086 aa
338 1031 366 1085 a.
382 1033 509 1099 roseric,
523 1038 591 1087 rom.
606 1034 648 1098 vr,
661 1047 689 1100 p.
702 1033 789 1087 aori.

197 1132 262 1211 27⁰
278 1132 363 1212 Vita
380 1132 485 1212 beati
506 1132 659 1212 Goeriei
678 1131 914 1213 contessoris
930 1131 1008 1234 (fol.
1030 1130 1197 1228 58262‘).

129 1267 180 1321 lid.
194 1266 274 1333 ibid,
287 1280 314 1333 p.
327 1268 415 1320 tulit.

197 1363 262 1442 28⁰
279 1362 412 1443 Passio
443 1364 566 1443 sancti
593 1364 773 1443 Matthaei
806 1363 975 1465 apostoli
1006 1373 1046 1443 et
1075 1361 1331 1464 evangelistae

244 1489 322 1591 ror.
344 1488 534 1591 aarum*
799 1583 801 1587 ⁷

197 1611 264 1692 290
280 1613 411 1694 Passio
428 1621 653 1694 sanctorum
671 1612 839 1693 Mauritii
853 1613 1131 1714 sociorumque
1149 1613 1233 1712 ejus
1249 1609 1327 1711 (iol.

247 1737 438 1839 estorp*

132 1871 185 1925 Pro
198 1871 313 1938 epistola
334 1871 503 1926 dedicatoria
515 1877 543 1926 et
557 1885 634 1926 num.
650 1870 775 1941 tlegitur
791 1872 820 1924 in
841 1872 903 1927 cod.
917 1871 1046 1940 prologus
1057 1871 1104 1939 qui
1125 1869 1222 1935 incipit
1239 1883 1246 1922 :
1263 1866 1331 1922 Glo-

91 1969 185 2023 riosa
203 1969 362 2025 beatorum
383 1973 562 2037 marturam
580 1973 668 2039 perta
675 1972 735 2038 pta
756 1983 874 2038 quantae
891 1973 922 2024 et
941 1969 1135 2024 admiranda
1154 1967 1330 2022 certamina

92 2067 202 2122 dedita
212 2071 410 2124 rawrattone
425 2069 603 2136 recolentes,
613 2068 792 2124 mirabilem
804 2069 839 2122 tn
848 2069 969 2123 sanetis
986 2068 1056 2145 eutr
1066 2067 1233 2122 Dominum
1240 2065 1329 2134 pari·

95 2169 148 2222 ter
159 2166 303 2222 uniuersi
320 2180 406 2237 repca
428 2171 532 2223 terrae
543 2171 572 2223 et
583 2182 721 2247 omnes...
735 2171 777 2234 (lit
788 2173 850 2234 post
861 2182 918 2223 non
935 2181 1022 2235 pauca
1034 2168 1069 2221 de
1081 2168 1134 2221 situ
1146 2171 1236 2221 terrae
1248 2170 1330 2235 Aegy·

95 2266 204 2333 ptiaeac
215 2267 331 2334 ejusque
342 2266 477 2335 urbibus)
499 2266 636 2334 explicit:
655 2266 729 2320 tam
745 2278 827 2333 uero,
849 2266 999 2334 qnoniam
1012 2266 1178 2334 passiones
1198 2264 1341 2319 illorum

94 2363 239 2419 omnium
250 2376 315 2419 non
323 2377 386 2419 uno
397 2365 564 2432 eodemque
575 2366 712 2432 tempore
722 2366 772 2418 oet
784 2366 849 2419 loco
860 2366 1095 2419 consummatae
1104 2365 1188 2431 sunt,
1203 2363 1330 2430 ideoque

93 2458 266 2529 nonfacite
277 2461 455 2516 unimetttt
466 2463 622 2517 relatione
633 2461 853 2531 comprehendi
865 2466 991 2532 queunt,
1001 2463 1044 2516 ad
1055 2461 1228 2516 beatissimi
1238 2460 1330 2515 ducis

94 2573 205 2616 eorum
215 2561 368 2616 Mauricit
385 2562 559 2630 alariarum
578 2563 772 2630 martyrium
792 2576 849 2617 reu
861 2564 904 2617 ad
919 2575 957 2618 ea
969 2576 1049 2631 quae
1060 2563 1094 2616 in
1106 2562 1224 2617 ducatu
1236 2562 1329 2615 illiue

97 2663 175 2715 tunc
195 2661 341 2729 temporis
360 2662 553 2729 penerattter
570 2665 658 2730 aesta
674 2665 757 2730 sunt,
770 2663 949 2733 inspirante
968 2666 999 2717 et
1021 2665 1204 2730 cooperante
1221 2661 1329 2729 aratia

95 2761 203 2816 sancti
222 2761 375 2831 spiritur,
397 2764 596 2818 narrationis
623 2770 751 2818 nostrae
779 2762 1120 2832 ordinem³transserre
1139 2760 1329 2832 curabimus,

97 2861 243 2928 quaram
258 2862 384 2916 nultius
395 2863 580 2918 mortalium
591 2876 692 2918 sermo
704 2864 797 2933 diane
814 2865 919 2919 ualeat
931 2864 1093 2931 canticare
1104 2863 1257 2916 immensa
1269 2863 1330 2915 oir-

99 2962 204 3014 tutum
214 2964 245 3015 et
253 2961 434 3029 oratiarum
447 2963 530 3017 dona
547 2976 627 3030 quae
646 2964 797 3018 Dominus
816 2967 922 3019 noster
941 2965 1031 3019 Jeanr
1055 2962 1197 3019 curtatur
1213 2962 1331 3016 eisdem

97 3059 200 3115 emota
211 3061 280 3115 ruia
294 3061 445 3130 citonatus
456 3064 502 3116 ert
508 3074 712 3131 praeropare.

133 3163 165 3214 ln
184 3159 249 3228 tine,
262 3174 323 3229 cap.
339 3163 370 3215 10
381 3163 520 3217 Passionis
540 3163 630 3217 editae
651 3166 783 3231 rejectum
796 3170 838 3219 est
849 3169 910 3232 post
927 3178 987 3232 cap.
1002 3167 1033 3218 ii
1051 3168 1078 3217 et
1097 3163 1161 3218 add.
1174 3164 1332 3218 Miramla

100 3261 271 3316 earundem
291 3264 483 3331 sanctornm,
497 3264 641 3330 sciliceta)
659 3265 772 3318 historia
789 3266 865 3319 necis
886 3267 913 3317 S.
926 3263 1092 3334 sigismundi
1103 3282 1111 3331 ;
1124 3262 1151 3330 d)
1170 3262 1333 3317 miraculum

99 3358 146 3414 ed.
171 3360 236 3415 Cat.
264 3362 375 3431 Brun,
395 3366 462 3416 tom.
483 3365 516 3430 n,
538 3378 584 3431 pp.
598 3364 631 3416 ti
651 3367 721 3417 extr.
738 3365 793 3418 -68
813 3363 887 3417 med.
903 3363 1029 3430 (Mulier
1049 3363 1205 3431 quaedam
1225 3363 1330 3432 fitium

98 3473 226 3514 auum...
239 3459 323 3513 inter
332 3459 458 3529 reliqna
470 3462 689 3516 modulamina
702 3475 803 3517 vocem
814 3480 823 3530 ‚·
835 3465 862 3528 c)
874 3463 991 3516 aitemm
1004 3462 1154 3516 indicatum
1166 3461 1245 3529 ibid,
1258 3476 1286 3529 p.
1299 3463 1332 3516 68

99 3559 174 3613 med.
186 3558 275 3626 (cnm
284 3563 388 3614 autem
400 3560 668 3630 Guntramnur...),
677 3576 710 3617 ex
718 3563 841 3630 Gregorii
850 3562 1020 3617 Turonensis
1029 3562 1076 3615 lib.
1087 3562 1215 3630 Deplor.
1226 3563 1333 3627 mart,

100 3673 163 3727 cap.
176 3660 210 3713 75
222 3657 295 3713 med.

199 3755 264 3835 300
291 3757 374 3837 Vita
390 3769 546 3840 sanotae
572 3759 803 3863 Salabergae
817 3760 1039 3840 abbatissae
1056 3760 1135 3862 (iol.
1157 3760 1325 3861 dili-litt).

135 3889 185 3946 nu.
196 3891 262 3946 aa.
273 3891 331 3960 ss,
343 3891 379 3946 aa
391 3892 420 3946 a.
433 3895 466 3947 n
477 3896 562 3961 sepa,
577 3899 642 3949 rom.
656 3896 699 3959 vr,
712 3909 740 3962 p.
752 3894 856 3948 rar-n.

201 3988 267 4067 31ο
294 3990 426 4070 Passio
439 4002 596 4072 sanctae
617 3993 783 4072 Theclae
799 3993 961 4095 virginis
978 3992 1055 4094 (iol.
1079 3993 1251 4094 idi-iiii).

134 4124 192 4177 inc.
204 4123 263 4178 Sub
283 4123 407 4179 Nerone
424 4126 637 4181 Romanarum
648 4127 797 4195 principe
816 4127 939 4182 Paulus
951 4128 1112 4195 apostolus
1132 4126 1259 4180 vertum
1278 4125 1335 4179 Dei

97 4217 349 4289 'evanpettzanda
377 4224 589 4293 praedicabat
623 4226 752 4280 Orienti.
787 4226 844 4281 Oai
873 4226 1007 4282 credidit
1033 4226 1147 4294 puella
1178 4225 1333 4293 quaedam

102 4319 326 4390 nobiliarum,
348 4324 606 4380 Tectanomine...

204 4419 427 4501 terrassia
457 4424 580 4503 sancti
614 4424 808 4503 Andochii
828 4427 1023 4527 martyris,
1056 4449 1123 4504 vni
1149 4422 1335 4502 kalendas

253 4544 429 4625 octobris
445 4545 523 4648 (fol.
545 4546 714 4647 ibi-iifl.

140 4676 187 4731 sd.
201 4678 268 4733 Act.
281 4678 339 4744 δᾶ,
351 4679 386 4732 ad
399 4677 428 4733 d.
440 4681 474 4733 m
484 4681 570 4746 sept..
584 4684 651 4733 tom.
665 4681 706 4746 vl,
720 4694 747 4746 p.
761 4680 860 4734 titii.
