3316 5482
432 344 525 393 aran.
545 343 626 392 nur.
646 342 761 392 rums.
781 363 826 373 -
842 343 996 392 apruno.
1016 344 1063 393 uu
1080 344 1157 395 coo.
1180 345 1268 396 locat.
1408 334 1476 401 599

548 562 757 674 Appendix
777 563 827 651 ad
848 562 930 652 cod.
957 562 1106 654 10844.

237 799 406 864 Errsrora
424 798 570 863 Haumcr
589 812 737 861 umscorr
764 794 1056 861 Vnsunrrouensrs
1081 793 1160 876 (Cir.
1187 816 1297 881 supra,
1318 819 1351 884 p.
1378 797 1471 888 598).

268 982 414 1048 ilenricus,
441 981 487 1034 bei
508 981 593 1048 gratia
620 980 864 1047 chrysopolitanus
895 980 1092 1045 archipraesul,
1120 994 1230 1035 necnon
1264 985 1473 1051 protomartyris

233 1081 365 1148 Stephani
375 1086 404 1133 et
415 1080 597 1149 evangelistae
615 1079 748 1132 lobannis
769 1080 951 1147 congregatio,
965 1079 993 1131 in
1014 1081 1130 1152 bominp
1148 1082 1276 1135 salutem.
1294 1085 1411 1151 Rogatus
1430 1098 1473 1138 ve·

234 1187 309 1234 strae
320 1180 485 1234 fraternitati
508 1179 694 1233 transcribere
716 1178 790 1244 cuod
811 1179 883 1244 apud
897 1191 947 1231 nos
968 1178 1120 1233 nabebatur
1132 1179 1343 1234 devenerabilis
1364 1183 1472 1248 patroni

199 1283 217 1334 b
233 1282 323 1334 nostri
336 1281 541 1347 protomartyris
554 1280 682 1345 stephani
696 1279 835 1331 miraculis
852 1284 907 1330 tam
919 1291 934 1332 a
948 1279 1033 1331 sacris
1045 1280 1203 1334 doctoribus
1216 1294 1299 1348 quam
1319 1294 1334 1334 a
1356 1283 1469 1348 quibus-

236 1380 302 1434 dam
316 1380 448 1449 religiosis
459 1382 524 1433 viris
545 1380 635 1447 editis,
657 1381 770 1448 dignum
791 1379 920 1433 duximus
941 1385 968 1432 et
982 1379 1072 1444 justae
1092 1378 1216 1444 petitioni
1238 1380 1473 1446 obtemperareet

233 1479 332 1532 eadem
352 1480 543 1533 benevolentia
563 1480 633 1532 banc
654 1479 898 1545 praefatiunculam
917 1477 1028 1531 addere.
1050 1479 1080 1528 ln
1108 1478 1159 1530 boc
1184 1477 1320 1544 siquidem
1347 1491 1468 1546 aequum

233 1578 317 1631 nobis
328 1577 434 1643 videtur
446 1577 618 1631 firmissimae
630 1577 766 1630 amicitiae
779 1590 888 1630 servare
897 1576 1026 1644 officium,
1040 1577 1063 1629 si
1073 1590 1088 1629 a
1099 1577 1178 1630 nobis
1188 1577 1257 1629 nibil
1275 1579 1349 1644 quod
1360 1578 1470 1632 dulcius

233 1677 438 1744 amplectamini
451 1679 596 1743 expetitur,
609 1691 672 1730 cum
689 1682 781 1730 nostra
799 1677 973 1744 Chrysopolis
992 1676 1061 1729 nibil
1080 1677 1131 1729 sibi
1150 1679 1267 1730 retineat
1279 1679 1370 1732 carius
1382 1691 1466 1746 quam

187 1779 215 1832 lo
232 1776 309 1845 quod
321 1778 403 1830 modo
416 1775 539 1830 offertur.
549 1780 699 1845 Utrumque
715 1778 796 1845 igitur
807 1790 840 1830 eo
852 1789 906 1843 quo
918 1777 1032 1829 mittitur
1050 1779 1153 1841 animo,
1174 1790 1311 1846 rogamus,
1326 1779 1466 1846 suscipite,

234 1877 335 1930 eodem
354 1877 463 1930 vinculo
484 1877 638 1930 dilectionis
656 1876 840 1930 insolubiliter
860 1874 1008 1930 conflatum
1031 1876 1120 1945 legite,
1141 1890 1197 1930 non
1217 1882 1323 1930 tantum
1345 1891 1469 1944 perscru-

235 1981 326 2031 tantes
337 1977 425 2044 sagaci
437 1976 571 2029 industria
583 1975 637 2028 stili
649 1975 811 2043 elegantiam
824 1980 871 2028 aut
882 1975 1039 2029 luculentae
1050 1977 1181 2029 orationis
1194 1977 1316 2043 leporem
1335 1983 1468 2044 quantum

237 2079 324 2145 ipsam
337 2077 522 2141 incorruptam
536 2077 575 2127 rei
588 2076 729 2128 veritatem
742 2091 749 2127 ι
762 2088 824 2127 nam
838 2076 933 2142 inqua
952 2075 990 2127 rei
1004 2076 1103 2128 veritas
1117 2076 1207 2153 inesse
1227 2076 1360 2143 creditur,
1374 2078 1396 2129 si
1410 2077 1468 2142 pbi-

237 2176 386 2243 losopbicis
398 2188 454 2228 non
466 2175 567 2242 politur
585 2176 876 2243 argumentationibus,
899 2188 955 2227 non
968 2176 1004 2229 ob
1025 2173 1106 2228 boca
1128 2176 1208 2229 nobis
1230 2178 1364 2243 scriptura
1377 2178 1469 2231 minus

187 2279 219 2330 ltt
237 2275 367 2343 diligitur.
383 2278 449 2327 bum
469 2276 554 2341 enim,
568 2279 674 2327 vestrae
685 2275 818 2341 jussionis
839 2288 984 2339 memores,
1004 2276 1032 2327 in
1053 2276 1171 2329 armario
1194 2277 1370 2343 antiquorum
1383 2277 1468 2329 libros

234 2374 449 2438 revolveremus
462 2374 622 2427 obtulerunt
642 2388 672 2426 se
694 2375 760 2426 llaec
772 2374 862 2436 nobis,
883 2374 928 2426 vix
948 2387 1014 2440 prae
1033 2379 1166 2428 vetustate
1188 2376 1231 2427 sui
1250 2374 1377 2443 legenda,
1395 2390 1466 2443 quae

235 2471 376 2525 mittimus.
394 2472 537 2538 inquibus
554 2476 661 2524 nosaut
678 2471 781 2538 aliquid
802 2471 914 2525 demere
937 2477 984 2525 aut
1002 2472 1105 2525 addere
1127 2473 1262 2536 nolentes,
1276 2474 1324 2527 sed
1337 2479 1368 2527 ut
1388 2480 1467 2528 erant

234 2571 395 2624 inconvulsa
405 2575 608 2633 conservantes,
619 2572 735 2624 nimium
746 2570 792 2623 lidi
803 2570 1031 2625 transcribentiae
1041 2585 1134 2624 curam
1146 2572 1310 2626 retinuimus
1323 2579 1349 2626 et
1361 2580 1467 2628 restrae

233 2671 388 2723 auctoritati
400 2671 597 2723 aestimandam
610 2671 711 2724 codicis
724 2672 804 2738 buius
825 2685 937 2738 operam
958 2672 1128 2738 reliquimus.
1152 2674 1188 2724 lia
1210 2686 1275 2726 vero
1298 2686 1465 2740 quaesuper

187 2775 219 2826 20
236 2773 304 2824 llaec
326 2770 456 2824 mandare
474 2771 616 2843 placuerit,
638 2778 726 2824 vestra
747 2771 855 2825 devotio
874 2784 957 2838 quam
978 2771 1095 2824 libenter
1115 2772 1282 2838 adimplebit.
1304 2775 1372 2827 Cum
1390 2775 1465 2828 enim

237 2872 370 2925 catholica
381 2871 500 2924 Ecclesia
519 2872 548 2923 in
569 2877 655 2925 totum
676 2873 770 2925 orbem
792 2871 902 2938 diflusa,
924 2870 1065 2938 redempta
1084 2873 1203 2939 pretioso
1221 2875 1365 2942 sanguine,
1384 2875 1463 2941 parili

236 2973 421 3039 conjungatur
432 2983 534 3035 amore,
548 2976 658 3024 nostrae
670 2976 771 3032 tamen,
785 2985 856 3038 quae
875 2972 1088 3025 victoriosissimi
1102 2975 1306 3041 protomartyris
1325 2975 1467 3040 potiuntur

236 3071 385 3136 triumpho,
400 3069 513 3122 firmiori
526 3074 727 3123 connectuntur
746 3070 865 3136 vinculo,
879 3075 907 3122 et
924 3071 988 3123 licet
1004 3085 1055 3125 nos
1080 3072 1202 3125 locorum
1223 3058 1347 3126 dividant
1368 3074 1464 3140 spatia,

236 3169 361 3236 ejusdem
370 3173 459 3221 tamen
475 3169 591 3234 patroni,
605 3169 656 3221 sub
678 3183 732 3235 quo
754 3169 911 3233 militamus,
933 3171 993 3223 unit
1014 3171 1150 3223 Ecclesiae
1160 3170 1284 3224 victoria.
1299 3175 1362 3225 Post
1383 3175 1464 3226 etiam

187 3270 218 3323 23
234 3271 317 3336 hujus
330 3269 506 3321 fraternitatis
519 3281 618 3320 munus
631 3269 783 3333 exoptabile
796 3269 919 3323 volentes
931 3270 1112 3334 consolidare,
1123 3270 1293 3324 claustralem
1307 3273 1464 3326 societatem

236 3369 404 3422 instituimus
416 3369 525 3434 utrique
537 3375 640 3433 petere,
662 3373 693 3420 ut
705 3369 777 3421 inter
798 3382 845 3421 vos
869 3382 992 3422 essemus
1010 3371 1088 3436 quasi
1111 3383 1143 3422 ex
1162 3371 1247 3434 vobis,
1270 3385 1318 3425 vos
1330 3385 1394 3424 vero
1407 3374 1464 3438 pari

234 3467 316 3521 modo
328 3467 408 3534 quasi
420 3480 452 3519 ex
465 3467 554 3520 nobis.
568 3467 644 3532 Quod
656 3468 795 3533 utrimque
808 3468 842 3520 ab
852 3469 980 3524 omnibus
992 3470 1182 3535 approbatum,
1204 3477 1258 3522 tam
1278 3472 1306 3523 in
1319 3472 1463 3525 serviendo

233 3545 300 3620 vivis
313 3580 395 3634 quam
408 3565 512 3620 orando
527 3581 575 3634 pro
587 3567 723 3620 defunctis

463 3669 572 3719 innuat
583 3666 708 3719 illaesum
726 3667 827 3718 servari
839 3679 918 3732 posse
930 3681 980 3732 per
993 3681 1099 3730 aevum,

187 3769 213 3819 ill
461 3765 511 3829 Qui
524 3766 613 3817 trinus
627 3776 741 3818 numero
754 3765 877 3817 consistit
889 3769 915 3816 et
926 3778 1000 3817 unus
1012 3765 1041 3818 in
1053 3766 1121 3832 ipso.

447 4211 571 4300 bvii.
598 4211 723 4300 (lodex
743 4212 931 4323 signatus
953 4239 1067 4300 num.
1098 4214 1249 4303 10845.

262 4425 332 4478 Olim
347 4442 357 4472 l
374 4425 509 4493 iratr[um]
522 4428 743 4492 capuclnlorum]
757 4434 909 4481 conventus
921 4430 1084 4495 Belnen[sis]
1107 4432 1177 4496 »(ll,
1196 4430 1296 4484 deinde
1308 4432 1399 4498 suppl.
1414 4432 1460 4486 lat.

229 4526 286 4577 ato.

259 4708 293 4773 (l)
314 4710 364 4771 lta,
378 4710 409 4759 ut
421 4705 539 4772 videtur,
553 4713 617 4760 nota
629 4708 695 4760 olim
707 4707 838 4775 inscripta
852 4709 899 4763 iol.
913 4712 948 4775 lt,
962 4724 1036 4764 nunc
1049 4711 1106 4764 iere
1115 4710 1213 4765 deleta.
