3316 5482
396 362 490 414 oren.
510 361 728 413 1111111111.
747 362 886 413 -oon
905 360 981 413 este.
1237 349 1306 416 295

69 534 217 589 translatio
237 532 373 588 celebrior
392 537 472 586 esset.
495 532 601 599 septem
623 544 688 585 vero
711 532 853 597 ecelesiae,
875 544 991 599 quarum
1004 537 1127 599 pastores
1137 533 1171 586 ad
1184 534 1302 587 eandem

70 634 281 688 translationem
292 632 373 685 simul
385 638 451 686 tunc
462 636 658 700 convenerant,
669 632 719 685 bae
732 636 815 685 sunt:
826 631 907 686 sedes
922 633 1096 704 bituricensis
1108 638 1191 701 atque
1201 634 1302 688 Eurdc·

71 734 205 803 gaiensis,
217 732 423 786 sanctoniensis
436 731 517 785 etiam
530 732 1197 801 1111111111ηεὶ1,111101111111111111111111111
1210 736 1300 788 Petro·

72 833 215 902 coricusis,
231 833 367 901 simulque
382 831 607 901 Egoli[s]mensis.
627 833 658 885 ili
676 837 780 899 septem
804 833 981 886 ecclesiamm
1006 833 1144 901 principes
1166 847 1303 889 unacum

32 935 53 989 5
72 933 189 1001 primate
200 932 398 998 Lemoncensi,
411 931 575 999 populorum
587 931 763 998 optimatibus
776 935 804 985 et
815 932 976 999 Aquitaniae
988 932 1115 998 ducibus,
1129 946 1303 1000 summopere

71 1032 102 1085 in
113 1031 214 1086 eodem
225 1029 343 1085 concilio
356 1030 462 1084 bomini
475 1029 562 1097 legem
580 1031 720 1084 observari
733 1031 768 1083 ab
790 1031 920 1085 omnibus
937 1031 1107 1098 sanciebant,
1127 1032 1303 1100 quemadmo-

70 1132 200 1198 dumper
211 1131 372 1198 propnetam
394 1131 525 1184 bominus
546 1134 662 1184 testatur
682 1130 799 1186 dicens:
818 1129 917 1184 Labie
934 1131 1106 1186 sacedotes
1124 1131 1304 1187 cusiodiunt

70 1230 238 1286 scientiam
249 1231 281 1283 et
292 1230 387 1297 lepem
399 1229 467 1295 1111
478 1241 518 1282 ecc
535 1228 782 1297 orerecurrunt,
800 1229 877 1297 quio
894 1229 1025 1298 capetus
1042 1228 1169 1284 Domini
1184 1229 1303 1285 exerci-

71 1334 163 1386 mum
174 1332 228 1384 est.
236 1331 305 1383 tute
317 1329 409 1383 omnia
420 1341 517 1396 pacem
525 1334 553 1382 ct
560 1328 692 1394 justitiam
701 1329 841 1382 observari
850 1329 1017 1383 monebant:
1028 1336 1058 1382 ut
1070 1328 1137 1397 legis
1148 1328 1220 1382 docti
1230 1329 1302 1383 inter

17 1431 54 1485 10
66 1429 159 1484 mom
170 1433 197 1483 et
208 1429 298 1482 virum
309 1427 436 1497 querelas
445 1410 518 1493 juste
536 1424 656 1492 linirent,
677 1432 703 1480 et
719 1427 946 1493 oppressionibus
963 1440 1113 1494 pauperum
1126 1432 1153 1480 et
1164 1427 1300 1481 violentiis

68 1527 228 1596 rapacitatis
239 1526 334 1594 procul
346 1525 476 1590 exclusis,
490 1537 544 1593 pax
555 1530 583 1578 et
594 1526 681 1580 amica
694 1527 774 1593 quies
785 1527 814 1579 in
827 1539 913 1595 regno
925 1526 1085 1594 Aquitanico
1098 1526 1228 1593 deinceps
1240 1540 1303 1594 per·

69 1631 234 1692 manerent;
247 1628 295 1693 qui
306 1640 370 1681 vero
383 1639 475 1693 pacem
488 1625 623 1680 violarent
635 1633 772 1694 tamquam
785 1626 825 1680 rei
837 1627 984 1694 majestatis
995 1639 1011 1680 1
1023 1627 1165 1681 liminibus
1176 1626 1302 1693 explode·

69 1732 169 1783 rentur
180 1726 320 1795 ecclesiae,
333 1733 361 1781 et
372 1741 388 1781 a
400 1739 514 1794 corpore
535 1732 562 1782 et
580 1728 713 1796 sanguine
731 1727 839 1781 bomini
852 1731 984 1791 extorres,
997 1740 1014 1780 a
1025 1725 1147 1780 fidelium
1160 1728 1297 1781 consortio

70 1834 99 1884 et
109 1828 248 1896 colloquio
261 1828 369 1894 remoti,
383 1827 495 1881 infamia
508 1832 640 1896 perpetua
652 1831 824 1892 notarentur,
837 1826 925 1881 donec
937 1840 987 1894 per
1001 1827 1215 1881 satisibctionem
1227 1840 1294 1881 con·

24 1932 56 1983 15
73 1929 186 1996 dignam
209 1927 243 1982 ab
263 1925 399 1994 episeopis
416 1926 516 1981 iterum
539 1929 616 1981 matri
638 1928 775 1981 Ecclesiae
797 1926 1050 1980 reconciliarentur.
1075 1929 1106 1979 in
1128 1939 1163 1981 co
1186 1927 1302 1982 concilio

70 2028 224 2083 seeundum
235 2027 323 2096 legem
339 2027 446 2082 bomini
467 2027 687 2082 benedictionem
704 2035 908 2096 proposuerunt
926 2033 953 2082 et
976 2027 1208 2095 maledictionem,
1221 2029 1302 2083 bene·

69 2129 221 2182 dictionem
232 2127 453 2191 oboedientibus,
467 2128 687 2181 maledictionem
701 2128 951 2181 inoboedientibus.

103 2228 136 2282 5.
150 2229 239 2284 ceteri
251 2233 342 2283 autem
353 2228 465 2282 urbium
484 2229 681 2295 Aquitanarum
700 2227 852 2295 pontifices,
874 2229 919 2281 illa
936 2228 1026 2281 soluta
1038 2228 1067 2281 in
1080 2241 1145 2295 pace
1157 2229 1271 2297 synodo,
1285 2242 1301 2283 e

69 2328 184 2396 vestigio
195 2325 379 2393 advenerunt,
393 2325 588 2380 confirmantes
599 2340 670 2394 quae
682 2327 717 2380 ab
729 2327 769 2379 eis
781 2325 941 2380 confirmata
954 2326 1063 2380 fuerant
1075 2331 1102 2380 et
1113 2327 1299 2381 condemnan-

19 2429 53 2482 10
70 2432 197 2495 tesquae
216 2425 264 2479 alii
284 2425 544 2493 condemnaverant,
566 2431 597 2480 ut
615 2426 706 2478 unitas
726 2426 756 2478 in
772 2438 839 2492 pace
860 2425 996 2480 Ecclesiae
1016 2431 1199 2493 permaneret.
1219 2426 1302 2491 0111111

70 2526 179 2581 consilii
191 2525 302 2580 decreta
321 2525 437 2579 antistiti
452 2528 591 2580 Romanae
610 2530 722 2579 sanetae
741 2530 768 2578 et
785 2527 951 2592 apostolicae
969 2525 1043 2579 sedis
1063 2527 1207 2579 miserunt.
1228 2528 1303 2591 Quae

70 2627 143 2682 idem
154 2629 294 2681 Romanus
307 2639 376 2693 papa
387 2630 528 2694 gratanter
542 2625 707 2692 suscipiens,
726 2625 887 2678 auctoritate
898 2625 1047 2691 apostolica
1060 2625 1208 2693 roboravit,
1223 2626 1298 2680 etde

69 2739 137 2794 pace
149 2724 288 2779 Ecclesiae
309 2723 457 2778 admodum
479 2725 508 2777 in
530 2725 644 2778 bomino
665 2724 816 2791 gratulatus
835 2728 886 2790 est,
907 2723 1043 2791 simulque
1065 2723 1100 2777 de
1121 2729 1176 2777 tam
1188 2726 1299 2791 pretiosi

69 2823 177 2891 patroni
190 2823 386 2877 translatione.
415 2824 447 2875 Et
464 2827 495 2876 ut
512 2823 579 2875 baec
596 2835 645 2889 per
662 2822 784 2890 singulos
802 2822 932 2889 deinceps
950 2823 979 2875 in
997 2822 1130 2876 memoria
1150 2823 1296 2878 baberetur

12 2927 242 2989 1511101111]
260 2936 367 2976 summo
386 2922 495 2975 decreto
513 2923 648 2975 sancitum
666 2926 716 2989 est,
735 2921 769 2974 ad
788 2921 897 2975 laudem
914 2926 943 2975 11
958 2922 1074 2990 gloriam
1088 2922 1194 2975 bomini
1207 2925 1293 2977 nostri

61 3026 125 3078 iesu
138 3024 252 3089 Christi,
265 3023 310 3076 cui
323 3029 364 3076 est
376 3024 474 3089 bonor,
487 3022 574 3075 virtus
587 3029 615 3074 et
625 3023 712 3090 gloria
724 3023 753 3074 in
765 3022 874 3076 saccula
886 3023 1062 3088 sempiterna.
1073 3023 1169 3076 Amen.

224 3464 491 3556 dccxxviii.
520 3465 645 3554 (lodex
671 3466 860 3576 signatus
887 3490 1000 3555 num.
1031 3463 1154 3554 5348.

94 3682 168 3735 Olim
180 3681 353 3736 colbertinus
367 3684 440 3750 1010,
455 3682 557 3735 deinde
568 3682 668 3750 Regius
686 3683 715 3734 C.
728 3681 803 3733 3864.
818 3684 844 3734 7.
857 3683 882 3732 7.

94 3781 235 3836 Foliorum
248 3783 305 3847 litt,
319 3781 392 3836 med.
404 3784 624 3849 (01,115><0,15),
637 3781 771 3835 columnis
782 3780 865 3847 binis,
879 3784 1005 3834 exaratus
1017 3791 1089 3832 saec.
1102 3778 1171 3831 11111.

163 3881 202 3956 1ο
218 3881 315 3982 [vita
332 3882 455 3959 sancti
474 3879 665 3959 Leonardi
684 3879 930 3981 confessoris]
948 3879 1025 3978 (fol.
1046 3876 1165 3974 if-ii‘).

95 4014 144 4067 Ed.
157 4026 210 4080 ope
223 4014 305 4080 hujus
317 4013 419 4068 codicis
428 4028 472 4081 ap.
486 4014 617 4080 Arbellot,
640 4028 667 4080 p.
689 4016 791 4067 17100.
811 4012 946 4079 Acepbala
958 4011 1013 4066 inc.
1027 4009 1177 4078 effractus,
1191 4007 1293 4062 armis

53 4111 139 4184 fidei
149 4112 340 4167 comnotus...
355 4113 425 4178 (cap.
441 4115 471 4165 10
483 4111 578 4176 med).

159 4211 201 4289 10
220 4212 403 4290 Miracula
421 4211 597 4313 ejusdem
614 4212 691 4313 (fol.
713 4212 859 4308 didilt.

92 4346 142 4399 Ed.
156 4345 235 4412 ibid,
248 4360 274 4411 p.
288 4347 408 4412 180501,
421 4347 469 4399 sed
480 4346 534 4399 alio
547 4346 652 4400 ordine.

159 4445 199 4521 3⁰
217 4445 301 4522 Vita
319 4445 555 4523 sanctissimi
574 4445 807 4524 confessoris
826 4446 1018 4525 Brendani
1030 4455 1147 4550 atque
1171 4451 1289 4530 abba-

210 4567 261 4646 tis
274 4567 351 4666 (fol.
371 4569 568 4662 lili-idil*
