3316 5482
337 342 404 409 362
680 361 804 412 cirin.
824 361 926 412 cono.
945 361 1120 414 usercen.
1139 360 1220 413 nar.

338 530 466 598 stetitque
486 532 543 598 diu,
560 530 700 586 admirans
721 545 802 600 quam
821 530 944 587 studiose
964 533 1058 586 oculos
1077 532 1190 600 paginae
1208 531 1343 601 infigeret.
1356 534 1486 588 surrexit
1509 538 1575 588 tuuc

337 633 480 700 episcopus
498 631 662 699 electione3
676 637 703 686 et
721 633 768 686 ille
785 634 870 687 trater
887 634 992 701 accepit
1008 634 1161 713 candelam,
1175 634 1318 702 coepitque
1335 634 1439 704 legere,
1452 636 1575 703 probans

338 734 360 785 si
373 733 505 800 potuisset
517 746 582 787 suos
593 746 674 786 sanos
686 733 781 787 oculos
792 738 848 787 tam
860 732 1005 802 diligenter
1017 746 1117 788 acuere
1131 734 1164 787 ad
1177 733 1325 788 lectionem
1337 734 1410 789 sicut
1426 735 1574 802 episcopus

338 832 402 886 iecit
421 846 485 886 suos
503 833 660 900 caligantes.
682 832 736 885 Sed
758 832 804 886 illa
824 833 962 886 temeritas
983 846 1040 887 uon
1053 833 1166 900 impune
1186 833 1226 886 illi
1238 834 1338 887 evenit.
1352 835 1421 887 llam
1442 832 1572 902 sequenti

337 937 427 998 nocte,
440 946 503 986 cum
515 946 545 986 se
557 933 648 999 sopori
659 931 788 999 dedisset,
799 930 925 999 apparuit
937 933 963 986 ei
975 932 1087 1001 quidam
1099 933 1177 987 vultu
1189 933 1354 1001 incognitus,
1364 933 1481 988 terribili
1496 946 1569 989 com·
1584 934 1602 986 ὅ

335 1031 486 1085 minatione
509 1031 602 1085 dicens
615 1032 661 1084 ei:
678 1032 830 1091 Quomodo
850 1045 949 1085 ausus
960 1029 1055 1100 serati
1073 1032 1265 1100 exprobrare
1286 1032 1571 1100 episcopumprae·

312 1162 316 1170 ·
336 1129 431 1183 terito
443 1131 529 1183 nocte
549 1129 583 1181 ire
606 1129 753 1197 lepertdo?
765 1130 796 1181 et
816 1130 884 1183 baec
905 1129 1011 1196 dicens,
1026 1130 1141 1183 incussit
1155 1132 1239 1184 ictum
1251 1131 1339 1184 oculis
1351 1132 1412 1198 ejus
1426 1129 1515 1199 digito
1526 1149 1534 1198 ;
1547 1135 1574 1184 et

315 1301 321 1313 ι
336 1230 467 1283 continuo
479 1229 559 1283 dolor
569 1229 710 1283 oculorum
723 1228 830 1282 validus
851 1234 961 1282 secutus
974 1234 1024 1295 est,
1038 1230 1085 1296 qui
1106 1243 1170 1283 eum
1188 1231 1281 1283 multis
1293 1230 1392 1284 diebus
1410 1231 1497 1284 nimis
1508 1231 1574 1284 ailli-

171 2632 180 2652 ·
193 2628 244 2682 iric
255 2641 309 2681 nu·

163 2708 269 2750 merua
281 2695 316 2747 ire

169 2760 313 2839 margine

144 2828 326 2894 adservetur

168 2897 323 2948 estmorae

151 2959 329 3016 recentiori.

336 1329 425 1398 gebat,
437 1342 581 1396 usquequo
602 1328 785 1382 satisfactione
806 1330 912 1395 culpam
935 1328 1040 1383 deleret
1062 1342 1145 1397 quam
1164 1328 1275 1383 incaute
1294 1331 1324 1382 in
1341 1335 1470 1384 sanctum
1480 1332 1573 1384 vintru

336 1429 483 1484 commisit.
1591 1431 1620 1482 ld

370 1529 622 1589 1e.1temaoeidit,
637 1541 699 1582 cum
720 1528 864 1595 episcopus
886 1528 989 1597 legeret
1010 1534 1108 1595 noctu,
1127 1542 1190 1582 eum
1211 1529 1246 1582 ob
1267 1528 1382 1582 nimiam
1400 1528 1575 1597 vigilantiam

336 1629 507 1686 obdormisse
519 1635 545 1682 et
557 1628 699 1683 candelam
712 1628 854 1682 ardentem
864 1641 948 1696 super
957 1627 1085 1698 paginam
1095 1628 1369 1697 cecidisselrsitque
1380 1642 1467 1696 super
1475 1629 1575 1682 lolium

338 1741 479 1796 usquequo
498 1741 570 1781 unus
590 1727 674 1781 irater
694 1728 842 1782 adveniens
863 1728 967 1795 accepit
987 1726 1130 1782 candelam
1151 1728 1336 1782 flammantem
1358 1728 1393 1782 de
1414 1728 1508 1793 libr03
1530 1733 1574 1796 ot,

337 1828 462 1894 intuitus,
475 1827 579 1894 aspexit
598 1827 703 1880 favillas
723 1826 854 1881 candelae
872 1829 995 1895 tacentes
1015 1841 1065 1895 per
1077 1828 1177 1882 multas
1194 1829 1291 1895 lineas,
1305 1833 1333 1882 et
1349 1841 1396 1882 eas
1407 1828 1574 1897 exsufflans,

337 1928 444 1983 invenit
455 1927 582 1996 paginam
594 1927 737 1980 inlaesam.
1597 1931 1625 1983 qq

372 2029 422 2082 1¹¹1.
440 2030 479 2080 tiu
492 2028 578 2081 fateor
590 2027 671 2094 plane
692 2027 766 2095 quod
777 2040 834 2082 non
847 2027 925 2081 facile
945 2027 1013 2079 mibi
1025 2028 1143 2082 occurrit
1164 2028 1284 2082 scribere
1296 2032 1400 2095 quanta
1422 2029 1468 2082 vel
1480 2029 1576 2096 qualia

337 2134 448 2182 sanctus
460 2127 646 2182 Athelwoldus
658 2140 805 2194 perpessus
819 2128 853 2180 sit
864 2141 914 2194 pro
927 2128 1069 2181 monacbis
1081 2133 1181 2182 etcum
1193 2128 1345 2191 monachis,
1359 2131 1387 2181 et
1397 2140 1482 2196 quam
1495 2128 1576 2183 beni·

338 2242 409 2311 gnus
420 2228 575 2292 exstit[er]it
586 2240 649 2296 erga
662 2226 798 2281 studiosos
811 2232 838 2280 et
850 2226 1038 2293 oboedientes,
1051 2233 1098 2281 aut
1107 2233 1209 2295 quanta
1221 2228 1250 2281 in
1263 2231 1399 2281 structura
1411 2227 1577 2282 monasterii

339 2328 502 2394 elaboraret,
517 2326 669 2394 reparando
681 2326 824 2381 ecclesiam
846 2327 969 2395 aliasque
981 2327 1077 2382 domos
1094 2326 1274 2391 aedificando,
1286 2331 1334 2381 aut
1354 2339 1439 2394 quam
1461 2328 1579 2397 pervigil

341 2433 399 2483 erat
419 2428 448 2481 iu
468 2427 648 2495 orationibus,
666 2433 693 2481 et
712 2441 794 2496 quam
816 2428 935 2497 benigne
946 2429 1106 2482 hortabatur
1125 2428 1223 2481 tratres
1240 2426 1274 2481 ad
1286 2427 1510 2496 confessionem
1524 2428 1576 2482 sed
1592 2429 1625 2481 2⁰

340 2542 375 2583 ex
386 2528 429 2581 bis
441 2527 533 2595 paucis
545 2532 660 2595 possunt
671 2529 747 2595 plura
760 2528 897 2597 cognosci,
911 2542 982 2596 quae
994 2542 1009 2581 a
1022 2528 1102 2582 nobis
1115 2528 1221 2581 narrari
1234 2532 1386 2595 nequeunt.

370 2626 419 2680 18.
434 2627 506 2680 Obiit
518 2631 609 2681 autem
620 2629 747 2682 vicesimo
767 2627 888 2682 secundo
910 2641 983 2681 anno
994 2628 1035 2680 sui
1049 2628 1220 2695 episcopatus
1241 2627 1270 2680 in
1282 2625 1339 2694 [lli]
1351 2627 1359 2646 ·
1372 2625 1509 2681 kalendas
1528 2640 1577 2681 au·

339 2729 421 2798 gusti,
433 2732 564 2796 regnante
578 2727 737 2782 lelbelredo
751 2742 815 2797 rege
826 2728 992 2795 lngiorum;
1007 2728 1185 2795 sepultusque
1199 2727 1281 2780 estin
1300 2725 1415 2780 ecclesia
1426 2726 1576 2781 beatorum

343 2828 413 2882 Petri
425 2833 452 2881 et
464 2827 539 2881 Pauli
551 2827 585 2881 ad
599 2828 691 2881 sedem
704 2829 764 2895 ejus
776 2827 966 2893 episcopalem.
979 2827 1017 2880 ld
1031 2830 1109 2896 cujus
1122 2827 1291 2881 mausoleum
1309 2827 1441 2881 miracula
1453 2827 1517 2882 ilerl
1528 2840 1577 2881 au·

342 2927 470 2994 (liumus,
483 2933 509 2981 et
520 2932 666 2994 antequam
679 2941 740 2981 ossa
752 2929 812 2995 ejus
825 2927 998 2980 elevarentur
1011 2927 1045 2981 de
1057 2928 1173 2995 tumulo,
1186 2927 1234 2981 sed
1252 2931 1278 2982 et
1296 2931 1399 2995 postea.
1413 2929 1452 2980 lix
1472 2929 1577 2996 quibus
1593 2930 1624 2982 so

342 3027 397 3082 duo
406 3033 512 3080 tantum
525 3028 588 3080 huic
600 3027 723 3080 brevitati
736 3029 838 3081 insero.

376 3127 427 3181 19.
441 3129 504 3180 Erat
514 3129 624 3194 quidam
647 3128 712 3181 civis
729 3128 954 3194 Oxnolornensis‚
967 3128 1113 3182 nottelmus
1134 3127 1285 3194 vocamine,
1298 3128 1429 3181 caecitate
1447 3126 1578 3194 plurimis

275 3267 280 3279 .
342 3228 423 3282 annis
435 3227 575 3280 multatus.
590 3227 638 3291 Qui
652 3228 818 3281 ammonitus
829 3226 891 3295 [est]
912 3228 941 3280 in
953 3228 1056 3281 somnis
1074 3227 1108 3280 ad
1121 3228 1207 3280 sancti
1226 3227 1387 3281 Athelwoldi
1400 3226 1578 3281 mausoleum

342 3329 393 3393 ire,
406 3326 602 3394 dicebaturque
614 3327 639 3379 ei
652 3340 753 3381 nomen
767 3327 892 3378 monachi
904 3326 1110 3392 Wintoniensis,
1125 3327 1203 3392 cujus
1220 3325 1323 3379 inscius
1340 3326 1477 3380 hactenus
1497 3327 1577 3380 exsti·

343 3428 384 3490 tit,
397 3427 443 3494 qui
456 3440 519 3479 eum
540 3426 640 3480 ducere
661 3426 774 3479 deberet
794 3426 828 3478 ad
847 3426 934 3479 sancti
956 3426 1090 3493 praesulis
1101 3426 1232 3479 tumbam.
1246 3425 1315 3489 Quid
1336 3425 1436 3492 plura?
1448 3427 1501 3479 lvit
1519 3427 1578 3494 ipse
1594 3426 1626 3479 ³⁰

342 3526 526 3589 lvintoniam;
540 3530 567 3578 ct
578 3526 708 3578 advocato
721 3526 854 3578 monacho
867 3539 898 3578 ex
911 3526 1023 3579 nomine
1040 3526 1110 3578 siout
1128 3526 1156 3578 in
1174 3525 1277 3579 somnis
1289 3524 1432 3590 didicerat,
1446 3525 1577 3579 videlicet

206 3639 212 3656 ·
250 3636 282 3690 ·,
342 3627 522 3679 wulfstanum
534 3631 725 3694 cognomento,
736 3629 858 3692 cantor',
870 3638 968 3692 rogans
980 3626 1031 3678 sibi
1045 3625 1143 3677 ductor
1156 3623 1213 3677 lieri
1223 3624 1257 3678 ad
1268 3624 1465 3692 sarcophagum
1476 3627 1576 3691 sancti,

345 3726 536 3792 enarravitque
554 3725 579 3777 ei
595 3725 720 3779 ordinem
734 3725 856 3778 visionis.
869 3723 997 3778 Perduxit
1018 3730 1083 3776 tunc
1106 3723 1258 3777 monachus
1278 3721 1312 3775 ad
1332 3722 1469 3775 tumulum
1489 3724 1578 3777 sancti

345 3839 456 3881 caecum
467 3845 475 3894 ;
488 3826 536 3880 sed
549 3840 606 3880 non
619 3825 745 3895 indigens
758 3826 870 3881 ductore
883 3839 1008 3880 reversus
1020 3830 1061 3878 est
1072 3824 1178 3877 videns.

379 3925 434 3979 20.
447 3926 570 3980 Narravit
589 3939 699 3994 quoque
722 3928 799 3980 nobis
819 3927 944 3994 aelfegus
964 3926 1117 3992 episeopus,
1132 3936 1275 3978 successor
1295 3924 1382 3977 sancti
1403 3923 1580 3992 Atheluoldi,
1597 3927 1628 3979 db

345 4026 420 4094 quod
433 4028 490 4093 ipse
502 4026 641 4094 quendam
654 4026 742 4079 iurem
756 4026 920 4094 flagellatum
932 4025 1053 4078 misisset
1064 4025 1094 4078 in
1108 4037 1220 4078 nervum
1232 4042 1240 4091 ;
1251 4029 1278 4078 et
1289 4036 1351 4077 cum
1365 4022 1412 4075 diu
1424 4024 1464 4076 sic
1476 4025 1509 4077 in
1519 4039 1580 4092 poe·

346 4128 389 4181 nis
408 4126 548 4194 jacuisset,
564 4127 638 4179 venit
657 4124 692 4177 ad
714 4139 776 4178 eum
797 4125 826 4178 in
846 4126 951 4180 visione
969 4129 1080 4178 sanetus
1100 4122 1295 4187 Atbelwoldus,
1314 4121 1412 4175 dicens
1433 4123 1460 4175 ei
1480 4138 1488 4176 :
1507 4124 1579 4194 Cirr,

347 4227 453 4293 miser,
466 4226 512 4280 sic
524 4227 559 4278 irc
571 4227 774 4291 mumojaces
787 4228 852 4279 torn
863 4226 920 4278 dire
931 4228 1078 4279 extensus
1090 4225 1102 4278 l
1114 4227 1146 4275 dt
1158 4223 1212 4284 ille,
1224 4235 1426 4290 recognoscens
1439 4230 1582 4293 sanctum,

348 4339 429 4393 quem
442 4339 523 4392 saepe
535 4324 640 4378 viderat
661 4325 689 4379 in
710 4326 764 4378 vita
786 4325 902 4392 mortali,
916 4325 1057 4390 respondit
1068 4337 1077 4376 t
1090 4323 1216 4391 Dr'grtos,
1230 4322 1354 4376 domiue
1375 4322 1429 4391 mi,
1446 4324 1501 4378 lew
1507 4338 1582 4393 poe·

347 4439 408 4480 nas
420 4424 668 4491 etjustojudicio
681 4424 817 4492 episcopi
828 4425 873 4478 sic
886 4426 1037 4491 torqueor,
1051 4423 1126 4489 qur'a
1143 4435 1206 4475 nort
1216 4422 1339 4476 cessavi
1349 4434 1371 4475 α
1381 4419 1495 4490 furtis.
1509 4427 1580 4478 lum
1598 4427 1629 4478 td

350 4531 462 4580 sanctus
480 4543 486 4577 ε
504 4526 595 4579 Cesso
607 4525 764 4592 velmede,
778 4525 876 4590 inquit,
889 4524 995 4591 rrciser,
1009 4536 1107 4590 cessa,
1120 4525 1152 4575 et
1161 4523 1206 4575 ais
1219 4524 1341 4575 solutus
1353 4535 1375 4575 a
1386 4523 1481 4577 nodis
1493 4525 1586 4577 nerei

350 4624 455 4695 hique.
468 4624 590 4678 Surrexit
602 4625 675 4678 illico
688 4624 733 4679 tur
744 4624 791 4677 ille
810 4623 951 4677 absolutus
963 4628 990 4676 et
1006 4622 1080 4676 veuit
1091 4622 1125 4676 ad
1138 4623 1293 4690 episcopum
1311 4621 1468 4691 aelfegum,
1490 4636 1587 4679 narra-
