3278 5482
268 336 361 386 nmo.
379 334 462 385 nur.
482 334 598 385 ranis.
619 352 664 364 -
680 332 835 382 arreum.
855 332 902 382 ub
919 331 997 381 oon.
1017 329 1092 381 sue.
1226 316 1290 382 105

47 509 109 556 tum
123 503 354 571 reliquarumque
366 501 611 556 ecclesiasticarum
626 512 807 567 personarum
820 499 857 552 ibi
871 498 1023 562 assistente,
1037 498 1104 552 dicit
1116 512 1172 553 non
1184 500 1212 551 in
1225 513 1289 554 con·

49 605 117 658 cilio
137 617 168 658 se
189 609 271 658 antea
290 616 431 657 sessurum
452 602 504 655 nisi
523 601 670 668 apostolica
692 600 771 653 mitra
792 597 934 653 afferretur
955 612 1025 666 quae
1045 613 1095 666 pro
1116 599 1248 668 dignitate
1261 607 1290 654 et

51 705 189 758 memoria
201 703 274 757 beati
287 702 381 756 llilarii
398 702 563 755 Pictavensis
580 700 716 768 pontificis
735 701 849 754 Pictavis
867 701 895 752 in
913 699 978 753 sede
997 699 1147 767 pontificali
1165 703 1290 755 servaba-

51 809 108 857 tur.
121 807 208 870 Quam
221 802 329 856 mitram
342 815 402 855 esse
414 802 488 855 illam
508 802 624 855 asseruit
635 813 717 868 quam
739 801 768 853 in
789 801 897 868 signum
919 800 1051 866 triumphi
1064 801 1160 854 beatus
1173 800 1290 855 llilarius

20 901 38 952 3
54 903 111 954 beo
127 900 289 954 conterente
300 899 415 965 adipisci
428 899 527 952 meruit
539 899 567 950 in
580 897 697 951 concilio
714 897 787 964 quod
801 899 921 949 Romana
938 897 1045 950 civitate
1058 899 1111 950 Leo
1124 911 1193 965 papa
1204 898 1288 952 arria·

55 1013 110 1053 nus
129 1000 164 1053 de
182 999 298 1053 diversis
317 999 413 1052 mundi
433 999 556 1065 partibus
575 998 758 1066 congregavit,
780 1009 878 1064 magno
899 996 1075 1051 arrianorum
1097 998 1289 1064 episcoporum

57 1107 194 1154 conventu
205 1100 335 1167 adunato,
348 1111 403 1166 quo
415 1099 524 1153 arriana
538 1099 659 1151 baeresis
671 1096 877 1165 praedicaretur
894 1103 922 1149 et
935 1096 1002 1149 tides
1019 1098 1153 1151 catholica
1166 1098 1289 1153 destrue·

62 1207 136 1253 retur
147 1219 154 1267 3
166 1201 212 1253 nbi
224 1200 306 1253 beato
317 1200 419 1252 Hilario
432 1198 593 1252 advenienti
607 1197 753 1251 abeodem
771 1199 862 1250 Leone
880 1197 957 1251 locus
975 1198 1089 1251 sessioni
1109 1202 1153 1251 est
1164 1198 1288 1264 probibi-

64 1304 115 1352 tns.
130 1299 180 1352 Sed
196 1301 261 1367 quia
278 1302 349 1352 bens
360 1311 469 1365 semper
481 1299 607 1364 superbis
628 1299 729 1350 resistit
748 1303 775 1350 et
794 1298 910 1350 bumiles
931 1297 1041 1361 exaltat,
1060 1303 1132 1368 terra
1152 1299 1181 1351 in
1203 1299 1287 1352 altum

27 1396 56 1448 lt
70 1411 97 1450 se
107 1399 207 1464 erigens
224 1399 306 1451 beato
328 1397 477 1450 confessori
499 1409 555 1449 non
576 1397 751 1450 humiliorem
763 1397 861 1450 ceteris
880 1396 990 1450 sedibus
1002 1396 1097 1450 sedem
1110 1397 1243 1451 attribuit.
1257 1399 1290 1451 Et

73 1497 232 1552 altercatione
244 1497 365 1551 invicem
375 1497 477 1564 habita,
488 1511 550 1549 cum
562 1496 715 1550 haereticus
727 1496 772 1549 illc
783 1499 837 1550 Leo
849 1501 1008 1565 arroganter
1017 1496 1149 1550 catholico
1160 1498 1288 1564 episcopo

78 1596 149 1650 ninas
160 1597 303 1663 intulisset,
316 1596 411 1649 sedem
423 1609 501 1650 suam
513 1596 644 1650 deserens
655 1602 779 1650 ventrem
793 1600 958 1664 purgaturus
970 1596 1044 1650 exiit.
1058 1595 1112 1649 Sed
1125 1599 1196 1675 Deus
1207 1597 1288 1652 ultio·

82 1709 133 1748 nun
143 1697 221 1750 libere
234 1698 298 1765 egit,
310 1697 357 1764 qui
375 1701 457 1763 caput
477 1697 597 1750 haeresis
613 1697 770 1763 turpissima
784 1701 869 1750 morte
891 1695 1000 1750 delevit.
1014 1699 1089 1750 'lunc
1110 1710 1158 1764 per
1175 1699 1288 1751 beaumr

85 1784 188 1848 linium
200 1795 376 1862 perspicuum
388 1795 510 1848 veritatis
530 1808 694 1861 praeconem
715 1796 743 1848 in
765 1796 882 1849 sublime
895 1796 1011 1862 positum
1031 1796 1124 1850 lumen
1137 1797 1288 1851 catholicae

57 1892 80 1944 ts
89 1891 134 1946 idei
144 1896 205 1947 bens
221 1894 333 1947 exaltari
345 1894 431 1948 volult
443 1899 471 1947 et
489 1895 635 1963 arrianam,
648 1908 719 1962 quae
729 1899 785 1949 toto
797 1895 863 1950 orbe
885 1895 1075 1962 pullulaverat,
1088 1897 1221 1950 baeresim
1239 1897 1285 1952 de·

93 1993 148 2059 strui,
158 1996 202 2059 [ut]
214 1995 343 2048 lucernae
355 1993 439 2047 radiis
451 2007 533 2061 super
552 2000 671 2048 montem
684 1995 787 2062 positae
804 1999 898 2048 sancta
914 1995 1098 2048 illustraretur
1108 1995 1227 2050 Ecclesia
1238 2015 1247 2063 3
1260 2001 1287 2050 et

94 2090 126 2156 qul
134 2093 229 2146 humilis
240 2098 269 2147 et
279 2094 343 2147 exul
355 2093 517 2161 advenerat,
530 2095 592 2148 ideo
604 2095 739 2148 exaltatus
751 2101 861 2161 accepta
870 2096 1006 2162 praedicta
1020 2095 1110 2161 mitra,
1124 2097 1202 2164 signo
1215 2097 1286 2150 scili·

96 2193 125 2240 cet
131 2190 250 2258 victoriae,
263 2191 335 2246 liber
346 2190 481 2258 discessit,
494 2190 528 2244 ad
542 2193 655 2259 patriam
668 2206 744 2246 suam
758 2192 878 2260 rediens,
891 2194 990 2247 ceteris
1007 2207 1116 2262 qnoque
1127 2192 1162 2247 ad
1176 2194 1286 2261 propria

97 2297 139 2340 tuo
152 2291 240 2358 gaudio
265 2291 461 2345 remeantibus.
483 2292 533 2354 Qui
554 2304 617 2345 cum
636 2293 738 2345 erroris
757 2293 873 2359 caligine
893 2293 1006 2347 involuti
1031 2293 1214 2360 advenissent,
1238 2307 1288 2360 per

70 2381 175 2441 tiletum
190 2391 320 2445 llilarium
342 2391 403 2444 luce
421 2391 542 2444 veritatis
561 2391 663 2460 agnita,
682 2390 734 2445 lrde
756 2391 887 2444 catholica
907 2390 1060 2447 confirmati
1078 2394 1193 2462 regressi
1211 2397 1285 2448 sunt.

99 2483 179 2541 lulius
195 2491 284 2558 itaque
308 2503 323 2544 a
345 2491 456 2544 domino
477 2491 664 2545 llildebrando
687 2492 801 2545 Pictavis
822 2491 947 2560 dirigitur
974 2493 1020 2560 qui
1044 2493 1095 2546 sibi
1119 2493 1285 2560 praedictam

100 2585 174 2641 uuam
188 2589 303 2645 afferret.
324 2592 382 2655 Qua
399 2590 479 2644 allata
501 2595 528 2645 et
546 2591 627 2659 capiti
645 2604 695 2645 suo
715 2591 850 2658 imposita,
873 2591 1020 2645 concilium
1041 2593 1206 2646 celebratur.
1225 2595 1282 2657 Quo

99 2694 182 2758 imru,
192 2702 255 2745 mox
266 2691 381 2745 Pictavis
393 2691 550 2745 remittitur.

166 2889 335 2960 Minaeum
361 2892 395 2958 S.
423 2891 557 2958 Hrcanu
582 2909 673 2957 stuc.
693 2889 826 2978 x1(clr.
845 2911 955 2976 supra,
974 2912 1006 2978 p.
1037 2893 1113 2971 104,
1133 2891 1192 2980 7⁰).

10 3118 13 3124 .
53 3078 78 3130 z
115 3083 179 3137 llemo
189 3086 220 3140 de
231 3100 404 3154 quacumque
416 3088 577 3140 necessitate
589 3089 648 3154 ejus
662 3089 816 3153 imploravit
832 3088 961 3141 auxilium
979 3093 1006 3142 et
1016 3088 1051 3141 ad
1064 3087 1149 3155 ipsius
1163 3090 1285 3158 confugit

10 3222 12 3227 .
87 3184 222 3247 praesidium
235 3188 280 3253 qui
290 3187 414 3240 divinum
427 3200 483 3239 non
495 3188 611 3239 senserit
623 3187 718 3240 adesse
731 3185 898 3255 suffragium.
912 3190 948 3240 be
960 3202 1014 3254 quo
1027 3190 1150 3255 quamvis
1162 3190 1196 3243 ab
1210 3196 1284 3243 ante·

84 3285 214 3338 sessoribus
225 3287 432 3352 praeteritorum
446 3293 600 3352 temporum
612 3288 691 3353 plura
703 3289 731 3339 in
744 3288 865 3340 medium
878 3290 989 3341 veniant
1002 3290 1134 3356 exempla,
1148 3303 1179 3343 ea
1192 3296 1284 3344 tamen

79 3395 127 3436 non
138 3387 240 3439 omnino
251 3394 314 3439 sunt
326 3386 431 3439 silenda
443 3400 514 3453 quae
526 3393 619 3440 nostro
632 3399 741 3453 quoquc
756 3393 876 3454 tompore
889 3389 1048 3454 frequenter
1066 3389 1138 3442 dunt·
1154 3392 1283 3445 miracula

75 3484 377 3551 ipsiuserperimentia·.

10 3704 47 3755 ω
271 3688 488 3758 Depecunla
501 3689 772 3761 perGuldonem
787 3692 911 3751 ducem
925 3691 1078 3751 reddita.

92 3881 121 3931 t.
136 3881 165 3931 llt
177 3880 297 3945 primum
305 3882 416 3948 quidem
438 3882 472 3934 de
494 3882 617 3936 Guidone
637 3884 680 3937 vel
699 3883 835 3937 Gaulredo
857 3884 928 3938 duce
939 3885 1135 3950 aquitanorum
1148 3892 1175 3939 et
1187 3888 1286 3942 comite

55 3981 201 4043 Pictaviae,
214 3994 262 4034 avo
275 3982 357 4048 bujus
369 3982 457 4035 nostri
470 3983 611 4048 principis,
625 3984 699 4050 quod
713 3984 747 4036 de
760 3998 792 4036 eo
805 3997 854 4050 per
866 3985 977 4038 beatum
996 3986 1127 4037 llilarium
1140 3992 1230 4040 actum
1242 3993 1285 4040 est

52 4079 464 4148 proferamusmiraculum.Qui
473 4095 534 4134 cum
544 4085 657 4147 tan[tac]
665 4088 735 4135 esset
744 4084 903 4147 nobilitatis
916 4097 970 4137 non
984 4085 1097 4137 minoris
1107 4092 1164 4139 erat
1173 4087 1282 4153 religio·

49 4181 107 4234 nis,
122 4179 155 4232 ln
167 4179 261 4234 diebus
272 4193 394 4247 namque
406 4182 464 4233 suls
477 4195 528 4246 pax
542 4187 568 4234 et
577 4181 683 4247 justitia
703 4183 837 4235 llorebant
858 4183 886 4234 in
899 4189 953 4237 tota
967 4189 1038 4237 terra
1051 4198 1116 4238 suae
1129 4187 1278 4252 potestatis.

10 4287 29 4337 5
50 4281 141 4346 Isque
153 4279 213 4331 novi
232 4279 390 4333 monasterii
403 4278 568 4333 coenobium
581 4281 654 4347 quod
667 4285 708 4333 est
721 4283 749 4333 in
770 4282 902 4335 suburbio
915 4283 1050 4347 Pict[avls]
1063 4284 1097 4336 de
1110 4298 1159 4337 suo
1172 4286 1283 4352 proprio

46 4378 216 4441 construxit,
230 4379 257 4432 in
270 4382 349 4446 cujus
362 4380 452 4433 medio
465 4380 639 4433 venerandae
653 4381 767 4433 traditus
779 4387 819 4434 est
831 4382 996 4448 sepulturae.
1011 4384 1079 4437 lluic
1092 4385 1181 4438 adbuc
1194 4399 1285 4452 super-

44 4480 111 4534 stiti
126 4480 333 4532 consuetudinis
346 4479 372 4531 id
387 4486 445 4533 erat
456 4485 486 4533 ut
506 4482 670 4533 monasteria
692 4481 828 4546 praelatae
848 4482 924 4534 urbis
942 4496 1023 4535 causa
1035 4484 1130 4536 orandi
1144 4487 1285 4538 nocturnis

43 4579 128 4635 boris
140 4592 200 4632 curn
212 4581 306 4646 paucis
326 4580 453 4632 lustraret
472 4585 499 4633 et
523 4581 568 4633 ubi
590 4584 643 4633 beo
665 4583 836 4648 propensius,
857 4582 904 4634 ubi
924 4584 1110 4652 neglegentius
1122 4585 1282 4652 serviretur,
