3316 5482
210 359 279 428 402
552 376 678 427 enrac.
698 375 800 426 cono.
819 373 995 424 Haemos.
1017 371 1095 424 car.

210 548 253 600 nis
264 546 393 616 gaudium
405 547 485 599 beata
496 544 602 599 Valeria
614 549 738 600 assecuta
747 550 789 599 est
798 545 826 598 in
837 544 892 598 due
904 544 1013 598 dierum
1022 556 1146 609 suorum,
1157 539 1292 609 brevique
1302 545 1416 595 momento

208 646 339 712 temporis
349 649 468 698 mercata
479 648 519 698 est
532 643 819 711 incomprehensibilis
831 644 975 697 thesauros
989 641 1136 696 felicitatis.
1149 643 1201 694 Pro
1210 640 1290 707 eujus
1301 636 1417 693 consenti

209 745 381 799 mercimonii
394 743 574 810 amplitudine
585 742 712 798 dilatatos
724 744 854 798 virtutum
867 748 895 798 et
912 741 1107 797 miraculorum
1123 740 1229 808 jubilos
1246 752 1303 796 uon
1313 735 1419 793 cessatio

213 843 317 897 mundo
330 844 530 897 demonstrare.

240 943 272 996 Β.
283 945 351 997 llam
363 948 426 1010 post
437 943 555 1010 plurima
567 955 704 997 annorum
716 941 853 995 curricula
866 954 901 995 ex
914 940 1031 1007 tumulo,
1044 952 1100 1007 quo
1114 944 1210 993 sancta
1220 939 1354 1007 lacuerat,
1365 934 1442 1005 elusi

209 1042 273 1096 dem
297 1047 407 1097 sanctae
429 1042 542 1111 virginis
563 1047 591 1096 et
611 1042 737 1109 martyris
759 1041 901 1095 sublevata
923 1044 989 1094 sunt
1010 1040 1133 1094 membra
1153 1043 1181 1093 et
1200 1037 1236 1093 ad
1256 1037 1425 1093 cambonense

212 1143 409 1197 monasterium
422 1142 542 1196 delatum
554 1148 596 1196 est
615 1155 716 1210 corpus
737 1143 797 1209 ejus
818 1142 1031 1196 sanctissimum.
1055 1138 1095 1193 hd
1113 1137 1189 1208 quod
1200 1138 1298 1194 nobile
1311 1141 1426 1193 morule

214 1242 399 1297 riumidcirco
418 1242 540 1296 delatum
560 1247 602 1296 est
620 1255 720 1310 corpus
741 1243 800 1309 ejus
817 1241 1021 1296 sanctissimum
1041 1238 1115 1293 fideli
1138 1237 1287 1293 devotione
1307 1239 1429 1293 bonorum

209 1343 353 1398 hominum
366 1347 394 1397 et
405 1342 433 1395 in
446 1344 551 1397 honore
571 1343 618 1397 bei
635 1342 814 1410 eiusdemque
832 1341 982 1396 memoriae
999 1345 1200 1408 consecratum,
1218 1345 1251 1395 ut
1268 1338 1358 1395 isdem
1368 1337 1431 1392 locus
1489 1318 1491 1369 i

208 1445 260 1498 sub
271 1448 400 1510 perpetua
412 1443 527 1498 tuitione
545 1447 574 1496 et
592 1443 685 1510 quiete
706 1442 830 1510 ejusdem
848 1443 970 1496 llalcriae
983 1446 1094 1495 sanctae
1106 1442 1210 1508 meritis
1221 1439 1429 1510 [custodireturi
1442 1433 1464 1487 ll

208 1650 323 1703 fratrum
336 1654 430 1705 sancto
441 1649 555 1702 ilartiali
570 1650 750 1703 servientium
762 1649 929 1717 aliquotiens
948 1649 1171 1703 subtrahebatur.
1184 1650 1257 1703 llaec
1271 1647 1439 1703 disturbatio

208 1751 252 1805 nis
265 1751 405 1806 ventilatio
418 1751 446 1804 in
459 1751 608 1806 multorum
630 1751 729 1805 accidit
749 1751 888 1806 curriculo
910 1748 1086 1817 [tempomm]
1097 1766 1105 1816 ;
1118 1761 1202 1817 quam
1217 1748 1328 1803 sedavit
1339 1747 1409 1803 ddes
1418 1752 1442 1801 et

209 1849 336 1903 meritum
346 1854 458 1904 sanctae
470 1850 592 1904 Valeriae
613 1850 642 1903 in
660 1850 758 1904 eodem
777 1850 838 1904 loco
853 1849 986 1916 sepultae,
1009 1854 1036 1903 et
1052 1847 1088 1901 ad
1100 1848 1217 1901 nibilum
1229 1846 1342 1917 redegit
1352 1846 1442 1901 crebra

209 1948 376 2015 propulsatio
387 1948 543 2003 orationum
554 1949 669 2002 fratrum
683 1948 750 2002 inihi
766 1948 1005 2003 commorantium.
1018 1949 1139 2012 Quorum
1151 1945 1302 2001 assiduitas
1316 1944 1444 2001 bonitatis
1458 1942 1483 1996 tt

211 2052 237 2102 et
249 2060 347 2115 capere
360 2048 424 2102 fecit
435 2053 462 2102 et
474 2048 538 2102 facit
549 2050 601 2103 hoc
612 2048 804 2102 cambonense
823 2048 1020 2102 monasterium
1032 2046 1142 2100 titulum
1151 2045 1253 2112 laudis,
1264 2050 1292 2100 et
1300 2045 1447 2114 adquisirit

211 2151 239 2201 et
249 2148 370 2216 adquirit
382 2148 504 2215 amplum
516 2149 739 2216 supplementum
751 2153 879 2202 terrenae
891 2147 1108 2202 sustentationis.
1123 2148 1153 2199 ln
1166 2145 1267 2201 eodem
1279 2147 1378 2214 itaque
1390 2146 1448 2199 loco

213 2247 281 2300 mira
291 2252 318 2300 et
329 2247 454 2302 miranda
463 2249 497 2302 ab
507 2248 604 2302 eodem
612 2255 736 2316 tempore
749 2262 799 2316 per
808 2262 868 2303 eam
878 2249 1057 2315 omnipotens
1066 2250 1136 2302 beus
1144 2246 1274 2315 dignatus
1284 2253 1329 2300 est
1341 2250 1450 2314 patrare

213 2348 353 2415 miracula,
366 2361 436 2415 quae
448 2348 625 2402 dinumerare
637 2349 712 2404 solus
724 2349 770 2404 ille
783 2350 883 2416 poterit
900 2349 947 2416 qui
966 2346 1284 2415 incomprehensibiliter
1301 2359 1450 2401 numerum

213 2446 354 2501 stellarum
366 2452 394 2501 et
403 2453 493 2517 guttas
514 2448 673 2515 pluviarum
690 2450 742 2503 sub
754 2454 830 2504 certo
843 2461 960 2502 numero
971 2445 1194 2515 comprehendit.
1207 2447 1244 2499 Er
1258 2444 1450 2499 innumerabi·
1463 2441 1491 2495 tt

214 2545 287 2600 libus
304 2548 379 2601 enim
403 2549 535 2602 virtutum
556 2549 732 2603 incrementis
752 2550 849 2604 beatae
869 2548 991 2603 valeriae
1010 2560 1097 2602 unum
1120 2543 1260 2613 quoddam
1281 2543 1449 2599 miraculum

213 2645 340 2700 volumus
352 2647 520 2715 describere,
532 2663 581 2716 per
601 2650 675 2717 quod
695 2653 785 2717 potest
803 2649 893 2704 fidelis
913 2650 1032 2716 quisque
1048 2647 1095 2701 liei
1113 2657 1281 2713 cognoscere
1294 2658 1381 2713 quarn
1394 2658 1450 2698 am·

214 2743 289 2810 plum
301 2745 473 2814 privilegium
485 2746 587 2801 amoris
601 2748 698 2802 christi
711 2748 790 2801 beata
807 2748 882 2815 virgo
901 2751 928 2800 et
946 2750 1048 2813 martyr
1065 2744 1197 2811 obtineat,
1210 2754 1282 2810 quae
1297 2756 1329 2797 se
1341 2756 1395 2809 pro
1407 2743 1449 2796 sui

214 2844 311 2899 merito
323 2850 376 2899 tam
386 2846 540 2913 jucundum
553 2846 588 2901 ad
601 2846 770 2900 audiendum
782 2846 945 2899 miraculum
957 2858 1039 2912 posse
1051 2844 1142 2898 facere
1153 2840 1281 2911 gaudeat.

244 2945 276 2998 3.
290 2948 320 2998 ln
333 2947 471 3012 praedicto
489 2949 581 3015 itaque
601 2948 767 3001 monasterio
789 2947 904 3013 sepulta,
929 2945 978 2999 sed
1000 2957 1056 2999 non
1075 2945 1115 2998 sic
1126 2943 1234 2998 decenti
1247 2947 1275 2996 et
1287 2942 1448 2997 honorabili
1463 2943 1491 2995 fd

211 3044 281 3097 sicut
292 3044 407 3099 decebat
419 3045 638 3114 honoriticentia,
651 3047 732 3100 bouis
744 3046 869 3113 ejusdem
882 3045 935 3098 loci
949 3045 1082 3098 fratribus
1094 3044 1184 3098 visum
1194 3047 1236 3096 est
1246 3054 1405 3110 congruum
1418 3046 1449 3094 ut
1479 3026 1486 3037 ’

213 3158 244 3199 ex
257 3145 303 3200 illo
316 3147 377 3200 loco
389 3152 482 3200 sancta
494 3147 703 3201 sublevarentur
717 3148 842 3200 membra
859 3151 886 3199 et
904 3146 932 3199 in
951 3145 1140 3200 excellentiori
1154 3150 1358 3210 reponerentur
1370 3154 1449 3195 mau-

212 3245 296 3299 soleo.
310 3248 387 3300 Anno
400 3248 493 3314 itaque
515 3248 549 3300 ab
570 3247 758 3301 incarnatione
779 3246 886 3299 bomini
908 3245 994 3300 nostri
1013 3249 1077 3299 iesu
1098 3244 1196 3297 Christi
1209 3251 1326 3296 occecmo
1338 3247 1448 3310 octoge

212 3343 281 3398 simo
293 3347 340 3410 vm,
354 3346 487 3400 aestivum
498 3350 614 3413 tempus,
628 3346 729 3399 nostris
742 3346 913 3414 exigentibus
925 3345 1054 3411 peccatis,
1068 3344 1096 3397 in
1107 3341 1271 3396 hiemalibus
1278 3354 1396 3394 uersum
1406 3344 1448 3394 est

210 3441 324 3509 pluviis3
337 3448 467 3510 tantaque
479 3444 530 3497 fuit
541 3444 684 3498 inundatio
696 3458 830 3512 aquarum
842 3449 872 3497 ut
890 3458 972 3510 super
990 3448 1046 3497 sata
1071 3443 1152 3510 longe
1164 3454 1180 3495 a
1193 3439 1341 3494 fluviorum
1356 3438 1443 3494 alueis
1460 3440 1491 3491 ³0

209 3547 313 3595 remota
326 3542 378 3595 nisi
392 3544 498 3611 navigio
509 3550 555 3597 aut
568 3548 660 3598 natatu
673 3543 766 3598 nullus
778 3543 906 3597 incedere
919 3548 1020 3610 posset.
1035 3546 1135 3596 Pontes
1147 3541 1220 3595 enim
1234 3539 1356 3607 disrupti
1366 3544 1444 3604 sunt,

210 3641 368 3694 molendina
388 3642 526 3696 destructa
546 3649 626 3710 sunt,
648 3648 675 3696 et
694 3644 741 3697 ubi
761 3644 837 3710 prius
855 3644 958 3696 bestiae
980 3655 1091 3697 currere
1116 3640 1300 3707 videbantur,
1323 3639 1445 3706 piscium

193 3739 355 3795 'multitudo
375 3741 413 3794 ibi
435 3743 554 3795 natabat.
574 3742 612 3795 nd
634 3743 700 3795 tanti
721 3742 833 3797 terroris
856 3742 1047 3795 inundantiam
1065 3739 1239 3795 tremefactus
1263 3738 1292 3790 in
1322 3738 1445 3792 circuitu

210 3838 327 3905 populus
338 3837 372 3892 ad
385 3846 494 3893 sancme
506 3841 626 3894 valeriae
648 3842 843 3895 monasterium
864 3841 982 3895 accurrit
1000 3840 1127 3906 festinus,
1146 3850 1227 3904 super
1246 3837 1351 3891 nimios
1361 3849 1446 3904 aqua·

209 3952 271 3992 rum
282 3938 423 3993 discursus
434 3939 557 4005 ejusdem
569 3941 702 3994 invocant
717 3941 859 4004 auxilium,
882 3942 1023 4008 ipsiusque
1041 3940 1093 3994 loci
1116 3940 1214 3991 fratres
1225 3936 1278 3990 hoc
1291 3936 1368 3991 idem
1381 3950 1442 4004 pre
1460 3939 1491 3989 ati

209 4044 341 4092 cantaret
350 4041 515 4093 submonent
525 4052 604 4107 opus,
614 4047 643 4094 ut
653 4054 702 4108 pro
713 4041 834 4108 ipsorum
845 4041 898 4095 tide
909 4045 1037 4108 appareat
1045 4039 1173 4092 meritum
1184 4041 1296 4090 sanctae
1305 4036 1443 4092 Valeriae.

209 4140 400 4194 concordante
411 4147 493 4209 atque
507 4141 716 4195 commendatae
727 4147 754 4195 et
766 4143 938 4197 submonitus
950 4141 1116 4209 precationis
1127 4138 1306 4194 oboedientia
1319 4140 1447 4206 omnipo

209 4244 313 4292 tentem
325 4241 409 4293 licum
419 4253 501 4306 super
511 4240 679 4294 sedationem
689 4241 791 4295 nimiae
800 4241 990 4295 inundationis
999 4253 1134 4308 aquarum
1144 4236 1269 4305 ejusdem
1279 4236 1334 4291 loci
1344 4237 1445 4292 tratres

210 4338 347 4407 invocant,
360 4345 537 4408 sanctamque
550 4342 683 4395 valeriam
702 4356 785 4409 super
797 4343 958 4408 petitionem
973 4354 1050 4394 suam
1068 4339 1216 4407 propitiam
1234 4335 1334 4391 adesse
1352 4344 1444 4393 orant

210 4442 293 4507 Quae,
307 4441 377 4494 sicut
389 4440 465 4493 velox
477 4446 519 4494 est
530 4443 658 4495 omnibus
668 4443 696 4495 in
710 4454 807 4508 magna
819 4442 1016 4508 misericordia,
1035 4441 1074 4493 sic
1092 4439 1224 4493 velociter
1235 4439 1291 4492 illis
1303 4437 1385 4493 affuit
1396 4454 1445 4507 pro
1461 4440 1491 4492 tt

209 4541 332 4595 oratioue
351 4540 468 4594 assidrm.
491 4543 557 4595 tiam
577 4556 626 4609 per
646 4546 732 4596 totum
751 4542 834 4596 unius
855 4542 947 4596 aestivi
969 4541 1072 4594 mensis
1095 4541 1214 4607 spatium
1226 4540 1364 4594 serenitas
1375 4540 1445 4594 caeli

208 4636 294 4707 affuit,
308 4641 392 4694 nimia
412 4654 545 4709 aquarum
566 4643 709 4697 inundatio
729 4644 844 4698 cessavit
863 4654 1040 4710 quocumque
1061 4646 1172 4695 sanctae
1194 4639 1318 4695 valeriae
1330 4644 1444 4695 terrena
