3316 5482
313 389 407 440 amn.
428 388 511 441 nnn.
530 387 647 439 eneis.
666 411 712 422 -
727 389 881 441 anenno.
901 392 949 442 an
964 392 1043 442 oon.
1062 390 1137 442 sees.
1279 378 1347 444 385

423 610 632 722 Appendix
652 612 702 700 ad
723 614 805 704 eod.
831 613 954 704 5365.

252 829 432 896 Minaeum
456 828 491 896 S.
510 830 701 898 Menelaum
726 828 806 918 (Cir.
826 852 937 918 supra,
956 852 988 917 p.
1014 826 1095 911 379,
1125 830 1207 921 170).

341 1041 450 1109 libor
470 1046 728 1110 miraculorum
751 1045 881 1126 [saneti
902 1041 1115 1127 Mandabat

144 1226 176 1277 1.
189 1226 258 1277 bum
270 1231 428 1279 sanctorum
439 1231 514 1296 gesta
527 1226 706 1281 recolimus...
720 1225 773 1291 (Ut
783 1239 892 1294 sopra,
898 1239 932 1293 p.
949 1226 1012 1292 too,
1024 1239 1056 1279 n.
1066 1227 1104 1294 2).

143 1323 181 1376 2.
200 1325 295 1377 Puella
307 1325 442 1392 quaedam
454 1327 509 1394 cui,
530 1328 624 1381 nescio
637 1340 691 1393 quo
704 1327 838 1380 existente
859 1330 981 1392 peccato,
995 1338 1093 1379 manus
1114 1338 1169 1378 uua
1182 1323 1294 1392 diriguit
1314 1336 1347 1378 ao

60 1426 84 1478 ὅ
107 1422 193 1490 digiti
212 1424 242 1476 in
263 1425 379 1491 palmam
392 1425 474 1478 defixi
495 1432 585 1492 erant,
598 1426 632 1480 ad
651 1427 808 1492 sepulcmm
820 1426 893 1479 beati
915 1425 1030 1492 apostoli
1043 1425 1177 1492 pervenit,
1197 1423 1300 1478 conlisa
1312 1422 1347 1476 de

106 1522 214 1574 virtute
233 1523 358 1590 apostoli,
371 1524 443 1590 quod
464 1529 557 1592 posset
575 1526 634 1593 ejus
654 1525 816 1578 intercessio
838 1537 948 1577 manum
967 1523 1072 1577 aridam
1094 1523 1245 1589 absolvere,
1268 1522 1347 1588 cuius

10 1622 15 1723 ’ἱ
109 1622 280 1688 praedicatio
292 1623 423 1691 populum
444 1625 521 1677 vanis
532 1625 757 1691 superstitionum
779 1624 877 1677 ritibus
901 1624 1043 1677 inretitum
1059 1623 1185 1677 absolvit.
1199 1622 1348 1676 celebratis

110 1735 181 1791 ergo
190 1718 300 1792 vigitiis,
313 1723 343 1777 in
353 1724 411 1790 ipsa
424 1726 512 1778 noctis
524 1725 681 1792 festivitate,
694 1724 760 1778 dum
774 1730 878 1778 attente
889 1727 966 1791 juxta
978 1723 1136 1791 sepulcrum
1149 1728 1219 1790 orat,
1234 1735 1347 1776 manum

113 1834 205 1886 mam,
218 1822 328 1876 directis
339 1824 440 1892 digitis,
454 1824 555 1891 populo
568 1830 638 1878 teste
652 1830 774 1877 sanatam
788 1825 903 1879 miratur
916 1825 1041 1877 attonita.

59 1923 94 1974 itt
148 1921 182 1975 3.
198 1924 312 1987 Quidam
325 1929 416 1979 mutus
436 1925 577 1992 eloquium
589 1924 691 1979 memit
711 1922 764 1978 hoc
786 1924 879 1979 modo.
893 1925 941 1977 liic
953 1924 1066 1991 etenim,
1080 1928 1111 1977 ut
1121 1922 1206 1977 omda
1219 1929 1349 1991 operatur

112 2021 250 2075 rusticitas
269 2022 445 2090 populorum,
465 2025 652 2090 juramentum
673 2024 792 2078 mendax
812 2025 841 2077 in
863 2025 978 2077 ecclesia
999 2024 1122 2089 protulit.
1146 2026 1205 2078 liox
1229 2036 1349 2091 namque

114 2120 220 2188 rigente
237 2121 330 2190 lingua
341 2127 434 2176 mutus
445 2121 559 2178 effectus
572 2129 623 2191 est,
637 2124 673 2177 ita
695 2128 794 2178 utnon
813 2123 887 2177 vocis
900 2125 1046 2191 humanae,
1059 2123 1108 2176 sed
1121 2124 1241 2178 bidentis
1263 2123 1349 2189 mugi·

10 2264 15 2275 .
111 2224 171 2273 tum
183 2220 313 2275 simulare
324 2219 473 2278 videretur.
486 2222 643 2276 Adveniens
654 2227 747 2277 autem
759 2222 794 2276 ad
805 2223 888 2290 bujus
898 2223 1035 2277 tumulum
1049 2224 1136 2277 sancti
1149 2223 1275 2290 apostoli,
1287 2236 1349 2291 pro·

10 2316 13 2381 ζ
114 2321 246 2375 sternitur
265 2321 294 2373 in
314 2321 479 2389 orationem,
500 2322 682 2389 assensitque,
703 2326 734 2375 ut
751 2327 845 2390 postea
866 2323 1017 2388 asserebat,
1040 2327 1180 2390 tamquam
1202 2323 1225 2375 si
1246 2323 1347 2390 aliquis

59 2423 94 2474 15
111 2426 205 2487 guttur
216 2420 276 2487 ejus
287 2424 426 2488 tangeret:
446 2421 530 2488 quod,
544 2425 574 2474 ut
585 2420 678 2489 credo,
691 2423 777 2475 virtus
797 2426 856 2475 erat
867 2421 1005 2476 dominica
1028 2423 1136 2475 Christi.
1157 2424 1348 2490 ingressusque

114 2519 225 2586 itemm,
246 2521 416 2588 presbytero,
438 2522 484 2588 qui
505 2521 609 2588 aderat,
631 2528 700 2575 nutu
721 2521 920 2589 deprecabatur
939 2527 969 2576 ut
990 2523 1099 2590 signum
1120 2520 1211 2575 crucis
1223 2521 1348 2576 faucibus

115 2619 215 2673 clausis
227 2621 390 2686 imponeret.
403 2621 480 2685 Quod
501 2634 564 2674 cum
576 2622 718 2688 presbyter
738 2621 859 2689 iecisset,
874 2623 973 2676 iterum
994 2621 1177 2688 prosternitur
1194 2622 1230 2675 ad
1251 2622 1350 2676 oratio·

115 2731 189 2771 nem.
202 2719 328 2799 Protinus
340 2719 442 2774 elevata
456 2733 532 2786 voce,
555 2720 699 2788 cilicioque
717 2721 826 2788 linguae
839 2722 921 2789 plene
936 2719 1052 2788 reddito,
1066 2722 1158 2775 omnia
1171 2735 1242 2789 quae
1255 2725 1346 2787 pertu-

116 2816 186 2870 lerat
196 2819 309 2884 proprio
321 2818 450 2885 patefecit
462 2819 583 2886 eloquio.

55 2918 94 2971 20
146 2915 236 2970 425.
253 2917 422 2980 atlliracuta
445 2918 489 2972 ed.
517 2917 583 2973 Act.
600 2918 659 2985 Sd„
672 2922 738 2972 tom.
760 2921 872 2986 vtun,
891 2934 918 2986 p.
940 2921 1043 2989 tibi-tii,
1057 2932 1133 2972 num.
1157 2921 1240 2987 t·td;
1256 2917 1283 2983 b)
1303 2918 1349 2973 ed.

110 3027 196 3082 supra
209 3029 244 3069 ex
256 3015 316 3069 eod.
331 3017 428 3071 tibin
443 3021 509 3071 tom.
522 3019 543 3084 1,
558 3032 585 3085 p.
599 3019 718 3084 tea-eoa,
732 3032 809 3071 num.
823 3021 893 3073 all.

527 3218 936 3280 Itemaliamimoula.

148 3415 204 3468 26.
217 3417 284 3490 [ab]
303 3415 425 3481 Quodam
438 3415 530 3483 itaque
552 3420 686 3481 tempore,
699 3416 795 3469 beatus
815 3414 924 3482 tetegius
945 3416 1063 3482 pontifex
1085 3415 1114 3470 in
1126 3417 1260 3472 parisiaca
1281 3419 1350 3473 urbe

111 3513 266 3570 aedificavit
277 3515 417 3583 immoque
428 3515 569 3569 renovavit
581 3515 723 3568 basilicam
747 3514 777 3568 in
788 3515 894 3570 bonore
907 3515 994 3569 sancti
1006 3515 1135 3569 liartialis
1148 3517 1350 3571 lemovicensis

54 3616 97 3667 2¹5
115 3614 251 3680 apostoli3
264 3627 318 3682 qua
329 3615 425 3682 utique
436 3613 564 3680 stabilita,
577 3613 690 3680 plumbo
703 3614 762 3680 ejus
780 3613 902 3680 cooperit
918 3619 1000 3667 tecta.
1015 3614 1064 3667 Ubi
1076 3628 1138 3667 oum
1150 3614 1273 3679 ejusdem
1284 3615 1351 3670 reti-

117 3712 198 3779 quias
215 3714 282 3768 satis
298 3707 395 3768 de'vote
413 3727 475 3767 oum
493 3726 592 3781 magno
609 3712 729 3779 tripudio
747 3726 901 3780 magnoque
917 3713 1060 3781 utriusque
1078 3713 1184 3782 sexu[s]
1209 3716 1349 3783 comtum,

17 3812 22 3819 ’
113 3827 180 3868 eum
200 3813 320 3867 melodia
339 3814 508 3880 psalmorum
528 3815 567 3878 [et
579 3812 749 3878 d]uleissima
762 3812 949 3866 modulatione
960 3813 1172 3881 antiphonarum
1185 3813 1287 3869 chorus
1302 3816 1349 3871 de·

113 3914 200 3967 ferret
219 3912 404 3980 psallentium,
423 3912 585 3966 miraculum
606 3911 737 3965 Dominus
761 3911 909 3965 declaravit
929 3912 1077 3965 memoriae
1097 3912 1220 3980 dignum.
1239 3915 1278 3967 Ab
1298 3915 1349 3969 boo

114 4013 192 4067 enim
214 4017 241 4066 et
260 4012 369 4080 lilegius
390 4012 505 4066 mndem
526 4011 609 4078 arripi
630 4012 731 4064 iecerat
754 4012 826 4065 viam
847 4024 911 4064 cum
935 4011 1105 4081 pignoribus,
1130 4026 1192 4067 oum
1217 4016 1349 4082 potuisset

43 4118 93 4173 50
112 4124 230 4181 prorsus
250 4111 362 4165 aliunde
382 4125 495 4180 pergere
514 4111 624 4164 rectius.
644 4109 750 4178 Era[n]t
768 4111 849 4178 igitur
870 4108 945 4164 baud
966 4111 1061 4177 procul
1082 4113 1218 4166 atramite
1231 4114 1349 4168 claustra

111 4211 234 4265 waconis
250 4212 323 4278 tetri,
335 4210 383 4264 ubi
404 4210 569 4264 tenebantur
589 4215 696 4277 septem
716 4209 777 4275 viri,
804 4210 860 4262 sive
881 4210 993 4263 innocui
1015 4210 1071 4265 sive
1092 4212 1175 4278 noxii,
1198 4212 1250 4265 sub
1271 4213 1350 4266 tertia

111 4311 239 4364 custodia
258 4310 352 4364 abditi.
374 4311 442 4363 cnm
463 4323 526 4378 ergo
549 4309 670 4375 Elegius,
691 4307 775 4362 veluti
796 4307 936 4375 quondam
957 4308 1039 4362 bavid
1061 4315 1126 4363 ante
1146 4324 1247 4377 arcam,
1271 4312 1350 4365 exut-

109 4416 178 4463 tans
198 4414 279 4476 atque
302 4409 474 4474 triumphans
495 4421 559 4461 cum
572 4407 695 4473 reliquiis
716 4405 853 4472 praedicte
872 4407 980 4474 agmine
1004 4407 1032 4460 in
1054 4421 1149 4462 vocem
1171 4410 1349 4464 exultationis

107 4509 284 4581 praeteriret,
296 4521 361 4561 mox
373 4512 404 4561 ut
415 4506 562 4575 ergastuti'
575 4510 670 4559 contra
683 4518 744 4558 esse
757 4510 917 4572 coeperunt,
931 4511 1044 4572 repente
1060 4512 1179 4573 gestator
1191 4508 1347 4576 pignorum,
1407 4525 1417 4546 ·
1429 4525 1486 4581 πρ,

26 4617 77 4674 55
99 4608 184 4680 gravi
197 4606 342 4675 depressus
355 4606 486 4673 pondere,
500 4605 558 4660 solo
571 4605 670 4658 restitit
687 4604 864 4670 musonem
878 4618 942 4660 cum
953 4605 1053 4672 singuli
1067 4608 1262 4674 compellerent
1274 4623 1350 4678 gres·

141 4749 244 4793 mala.
256 4749 346 4794 vallo
361 4747 388 4790 Τ.
404 4748 432 4790 11.
1250 4739 1283 4792 2⁹)
