3316 5482
690 361 815 412 chun.
834 362 936 414 OODD.
955 363 1129 415 meludit.
1148 364 1230 416 Lan.

684 581 893 694 Appendix
913 583 963 672 od
983 584 1064 675 ood.
1090 584 1215 674 5362.

448 881 449 886 ,
492 820 700 888 Mmaouuum
718 821 752 889 S.
772 821 972 891 Gornnnnm
989 822 1069 912 (Gir.
1088 844 1201 911 supra,
1219 845 1252 911 p.
1271 825 1353 902 354,
1377 824 1463 916 1⁰).·

370 1022 427 1073 lloc
438 1026 478 1074 cst
490 1021 574 1075 belet
586 1022 672 1075 sancti
685 1022 825 1076 cuthberti
840 1023 1004 1077 miraculum
1016 1023 1094 1077 valde
1114 1023 1314 1078 advertendum
1339 1029 1367 1079 et
1392 1024 1577 1094 magnifican-

337 1117 414 1185 dum,
434 1122 509 1188 quod
529 1122 678 1190 aliqnando
698 1124 780 1177 scotti
802 1137 865 1177 cum
886 1124 1083 1178 innumerabili
1107 1124 1283 1179 multitudine
1311 1125 1448 1193 awydam
1466 1126 1582 1183 dudum

339 1219 507 1273 transierunt
516 1226 544 1274 et
555 1226 656 1276 terram
665 1223 752 1276 sancti
762 1224 902 1277 cuthberti
913 1228 1121 1277 vastaveruntet
1129 1223 1356 1278 lindisfarnense
1364 1228 1580 1293 monasterinm,

339 1333 490 1387 numquam
508 1322 584 1388 prius
605 1322 745 1388 violatum,
761 1323 957 1396 spoliaverunt.
971 1325 1029 1388 Quo
1050 1323 1154 1391 audito,
1171 1323 1294 1377 Guthred
1311 1336 1360 1377 rex
1379 1337 1435 1391 pro
1458 1325 1608 1381 vindictat

339 1419 425 1472 sancti
432 1421 598 1475 contessoris
607 1421 671 1475 illuc
677 1434 760 1488 parta
768 1420 918 1474 admodum
929 1421 1579 1491 manuproperavit,eisquejamextromaparte

342 1518 397 1572 diei
409 1519 438 1572 in
450 1519 520 1582 loco,
533 1520 580 1588 qui
593 1520 692 1573 dicitur
714 1520 945 1605 liundingedenc,
959 1521 1088 1585 occurrit,
1103 1526 1131 1574 et
1153 1519 1215 1574 ideo
1236 1519 1341 1574 bellum
1359 1532 1420 1574 non
1440 1526 1485 1575 cst
1506 1522 1578 1577 lnce

341 1624 427 1683 ptum.
437 1620 519 1672 Nocte
532 1631 596 1673 vero
608 1620 763 1686 subsecuta,
772 1632 834 1673 eum
848 1632 897 1673 rex
909 1617 1040 1684 Guthred,
1049 1618 1166 1672 multum
1179 1619 1342 1686 perterritus
1353 1624 1382 1673 et
1393 1620 1537 1687 anxiatus,
1546 1632 1578 1675 co

340 1717 414 1784 quod
426 1718 485 1785 ipse
495 1720 699 1786 parvissimum,
713 1720 804 1773 hostes
815 1732 892 1786 vcro,
906 1720 953 1786 qui
964 1721 1020 1787 jam
1033 1720 1061 1772 in
1076 1719 1203 1773 manibus
1226 1724 1314 1786 erant,
1327 1721 1481 1774 marimum
1495 1721 1578 1775 habe·
1654 1784 1656 1797 Ι

340 1823 402 1869 rent
413 1818 573 1882 exercitum,
587 1819 663 1872 etsie
677 1832 728 1872 ncc
741 1832 862 1888 pugnare
881 1831 932 1872 nec
951 1823 1043 1885 posset
1063 1817 1168 1885 lugere,
1190 1831 1256 1885 prae
1277 1818 1361 1871 nimia
1374 1824 1402 1872 et
1416 1820 1496 1873 varia
1507 1833 1574 1874 cura
1590 1822 1617 1873 lt
1654 1812 1656 1889 ξ

340 1915 532 1984 obdormisset,
545 1931 608 1972 ecce
621 1919 698 1972 miles
711 1918 809 1971 christi
822 1919 986 1972 cuthbertus
998 1918 1023 1971 ei
1037 1918 1180 1971 manifeste
1200 1918 1328 1984 apparuit
1346 1922 1374 1971 et
1384 1918 1471 1972 nimis
1482 1920 1576 1974 uani·
1653 1894 1656 2023 Ξ

340 2018 760 2072 matumhisverbisanimavit:
773 2019 951 2087 netimeas,
973 2018 1072 2085 inquit,
1094 2018 1169 2085 quio
1189 2029 1242 2086 epo
1264 2019 1365 2071 tecum
1380 2031 1466 2086 sum,
1479 2032 1579 2088 neque

342 2114 468 2184 diffidas
474 2119 640 2186 paucitate
651 2118 808 2186 miiitum,
821 2119 896 2186 quia
908 2117 1008 2173 hostes
1020 2117 1091 2185 mei,
1105 2116 1209 2173 adbuc
1218 2117 1291 2186 υἱοί,
1302 2129 1412 2172 coram
1423 2119 1488 2173 Deo
1498 2122 1575 2173 aunt
1654 2110 1656 2129 '

340 2217 467 2286 mortui,
475 2231 531 2272 nec
537 2221 688 2285 poemeni
700 2218 757 2272 tibi
767 2218 913 2272 resistere
924 2217 979 2285 qut
985 2230 1098 2285 pacem
1110 2217 1166 2271 Dei
1174 2220 1204 2271 et
1216 2229 1392 2272 meamnon
1401 2217 1580 2273 timuerunt

342 2316 471 2372 violare.
484 2319 578 2372 Facto
589 2329 683 2372 mone
692 2330 786 2385 corpe
798 2312 953 2383 conciter,
967 2317 1056 2370 irrue
1068 2317 1103 2369 in
1113 2328 1165 2370 eos
1176 2316 1389 2386 confidentem
1405 2317 1488 2384 puin
1503 2331 1581 2372 moa
1595 2317 1624 2371 ts
1654 2348 1656 2381 Ι

341 2415 377 2467 in
384 2417 491 2483 primo
512 2416 659 2484 conflicto
680 2419 768 2471 terro
785 2416 988 2484 aperieturet
1007 2415 1092 2470 oioos
1113 2415 1147 2469 in
1168 2413 1332 2484 infernum
1351 2415 1509 2472 demittet.
1530 2417 1578 2472 llis

341 2515 422 2568 dictis
434 2517 580 2580 abscessit;
594 2529 716 2571 renuero
729 2516 872 2584 evigilavit.
886 2516 1005 2569 lixiliens
1018 2517 1119 2583 itaque,
1133 2516 1283 2569 exercitum
1295 2517 1469 2584 convocarit,
1482 2518 1579 2571 omnia

342 2614 409 2668 haec
421 2616 550 2669 omnibus
562 2616 670 2682 publice
693 2616 822 2681 narravit,
844 2628 963 2683 moxque
978 2615 1051 2669 tacto
1064 2627 1144 2668 mane
1156 2615 1185 2666 in
1197 2614 1290 2667 hostes
1301 2614 1392 2667 irruit.
1404 2614 1462 2668 sm
1480 2628 1580 2671 secun·

341 2711 406 2767 dum
419 2715 469 2768 viri
483 2717 528 2769 liei
540 2716 665 2782 verbum,
678 2728 735 2780 eos,
749 2728 812 2768 mox
824 2715 853 2767 in
865 2716 953 2782 primo
966 2713 1093 2769 contliotu
1111 2715 1186 2768 vivos
1205 2718 1278 2768 terra
1298 2712 1463 2769 dehiscente
1482 2717 1580 2770 absor-

340 2818 410 2881 ptos,
424 2828 479 2868 non
494 2816 608 2882 invenit,
622 2821 751 2869 renovato
764 2816 801 2869 ibi
814 2816 976 2868 mirabiliter
996 2815 1109 2883 antiquo
1122 2814 1264 2881 miraculo,
1277 2813 1390 2880 quarmo
1409 2821 1510 2881 aperta
1529 2823 1574 2871 cst
1590 2818 1622 2871 tt

340 2918 412 2968 terra
425 2919 453 2967 et
465 2915 606 2983 deglutivit
617 2915 721 2969 bathan
734 2920 761 2968 et
772 2916 880 2982 operuit
891 2927 975 2981 super
987 2914 1229 2982 congregationem
1240 2913 1354 2967 Abiron.

521 3125 608 3190 Vmu
632 3125 667 3191 S.
686 3125 917 3190 Auunuwoum
933 3121 1014 3205 (Cir.
1035 3143 1146 3209 supro,
1165 3143 1197 3208 p.
1225 3123 1305 3200 355,
1325 3122 1388 3210 6⁰).

545 3331 674 3404 Incipit
687 3332 857 3403 prologus
871 3329 909 3390 ln
923 3329 1002 3390 vita
1016 3330 1133 3391 sancti
1147 3323 1377 3391 Athelwoldl.

372 3511 489 3565 illiricus
501 3511 595 3576 abbas,
609 3508 804 3562 wintoniensis
816 3507 954 3572 alumnus,
968 3508 1121 3561 honorabili
1134 3508 1262 3574 episcopo
1273 3506 1389 3560 lienulio
1401 3512 1431 3561 et
1441 3507 1578 3563 iratribus

339 3611 583 3676 wintoniensibus,
603 3609 717 3663 salutem
731 3609 758 3660 in
779 3607 895 3661 Christo.
909 3609 1025 3675 Dignum
1046 3606 1150 3662 ducens
1171 3607 1291 3673 denique
1312 3606 1404 3673 aliqua
1425 3607 1461 3661 de
1485 3610 1572 3676 gestis
1591 3610 1622 3663 iti

339 3684 423 3778 patris
435 3712 520 3765 nostri
533 3716 560 3762 ct
573 3707 707 3777 rnagnillci
718 3707 836 3761 doctoris
846 3707 1008 3762 Athelwoldi
1020 3708 1167 3761 memoriae
1181 3707 1261 3761 modo
1268 3706 1477 3774 commendare,
1485 3715 1575 3762 trans-

340 3813 408 3865 actis
430 3811 556 3865 videlicet
576 3810 670 3876 viginti
697 3809 777 3861 annis
796 3813 857 3874 post
877 3810 936 3875 ejus
958 3794 1159 3878 migrationem,
1182 3808 1259 3861 brevi
1280 3806 1392 3874 quidem
1412 3809 1575 3864 narratione

342 3912 451 3965 meatim
463 3913 483 3977 ⁶,
496 3909 544 3963 sed
562 3915 588 3961 et
609 3909 719 3969 rustica,
732 3921 803 3975 quae
823 3906 893 3973 apud
915 3921 964 3961 vos
983 3909 1026 3962 vel
1044 3909 1112 3960 alias
1132 3921 1148 3961 a
1167 3906 1294 3960 fidelibus
1314 3906 1409 3972 didici,
1423 3904 1490 3961 huic
1511 3909 1574 3962 stilo

340 4012 443 4078 ingero,
458 4022 492 4062 ne
505 4009 575 4062 forte
588 4008 696 4074 ponitus
709 4012 819 4074 propter
831 4006 952 4072 inopiam
964 4006 1127 4072 scriptorum
1141 4005 1270 4060 oblivioni
1285 4004 1430 4059 tradantur
1440 4005 1573 4061 ·.llaletc.

339 4108 481 4175 Explicit
492 4109 652 4174 prologus.
1591 4106 1621 4158 to

851 4237 968 4303 Incipit
979 4237 1062 4291 vito.

374 4408 402 4460 1.
415 4410 500 4460 Erant
511 4410 602 4459 autem
615 4410 744 4472 parentes
758 4405 845 4458 sancti
867 4403 1028 4456 Athelwoldi
1046 4402 1213 4456 habitatores
1234 4400 1350 4453 civitatis
1367 4401 1495 4471 wentae,
1508 4408 1577 4458 tem·

341 4520 408 4574 pore
420 4504 560 4559 liadwerdi
574 4505 645 4573 regis
663 4504 812 4572 anglorum
835 4504 974 4569 florentes,
998 4501 1098 4555 eximio
1120 4501 1168 4554 liei
1181 4500 1254 4553 dono
1275 4499 1407 4567 decorati,
1420 4514 1479 4568 quo
1491 4503 1577 4556 talem

343 4605 510 4661 meruissent
521 4607 626 4672 prolem
638 4605 865 4673 generare,cujus
876 4602 1049 4656 documentis
1063 4615 1118 4655 non
1131 4600 1220 4654 solum
1229 4599 1383 4667 praesentis
1396 4602 1459 4654 aevi
1469 4603 1578 4670 populi,

344 4706 392 4761 sed
412 4706 494 4762 etiam
515 4705 608 4772 futuri,
620 4705 736 4774 caligine
757 4705 909 4759 caruissent
925 4703 1037 4757 erroris.
1058 4703 1127 4769 llrgo
1150 4700 1214 4754 felix
1234 4701 1293 4767 elus
1312 4699 1436 4767 genitrix
1461 4700 1531 4755 dum
1551 4703 1580 4756 in
1596 4702 1627 4755 5
