3316 5482
259 341 354 394 amn.
372 341 456 393 nur.
474 340 592 393 ruam.
610 362 656 374 -
672 341 825 393 menso.
844 341 891 393 an
908 340 986 396 nou.
1005 340 1082 396 nass.
1211 331 1279 399 395

16 519 108 571 ctum
122 514 275 580 incitabat,
287 526 351 568 mox
368 512 447 567 illum
458 513 583 567 hostibus
604 511 805 566 intolerabilem
826 512 910 567 iecit:
931 513 1109 581 nequeenim
1130 513 1279 584 aliquando

20 615 168 671 auditum
180 614 309 681 estquod
320 612 420 680 aliquis
432 625 481 679 pro
494 611 623 666 ildclitate
634 610 742 665 Geraldi
755 612 915 680 pugnaverit
927 626 1010 680 quem
1021 618 1136 668 euentus
1148 615 1279 670 victoriae

24 715 198 771 refellisset.
211 712 265 767 sed
277 714 328 766 hoc
340 715 445 765 certum
457 715 565 765 constat
583 710 648 778 quia
660 723 711 764 nec
724 711 781 777 ipse
793 709 945 779 quemlibet
959 725 1091 780 umquam
1102 713 1112 740 ⁸
1124 714 1280 769 vulneravit

27 827 88 868 uec
101 814 142 867 ab
156 812 251 879 aliquo
263 811 425 864 uulneratus
437 814 489 864 est.

10 916 20 971 l
66 915 104 967 4.
124 911 322 979 Explorauerat
342 911 471 978 antiquus
483 909 568 963 bostis
589 921 679 963 mores
691 909 901 976 hujusjuvenis‚
916 913 943 963 et
963 910 1056 964 nescio
1068 910 1135 978 quid
1153 911 1279 967 diuinum

37 1015 65 1067 in
79 1027 115 1068 eo
129 1015 343 1078 commentatus,
357 1011 385 1063 in
399 1009 548 1064 invidiam⁴
564 1007 773 1074 exardescebat3
788 1013 816 1061 et
827 1009 935 1075 pletatis
944 1008 1071 1064 allectum
1085 1012 1113 1064 in
1125 1012 1207 1067 corde
1220 1015 1280 1081 ejus

41 1113 167 1167 obruere
187 1111 317 1179 gestiens,
341 1108 376 1162 ad
397 1107 466 1161 illud
486 1113 565 1161 retus
585 1107 755 1173 deceptionis
777 1112 969 1176 argumentum
990 1111 1142 1164 recucurrit
1169 1112 1244 1180 quod
1265 1116 1275 1143 ⁸

43 1213 164 1265 maxime
175 1210 219 1264 vel
232 1210 315 1263 hdarn
325 1209 368 1263 vel
378 1214 501 1277 posteros
511 1209 571 1275 ejus
583 1206 710 1274 decipere
720 1208 870 1261 consuevit.
880 1208 1009 1262 Amorem
1022 1210 1123 1278 quippe
1135 1212 1280 1279 cujusdam

43 1310 220 1378 juvenculae,
233 1313 264 1361 ut
274 1308 372 1374 fertur,
385 1306 488 1373 pectori
501 1307 560 1373 ejus
572 1306 704 1374 ingessit3
720 1319 802 1372 quarn
815 1306 882 1359 dum
897 1307 908 1336 ⁸
919 1305 1048 1361 incautus
1060 1309 1204 1378 aspiceret,
1216 1323 1280 1365 mox

10 1408 73 1467 bin
85 1410 265 1465 dilectionem
277 1407 287 1434 ⁸
299 1420 378 1462 mens
387 1406 461 1460 illius
474 1406 635 1460 mollescere
647 1406 746 1472 coepit.
759 1406 914 1472 lugebatur
926 1419 1000 1475 ergo,
1014 1411 1041 1462 et
1052 1421 1116 1462 ecce
1127 1409 1183 1478 igni
1200 1424 1281 1464 mens

44 1511 118 1564 illius
138 1509 318 1577 coquebatur.
340 1507 462 1561 Tandem
484 1519 549 1560 vero
574 1507 607 1560 ad
629 1506 823 1575 degustatam·
844 1509 957 1573 superni
981 1509 1082 1564 amoris
1103 1510 1279 1566 dulcedinem

45 1623 204 1675 recurrens,
225 1608 314 1675 coepit
330 1607 495 1674 resipiscere
505 1605 525 1674 ⁸,
539 1610 566 1660 et
587 1607 686 1659 christi
703 1606 878 1661 clementiam
897 1607 1059 1675 deprecans,
1072 1609 1124 1663 hoc
1145 1610 1219 1677 quod
1231 1624 1280 1678 per

45 1711 185 1765 flammam
205 1707 328 1762 libidinis
349 1707 462 1761 ardebat
482 1704 590 1773 coepit*
608 1706 740 1774 paulatim
768 1706 854 1760 diuini
874 1707 980 1761 timoris
1000 1708 1124 1763 intuitu·
1139 1723 1278 1778 superare.

45 1810 120 1865 lecit
131 1822 197 1879 ergo
211 1808 342 1862 hominus
354 1820 417 1861 cum
438 1806 617 1873 temptatione
629 1810 792 1873 proventum
805 1811 833 1859 et
850 1819 961 1861 seruum
973 1821 1054 1861 suurn
1066 1807 1189 1862 defendit
1200 1809 1235 1863 ad
1248 1823 1279 1864 se

10 1912 29 1968 b
44 1910 258 1978 coubrgienlem.
272 1908 347 1962 heris
359 1906 534 1961 inclementia
553 1906 638 1960 nimio
650 1906 713 1975 gelu
725 1909 792 1959 tunc
805 1905 826 1972 ⁹,
839 1912 870 1959 ut
887 1906 974 1972 aiunt,
987 1907 1169 1977 inhorruerat,
1183 1909 1279 1976 etipse

45 2011 167 2065 ramulus
180 2009 229 2064 bei
250 2009 272 2036 ¹⁰
286 2007 417 2063 Geraldus
428 2021 477 2074 per
496 2010 581 2061 totam
603 2010 712 2061 noctem
727 2007 748 2034 ¹¹
770 2019 800 2060 se
820 2005 918 2061 eodem
937 2008 1001 2075 gelu
1021 2009 1119 2061 torreri
1142 2007 1276 2076 permisit,

45 2111 152 2164 scilicet
166 2114 198 2163 ut
211 2121 309 2177 pravae
320 2107 509 2162 delectationis
526 2105 651 2160 ardorem
665 2106 761 2173 ingens
771 2106 856 2175 frigus
866 2107 1062 2176 exstingueret.
1075 2107 1177 2162 bebiuo
1186 2113 1277 2163 autem

44 2209 163 2278 periculi
183 2208 372 2275 experimento
382 2207 488 2260 cautius
497 2220 525 2260 se
535 2205 703 2272 custodiens,
715 2206 780 2260 satis
789 2207 901 2260 cavebat
912 2220 947 2260 ne
956 2206 990 2260 ad
1000 2207 1059 2275 ejus
1068 2220 1115 2261 cor
1126 2221 1174 2274 per
1184 2208 1277 2264 oculos

45 2309 164 2363 intraret
176 2305 250 2375 quod
263 2307 288 2361 ei
311 2305 414 2360 bellum
427 2305 550 2359 libidinis
560 2306 589 2357 in
601 2318 631 2359 se
642 2305 663 2332 ¹¹
677 2305 767 2372 ipsum
780 2312 912 2360 moveret.
925 2308 958 2360 tlt
977 2319 1043 2360 vero
1055 2318 1112 2360 non
1124 2306 1205 2376 longe
1218 2312 1279 2374 post

10 2411 30 2464 u
46 2407 164 2463 caecitas
177 2404 298 2474 irrepsit,
312 2419 381 2474 quae
393 2405 537 2472 peronius
557 2405 622 2458 anni
636 2405 753 2472 spatium
765 2405 861 2460 oculos
872 2407 932 2473 ejus
943 2406 1052 2472 penitus
1065 2406 1177 2460 obtexit.
1191 2406 1277 2461 credo

43 2507 120 2577 quod
133 2508 258 2561 internus
267 2506 363 2574 judex,
377 2507 466 2574 quiin
479 2506 573 2559 electis
586 2506 642 2559 suis
655 2506 723 2558 nihil
737 2519 799 2560 esse
810 2505 869 2560 vult
880 2506 952 2574 quod
966 2507 1060 2561 oculos
1073 2509 1132 2573 ejus
1144 2506 1276 2575 offendat,

43 2608 106 2661 ideo
121 2605 258 2674 llagellum
279 2607 331 2659 hoc
352 2605 444 2658 intulit
464 2610 495 2657 ut
514 2618 593 2658 mens
602 2605 733 2673 juvenilis
751 2610 778 2659 et
798 2605 833 2659 de
853 2605 1000 2672 praeterito
1021 2611 1185 2676 purgaretur
1205 2608 1278 2662 etdc

44 2706 138 2759 luturo
150 2703 281 2758 mundior
290 2710 455 2759 servaretur.
466 2707 594 2758 Amorem
604 2705 706 2771 quippe
717 2702 848 2758 castitatis
862 2705 1006 2757 intantum
1020 2704 1121 2759 dehinc
1130 2707 1280 2773 assumpsit

45 2809 77 2858 ut
88 2804 274 2871 complexum,
285 2805 332 2872 qul
343 2805 415 2858 inter
427 2805 584 2859 osculantes
595 2804 697 2858 amicos
710 2805 781 2858 solet
790 2802 858 2868 lieri,
872 2804 923 2859 iste
932 2804 1004 2871 apud
1017 2804 1146 2872 seminas,
1155 2806 1280 2873 quamuis

10 2905 30 2959 5
46 2904 279 2973 consanguineas,
293 2905 433 2958 devitaret.
448 2904 518 2967 Quin
536 2904 619 2956 etiam
640 2904 730 2970 ipsum
744 2903 901 2971 conjugium
915 2903 951 2956 ita
965 2903 1062 2971 telligit
1073 2907 1104 2956 ut
1117 2916 1168 2957 nec
1179 2904 1280 2958 willel·

46 3018 111 3058 mus
123 3003 170 3058 ille
182 3003 215 3069 ¹⁸,
228 3004 285 3057 dux
305 3004 514 3071 Aquitaniorum
523 3004 556 3071 ¹⁴,
579 3004 703 3057 obtinere
721 3008 813 3070 posset
830 3002 903 3070 quod
916 3002 939 3029 ¹⁸
951 3003 1010 3069 ejus
1022 3015 1144 3057 sororem
1157 3003 1278 3059 duceret.

47 3106 97 3160 Cui
111 3119 173 3159 curn
187 3104 290 3159 diceret
301 3106 366 3173 quia
378 3106 429 3160 hoc
441 3118 534 3159 amore
544 3104 664 3158 liliorum
675 3105 832 3158 consentire
844 3102 968 3170 deberet,
981 3103 1079 3156 melius
1091 3117 1152 3157 esse
1171 3104 1281 3159 dicebat

47 3205 110 3258 sine
122 3203 186 3256 filiis
198 3204 267 3258 mori
279 3218 363 3271 quam
375 3204 532 3272 relinquere
546 3203 631 3257 malos
651 3203 774 3256 heredes.
797 3204 932 3270 Ceterum,
946 3206 1082 3256 transacta
1102 3205 1280 3270 temptatione

48 3303 177 3370 superius
189 3306 348 3369 memorata,
363 3308 472 3356 nonest
492 3302 614 3355 auditum
627 3300 700 3369 quod
718 3302 766 3355 tali
779 3301 985 3368 impugnatione
1003 3300 1136 3368 deinceps
1153 3301 1280 3371 fatigatus

10 3402 92 3457 ibsit.
107 3402 258 3469 Siquando
279 3407 369 3456 aulem
391 3402 419 3455 in
440 3403 544 3456 somnis
565 3402 764 3468 phantasticam
780 3400 803 3428 ⁴⁶
825 3401 980 3454 illusionem
1002 3401 1171 3468 incurrisset,
1187 3401 1281 3456 abluto

47 3503 174 3571 protinus
194 3514 318 3569 corpore,
340 3508 514 3569 praeparatas
537 3502 571 3556 ad
593 3504 645 3556 hoc
666 3503 754 3569 ipsum
773 3506 860 3555 restes
880 3501 1010 3555 mutabat.
1024 3503 1078 3554 Nec
1100 3501 1154 3554 hoc
1177 3507 1281 3569 praete·

47 3600 187 3655 reundum
206 3602 322 3669 uidetur,
343 3602 472 3669 quoniam
493 3601 658 3656 verecundia
679 3613 772 3655 comes
795 3598 936 3669 religionis
959 3604 1010 3665 est,
1032 3600 1106 3667 quod
1129 3614 1280 3668 numquam

48 3700 142 3754 nudus
151 3699 174 3727 ¹¹
187 3700 274 3755 uideri
285 3701 405 3756 volebat.

83 3801 119 3853 5.
137 3803 197 3852 iam
210 3811 285 3865 vero,
298 3801 377 3866 quasi
398 3801 515 3854 excoctis
526 3801 599 3854 vitiis
620 3804 647 3854 et
659 3799 785 3852 sensibus
805 3798 931 3865 expolitis
942 3799 963 3867 ³,
984 3797 1101 3852 ducebat
1119 3798 1202 3852 vitam
1220 3799 1281 3853 reli·

10 3902 31 3954 it
46 3898 148 3968 gione¹
160 3903 189 3952 et
200 3899 341 3953 honestate
354 3900 479 3966 plenam:
494 3914 546 3954 nec
566 3901 752 3955 saecularibus
766 3902 939 3956 actionibus¹
952 3914 1012 3955 sese
1024 3902 1201 3956 subtrahebat
1218 3915 1280 3957 oum

47 4011 131 4052 causa
143 3998 311 4064 deposceret,
324 4012 377 4053 neo
389 4005 479 4053 tanmn
491 4002 530 4054 a*
551 4000 684 4069 religiosis
697 4002 802 4055 actibus
822 4002 978 4068 patiebatur
994 4001 1133 4069 impediri.
1147 4003 1281 4056 ilonestos

49 4161 60 4187 ⁸
74 4175 133 4218 om.
147 4167 173 4216 3.
883 4208 886 4213 .

83 4247 175 4298 Num.
189 4247 220 4298 4.
242 4249 292 4285 -⁴
307 4247 346 4312 (in
365 4248 431 4312 inv.)
451 4248 552 4301 invidia
572 4252 597 4301 5.
613 4277 643 4287 -
656 4252 666 4279 ¹
679 4262 733 4316 quo
745 4251 770 4300 5.
784 4277 817 4288 -
829 4251 839 4277 ⁸
852 4262 914 4302 cunr
932 4250 985 4313 ²23·
998 4277 1031 4286 -
1044 4252 1054 4278 ⁴
1067 4248 1278 4302 delectationem

47 4332 103 4393 25).
119 4356 148 4367 -
162 4328 172 4354 ⁰
185 4328 381 4396 degustandam
401 4332 454 4395 ab.
468 4333 523 4368 -0
540 4333 677 4397 respicere
697 4334 721 4384 i.
735 4330 790 4369 -⁷
817 4332 885 4384 servi
905 4331 970 4394 (sic)
993 4333 1043 4398 l,2.
1063 4331 1118 4368 -'
1139 4331 1277 4384 interdum

47 4417 81 4479 l;
96 4412 225 4477 paulatim
234 4412 307 4464 add.
321 4414 345 4465 Ξ.
360 4441 391 4451 -
404 4411 414 4437 ⁰
426 4427 484 4466 om.
498 4416 550 4480 ²³3·
565 4443 597 4452 -
610 4415 631 4441 ⁴⁰
643 4416 671 4478 (l.
686 4418 726 4479 b.)
738 4428 795 4468 om.
810 4417 862 4480 25.
874 4442 907 4452 —
921 4413 939 4438 '³
954 4416 983 4479 (t.
999 4420 1038 4478 n.)
1051 4429 1079 4466 n.
1092 4419 1110 4466 t.
1125 4416 1150 4467 Ξ.
1162 4443 1195 4452 -
1207 4412 1229 4439 ¹¹
1242 4414 1280 4478 (in

44 4497 159 4560 selom.
173 4495 225 4560 λδ.
239 4523 271 4532 -
284 4494 306 4520 ¹³
318 4495 429 4561 quidem
442 4497 495 4562 ip.
507 4525 541 4536 -
554 4497 575 4523 ¹⁴
594 4499 792 4564 aquitanorum
809 4501 834 4550 3.
847 4527 880 4534 -
892 4497 915 4524 ⁴⁸
927 4511 981 4565 quo
1002 4502 1025 4551 l.
1038 4527 1071 4536 -
1084 4497 1105 4523 ⁴·
1118 4498 1156 4564 (q.
1176 4509 1202 4549 a.
1216 4496 1244 4548 in
1257 4510 1279 4551 s.

43 4579 115 4646 ph).
128 4576 276 4643 aliquando
288 4579 317 4630 in
329 4592 351 4630 s.
365 4579 411 4645 ph.
424 4580 449 4645 2,
464 4580 509 4644 ph.
522 4580 670 4646 aliquando
682 4581 711 4632 in
724 4594 746 4633 s.
758 4584 815 4634 3-
827 4578 849 4606 ¹²
863 4580 968 4635 nudum
981 4594 1010 4634 sc
1022 4583 1074 4648 2‚3.

80 4660 175 4713 Num.
189 4659 220 4711 5.
235 4660 286 4700 -⁴
307 4661 455 4727 impollutis
475 4662 528 4728 23.
542 4689 572 4702 -
585 4661 595 4688 ¹
609 4663 761 4731 religiosam
779 4665 833 4731 25.
850 4692 884 4703 -
896 4661 906 4688 ¹
919 4676 978 4718 om.
1000 4665 1025 4734 Ξ,
1038 4663 1094 4703 -⁴
1109 4675 1169 4719 om.
1182 4665 1235 4731 bb.
1247 4690 1281 4704 -
