3316 5482
202 315 271 383 552
549 331 677 383 curua.
696 331 799 384 cooo.
818 333 993 385 meroen.
1012 337 1092 389 car.

302 500 343 578 3⁰
361 500 469 603 [Item
487 501 607 579 altera
626 501 801 602 ejsudem
820 503 996 606 epistola]
1012 504 1089 604 (fol.
1111 503 1287 607 llil-llll.

241 632 362 702 ottold,
375 635 411 686 a.

304 732 344 808 4⁰
360 731 457 832 [Vita
475 738 700 810 sauctorum
716 732 840 810 Amici
860 741 898 812 et
915 733 1066 835 Amelii]
1082 734 1161 833 (iol.
1178 735 1351 838 lor-617.

242 863 291 916 ud.
303 875 348 930 ap.
361 864 560 930 llorullritium,
572 867 639 917 tom.
654 866 674 917 l.

425 1336 588 1427 couvi.
611 1336 738 1426 (lodex
763 1338 951 1449 signatus
986 1336 1250 1427 cumolos.

245 1583 314 1637 olim
327 1583 427 1651 Regius
436 1584 464 1635 C.
480 1582 570 1635 locos.

244 1682 381 1737 Foliorum
393 1684 436 1747 58,
449 1681 517 1735 min.
529 1681 750 1747 (ommam),
764 1678 844 1732 lineis
856 1679 954 1746 plenis,
967 1685 1093 1734 exaratus
1105 1692 1178 1734 saec.
1192 1682 1246 1735 llv.

310 1780 348 1856 l⁰
365 1779 482 1856 Liber
499 1787 698 1880 gestorum
727 1775 859 1854 Karoli
890 1799 912 1854 a
943 1777 1115 1878 Turpiuo
1143 1777 1438 1880 archiepiscopo

361 1904 491 1982 eurus
507 1903 583 2004 (m.
607 1899 772 2000 u-ar).*

243 2039 311 2090 Cum
324 2036 516 2090 additamentis
536 2034 617 2088 editis
638 2030 846 2116 alleilleuherg
861 2046 888 2099 p.
909 2032 1005 2085 627-32
1028 2041 1056 2087 et
1076 2035 1160 2088 eliam
1182 2035 1377 2091 additamento
1390 2040 1444 2105 post

209 2135 358 2203 capued.
372 2149 455 2203 supra
466 2137 525 2189 llll.
764 2185 768 2193 .

241 2238 315 2302 Quae
327 2237 451 2302 sequitur
463 2234 577 2300 epistola
589 2232 683 2286 calixti
697 2231 755 2298 (lol.
768 2233 875 2294 olfatu)
888 2244 944 2285 nou
961 2236 1004 2284 est
1016 2232 1050 2285 de
1062 2233 1121 2287 Vita
1133 2235 1160 2287 S.
1175 2235 1273 2288 lacobi
1285 2235 1375 2303 (quod
1386 2249 1444 2303 per·

210 2349 303 2403 peram
316 2334 445 2388 asseritur
458 2334 486 2386 lu
498 2331 624 2398 catalogo
638 2344 702 2382 mss.
717 2329 761 2382 ed.
775 2342 818 2382 au.
834 2332 916 2396 llll),
934 2329 982 2381 sed
1003 2344 1057 2397 qua
1086 2332 1209 2385 hortatur
1231 2334 1401 2388 christianos
1417 2333 1448 2387 ad

215 2435 318 2489 bellum
331 2448 438 2488 sacrum
450 2436 545 2487 contra
557 2428 949 2496 Sarracenossusoipieudum,
961 2429 1006 2483 ed.
1018 2444 1064 2498 ap.
1077 2432 1117 2484 lll.
1140 2432 1252 2500 llollert,
1274 2422 1381 2488 Etacde
1397 2447 1450 2488 aur

221 2535 265 2588 leo
277 2536 360 2589 actes
376 2533 420 2585 du
426 2543 511 2599 pape
524 2530 646 2585 calixte
656 2528 693 2582 ΙΙ
700 2528 785 2594 (Paris
800 2530 881 2594 loll),
895 2526 1030 2594 llppeud.‚
1043 2543 1071 2595 p.
1093 2532 1148 2582 llo.

318 2632 358 2708 2⁰
371 2630 454 2709 Vita
484 2630 619 2708 beatae
636 2627 847 2706 Verouioae
877 2626 1039 2728 virginis
1056 2627 1133 2726 (fol.
1155 2627 1329 2732 aar-36⁸3.

253 2768 309 2819 luc.
322 2764 471 2820 Dominus
482 2764 587 2818 noster
597 2761 626 2815 J.
643 2761 671 2816 C.
687 2760 882 2828 praedicans
901 2763 932 2813 et
951 2759 1117 2828 baptizans
1138 2761 1173 2815 in
1183 2761 1310 2819 Iudaea
1324 2765 1453 2820 eilm-

209 2864 351 2920 Δεαὶφη...

250 2967 308 3017 lies.
321 2963 478 3022 Quaedam
488 2963 546 3014 lucr
555 2961 639 3014 uellet
648 2958 761 3012 rodier
772 2957 848 3011 solis
860 2969 930 3011 vere
941 2956 985 3011 ibi
995 2958 1150 3025 apparuit
1162 2960 1248 3014 locus
1262 2960 1338 3014 inde
1352 2960 1447 3028 refut

217 3062 259 3116 sit
270 3062 359 3116 beata
371 3060 476 3114 Mario
489 3061 575 3126 vlryo
585 3072 656 3114 cum
668 3057 759 3112 choro
768 3057 926 3123 viminum
935 3057 1109 3112 videntibus
1119 3060 1185 3114 illis
1202 3060 1260 3127 qui
1268 3061 1449 3116 aderam...

440 3544 623 3633 oculu.
643 3544 769 3631 Codex
784 3544 972 3653 signatus
988 3569 1102 3631 uum.
1128 3542 1254 3633 6263.

252 3793 321 3844 Olim
334 3792 506 3845 colbertinus
517 3793 594 3856 6520,
608 3791 709 3844 deinde
721 3790 819 3858 Regius
832 3792 860 3843 G.
879 3792 966 3843 locos.
979 3793 1004 3843 l.

253 3891 389 3944 Foliorum
402 3892 444 3955 25,
465 3890 531 3942 min.
553 3892 702 3956 (0¹¹¹,ll><0‚
718 3892 784 3955 llll),
798 3890 879 3942 lineis
892 3889 991 3955 plenis,
1005 3894 1131 3942 exaratus
1143 3902 1215 3942 saec.
1230 3893 1300 3945 xlll.

252 3996 349 4045 Totum
363 3991 484 4045 codicem
498 3991 615 4055 complet

318 4090 412 4191 [Vita
431 4088 637 4188 [tagoberti
657 4088 705 4163 lll
725 4089 826 4189 regis
842 4088 1102 4190 Francoruml.

254 4221 302 4273 Ed.
320 4234 353 4273 ex
366 4222 417 4272 troc
429 4219 523 4271 codice
536 4232 552 4270 a
565 4218 599 4270 cl.
615 4221 656 4271 Br.
671 4220 784 4283 llrusch,
797 4221 878 4273 Mon.
893 4220 996 4274 Garun.
1009 4221 1107 4285 (iu-4⁰),
1119 4220 1230 4287 script.
1244 4221 1445 4288 Rer.ll1erov.,

221 4326 287 4373 tom,
302 4323 333 4383 ll,
348 4335 373 4385 p.
387 4322 491 4372 all-al.

683 4529 975 4538 ...Ἥ
