3316 5482
210 313 281 383 226
557 329 684 381 curan.
703 327 806 380 cono.
824 327 999 378 usercen.
1017 327 1099 379 aar.

212 501 271 566 ipse
284 501 312 552 in
324 500 384 566 ejus
396 499 506 566 eloquio
519 499 684 566 personabat
692 499 740 566 qui
756 499 785 551 in
798 497 940 566 evangelio
952 497 1095 564 discipulis
1107 496 1175 550 dicit
1187 512 1194 550 ε
1207 496 1279 551 Non
1289 496 1375 550 enim
1392 483 1492 550 pfl

212 598 286 652 estis
298 598 354 666 qui
363 597 538 666 loquimini,
551 598 606 652 scd
617 597 750 665 spiritus
756 597 865 666 patris
877 597 984 665 vestri,
997 597 1051 665 qui
1064 596 1204 665 loquitur
1216 595 1251 650 in
1262 595 1358 650 codd.
1373 585 1500 665 tis*

211 697 259 750 bat
279 697 308 750 in
328 709 361 750 eo
382 709 494 765 quoquc
515 696 703 750 continentiae
722 695 892 765 magnitudo,
914 696 1035 764 perlecta
1055 696 1164 764 caritas,
1186 695 1257 749 mira
1274 695 1435 763 simplicite.
1458 684 1507 736 A.

212 797 352 851 humilitas
362 797 507 862 immensa,
521 808 553 850 ac
564 797 648 850 totius
659 796 725 850 boni
737 797 829 863 operis
842 797 946 850 tructus
957 796 1011 850 huc
1024 796 1144 864 illucque
1161 796 1349 864 dispergebat.
1366 783 1513 863 cult9⁵

212 896 287 950 beati
297 897 412 950 virtutes
424 895 493 950 nulli
506 894 622 949 dubium
635 895 670 948 sit
681 894 774 962 plures
787 895 924 948 exstitisse
945 900 973 949 et
985 895 1114 963 existere,
1134 908 1196 949 cum
1218 894 1279 964 clus
1296 894 1404 949 actibus
1419 876 1513 948 ff*

211 996 293 1050 bonis
305 997 434 1063 operibus
448 1008 515 1064 gens
528 996 614 1062 ipsius
628 995 731 1062 patriae
749 995 843 1049 lumen
865 994 928 1049 ddci
950 996 1076 1063 primitus
1097 996 1248 1063 susceperit
1264 1009 1297 1049 ac
1318 1008 1369 1063 per
1388 985 1513 1063 siff

210 1097 343 1151 virtutum
354 1097 473 1165 insignia
484 1096 645 1163 crediderit,
659 1097 784 1164 quamvis
802 1100 849 1150 aut
869 1096 1035 1162 scriptorum
1057 1096 1230 1164 neglegentia
1252 1096 1342 1162 ipsius
1362 1094 1434 1149 admi
1451 1072 1513 1137 ᾗ

188 1230 191 1239 -
211 1195 297 1248 randa
309 1208 391 1261 opera
404 1195 484 1249 nobis
497 1208 552 1248 uon
565 1193 634 1248 adeo
648 1195 802 1248 habeantur
812 1194 922 1262 cognita
934 1199 980 1247 aut
993 1198 1148 1260 temporum
1171 1194 1369 1259 immensitate,
1390 1183 1513 1247 sacre

211 1297 331 1363 pissimis
343 1296 523 1350 barbarorum
537 1295 694 1349 incursibus
712 1296 900 1364 existentibus,
916 1294 950 1348 ad
969 1299 1092 1349 nostram
1110 1295 1234 1349 notitiam
1254 1306 1313 1348 uon
1330 1291 1510 1361 pleniteffl

212 1396 396 1462 pervenerint.
409 1395 546 1459 Quaedam
559 1406 627 1448 vero
646 1395 709 1448 huic
726 1399 836 1448 nostrae
854 1394 1007 1448 narrationi
1025 1394 1140 1463 dignum
1155 1397 1197 1449 est
1213 1395 1351 1461 inserere,
1372 1406 1441 1462 quae
1462 1383 1513 1431 4

212 1499 289 1548 tanto
303 1495 404 1548 certius
416 1493 555 1548 credenda
567 1499 633 1547 sunt
652 1501 679 1547 et
698 1494 888 1560 ampiectenda
909 1499 1013 1562 quanto
1029 1495 1121 1549 verius
1141 1506 1157 1547 a
1177 1494 1275 1548 beatae
1296 1493 1445 1548 memoriae
1457 1485 1513 1535 ἑ

212 1594 340 1662 Gregorio
353 1594 507 1648 veronensi
519 1594 647 1660 episcopo
659 1593 794 1647 elucidata
808 1595 985 1661 cognovimus
996 1594 1063 1659 (l)...

245 1694 275 1748 8.
289 1698 408 1748 venusta
431 1694 552 1762 denique
576 1696 711 1748 immensa
724 1695 837 1749 basilica
854 1696 936 1763 huius
958 1695 1102 1749 memorati
1116 1695 1204 1749 sancti
1225 1695 1353 1764 Eutropii
1371 1696 1444 1752 deci·

212 1794 304 1848 dendo
316 1796 426 1863 penitus
438 1801 589 1850 corruerat.
602 1799 687 1860 Quam
707 1795 768 1862 piae
788 1795 988 1850 recordationis
1006 1796 1147 1863 Leontius,
1160 1796 1247 1866 ipsius
1265 1797 1446 1851 sanctonicae

211 1895 288 1948 urbis
300 1895 463 1949 venerabilis
475 1895 607 1962 pontifex,
616 1907 748 1950 renovare
760 1895 885 1962 cupiens,
894 1895 1029 1961 plurimos
1038 1894 1158 1949 artidces
1167 1909 1183 1949 e
1191 1894 1309 1950 diversis
1318 1896 1443 1962 partibus

211 1993 328 2062 collegit.
341 1995 424 2062 Cujus
436 1993 530 2060 templi
543 1994 723 2048 drudamenta
739 1994 860 2049 nobilius
871 1995 1021 2061 ampliavit,
1034 1994 1162 2062 ipsosque
1177 1994 1309 2049 basilicae
1326 1996 1445 2062 parietes

211 2094 357 2148 sublimius
369 2108 452 2162 quarn
465 2094 575 2147 fuerant
587 2087 684 2146 extulit
695 2107 727 2146 ac
740 2095 809 2147 miro
821 2093 922 2147 decore
940 2095 1068 2148 universa
1086 2107 1157 2162 quae
1169 2098 1250 2148 eraut
1272 2093 1445 2149 aedificanda

211 2191 355 2260 disposuit.
376 2193 496 2247 Parietes
516 2205 613 2245 omnes
632 2192 798 2247 intrinsecus
816 2194 938 2258 picbrrae
961 2193 1044 2246 variis
1064 2193 1202 2247 coloribus
1233 2192 1395 2261 adornavit,
1414 2197 1445 2246 ut

211 2293 318 2347 nullum
330 2293 418 2347 simile
431 2293 562 2359 tempium
574 2293 604 2346 in
615 2293 673 2360 ipsa
685 2293 797 2361 regione
809 2294 904 2347 haberi
917 2299 1069 2361 putaretur.
1088 2295 1171 2361 Cujus
1188 2292 1305 2348 aedilicii
1317 2294 1445 2350 decorem

210 2394 374 2447 Fortunatus
386 2393 526 2460 eleganter
537 2392 662 2446 versibus
670 2392 917 2459 comprehendens,
930 2394 959 2446 in
971 2392 1081 2449 laudern
1100 2393 1188 2460 ipsius
1208 2392 1362 2448 conditoris
1373 2394 1441 2448 haec
1458 2380 1513 2444 a!

211 2492 334 2545 carmina
346 2492 531 2560 composuisse
543 2489 697 2545 dinoscitur
708 2493 774 2558 (2)...

242 2591 275 2645 4.
284 2595 354 2646 llaec
366 2591 510 2659 perpaucis
522 2606 555 2645 cx
568 2592 649 2658 hujus
662 2592 735 2645 beati
748 2592 797 2645 viri
811 2590 940 2646 laudibus
950 2606 1112 2661 magnorum
1125 2596 1268 2647 auctorum
1281 2593 1441 2647 testimonio

209 2691 367 2758 dictasunt,
381 2691 459 2765 cujus
470 2691 599 2744 virtutum
610 2690 727 2758 insignia
739 2690 804 2757 quia
817 2703 872 2743 non
885 2702 1031 2757 possumus
1044 2691 1197 2759 exprimere
1210 2692 1283 2758 stilo,
1296 2696 1443 2760 patronum

210 2791 290 2845 nobis
303 2790 361 2844 deri
373 2805 436 2844 eum
447 2795 606 2857 exoptemus
618 2791 648 2843 in
660 2791 780 2856 saeculo,
794 2794 821 2843 et
834 2804 918 2857 quem
931 2793 1032 2844 mentis
1046 2791 1224 2859 aequiparare
1237 2804 1294 2845 non
1308 2793 1441 2858 valemus,

209 2889 343 2943 bonorum
356 2902 470 2957 operum
481 2888 620 2957 gressibus
638 2889 765 2955 prosequi
784 2888 955 2942 festinemus.
968 2890 1073 2942 Exstitit
1090 2895 1182 2945 autem
1201 2891 1333 2944 transitus
1352 2891 1439 2957 istius,
1455 2886 1513 2943 a&

209 2988 310 3056 dequo
323 2989 470 3056 loquimur,
483 2989 556 3042 beati
568 2988 690 3054 Eutropii
703 2988 839 3054 gloriosus
855 3001 873 3041 11
888 2989 1067 3042 kalendarum
1081 2990 1226 3057 maiarum,
1235 2995 1266 3043 ut
1277 2991 1307 3044 in
1316 2990 1441 3045 veridicis

209 3088 452 3156 praedecessorum
463 3094 617 3142 nostrorum
628 3088 788 3141 tractatibus
803 3087 962 3156 diligentius
971 3093 1176 3156 perscrutantes
1187 3091 1353 3145 invenimus.
1361 3090 1440 3158 Cujus

209 3188 373 3240 sanctissimi
391 3187 518 3253 precibus
533 3192 563 3241 ut
575 3186 716 3254 suffragari
730 3200 886 3241 mereamur
897 3188 926 3240 iu
938 3189 1022 3241 caelis
1034 3194 1139 3242 annuat
1156 3189 1215 3265 ipse
1232 3188 1302 3242 caeli
1314 3188 1440 3244 conditor

206 3292 234 3341 et
244 3288 318 3341 orbis
332 3287 462 3339 [lominus
474 3291 567 3340 noster
576 3288 656 3339 lesus
665 3287 797 3353 Christus,
806 3287 852 3353 qui
864 3286 892 3338 in
905 3287 1024 3340 trinitate
1038 3288 1156 3354 perlecta
1167 3288 1231 3341 vivit
1241 3294 1268 3342 et
1278 3295 1378 3358 regnat
1388 3302 1435 3356 per

209 3387 300 3439 omnia
312 3385 484 3438 saeculorum
496 3385 614 3440 saecula.
629 3386 724 3439 Amen.
1449 3385 1513 3434 iz

458 3483 602 3549 Explicit
612 3485 718 3549 passio
730 3483 840 3538 sancti
851 3483 999 3550 uuuopii
1011 3485 1184 3552 Martyris.

402 3686 595 3751 Pannrarro
619 3703 654 3750 nv
679 3703 757 3750 vrri
782 3683 816 3750 S.
843 3684 1010 3751 Ganoonrr
1034 3685 1243 3752 anrruzaru

586 3789 667 3878 (Cir.
686 3811 798 3878 supra,
818 3812 850 3878 p.
870 3791 950 3872 216,
968 3791 1055 3878 27⁰).

208 3983 337 4056 rnclptt
362 3980 541 4055 praelatio
556 3980 593 4040 ln
614 3980 694 4040 vita
708 3974 826 4041 saneti
848 3980 1014 4054 Gregorii
1031 3981 1251 4042 Nezanzicnl
1272 3981 1444 4056 episcopt.

240 4191 381 4241 Annorum
406 4189 609 4252 nongentorum
630 4188 657 4236 et
677 4184 759 4236 trium
779 4197 795 4237 a
814 4186 879 4236 lesu
901 4185 997 4237 Christi
1020 4184 1126 4237 bomini
1146 4183 1230 4238 nostri
1249 4183 1446 4238 incarnatione
1487 4159 1513 4210 ³

207 4287 278 4340 serie
288 4288 344 4354 jam
355 4285 482 4338 devoluta
494 4284 634 4337 suscitavit
645 4286 716 4337 licus
734 4284 859 4350 spiritum
877 4282 1020 4350 cujusdam
1039 4282 1132 4337 famuli
1146 4282 1188 4336 sui
1201 4283 1337 4338 Anastasii
1350 4298 1443 4339 sacer-

239 4501 274 4564 (1)
285 4500 413 4566 Sequitur
424 4499 545 4566 Gregorii
557 4499 726 4551 Turonensis
737 4499 780 4552 Dc
791 4499 871 4564 pior.
884 4501 990 4564 mart,
1005 4512 1064 4565 cap.
1078 4502 1120 4551 so.

239 4582 274 4646 (2)
285 4583 413 4648 Sequitur
425 4580 566 4635 Fortunati
583 4582 694 4648 carm,
708 4593 726 4647 1,
741 4583 772 4634 ld
783 4580 836 4646 (ed.
850 4583 914 4647 Leo,
925 4596 951 4646 p.
967 4584 1018 4648 lo).
