3316 5482
340 343 403 408 128
676 360 800 409 11111.
821 359 921 409 1111.
943 359 1117 408 domoon.
1139 360 1219 409 1111.

335 527 445 582 scitote
450 541 510 596 pro
519 530 602 583 certo
611 529 695 596 quio,
703 531 869 596 postquam
879 529 990 582 anime
998 541 1068 582 mea
1076 529 1261 597 oziqraoerit
1269 541 1290 582 a
1297 541 1434 598 coepere,
1446 541 1568 584 omnem

337 630 480 682 leaenae
490 629 734 684 commotionis
746 629 888 682 evadatis
901 630 1073 697 miseriam,
1086 633 1115 683 et
1133 643 1253 685 mecum
1265 619 1370 685 securi
1382 630 1514 685 venietis
1526 631 1570 684 ad

293 787 294 790 Ἴ
333 727 479 794 pieriam.
491 730 544 781 Nec
556 741 744 794 mora,omnes
757 727 910 795 christiani,
919 729 965 795 qui
979 729 1141 782 visitationis
1152 742 1233 783 causa
1246 728 1281 782 ad
1293 743 1356 782 eum
1365 736 1568 797 convenerunt,

336 840 417 881 voces
438 829 466 881 in
486 829 561 884 caelo
580 829 755 895 psallentium
776 829 934 894 audierunt,
957 829 1112 906 nimiaeque
1128 829 1266 883 suavitatis
1283 829 1395 883 odorem
1414 831 1571 898 miramque

335 929 509 996 fragrantiam
524 927 625 982 ibidem
639 927 764 981 redolere
785 933 940 982 senscrunt.
953 929 1055 982 Eadem
1067 943 1132 982 vero
1154 931 1230 996 bora,
1244 943 1305 983 cum
1322 935 1376 983 tota
1398 930 1457 996 ipsa
1470 929 1572 984 domus
1588 932 1607 983 5

335 1032 408 1081 tanta
420 1028 556 1082 redoleret
571 1033 680 1094 tamque
693 1029 810 1081 mirabili
824 1029 965 1095 suavitate,
979 1029 1050 1081 beati
1070 1029 1235 1082 confessoris
1249 1030 1340 1083 anima
1358 1043 1467 1098 egressa
1479 1044 1496 1084 a
1509 1045 1570 1085 cor·

334 1139 400 1191 pore
412 1126 528 1179 feliciter
540 1127 664 1192 migrarit
675 1127 709 1180 ad
722 1128 822 1192 caelos,
839 1126 885 1179 ubi
899 1127 994 1192 procul
1007 1127 1092 1181 dubio
1105 1128 1220 1180 laetatur
1232 1129 1292 1180 sine
1304 1127 1368 1182 bne.

367 1223 398 1276 9,
419 1226 450 1276 llt
474 1229 565 1277 autem
586 1223 729 1277 christiani
756 1225 842 1277 sancti
864 1224 937 1277 illius
954 1225 1025 1278 servi
1046 1224 1192 1292 diligenter
1212 1225 1334 1278 debitum
1359 1226 1573 1292 compleverunt

332 1322 504 1389 obsequium,
526 1336 588 1376 cum
602 1323 659 1388 jam
682 1323 798 1376 duarum
820 1322 876 1375 iere
894 1323 1023 1376 horarum
1042 1324 1228 1389 praeteriisset
1247 1325 1375 1392 spatium,
1401 1325 1497 1379 beatus
1519 1326 1571 1378 sil-

332 1424 430 1487 vester,
452 1434 508 1474 una
531 1436 594 1474 oum
616 1423 695 1475 beata
715 1422 838 1487 nodone,
857 1423 993 1489 corporali
1021 1424 1110 1477 subito
1134 1425 1257 1489 percussi
1282 1424 1415 1490 molestia,
1439 1427 1570 1479 tumulati
1594 1429 1628 1480 10

331 1522 414 1587 patris
438 1522 596 1587 supplevere
615 1523 770 1590 praeconia,
790 1535 821 1574 ao
839 1522 962 1588 deposita
981 1537 1063 1577 carne
1093 1538 1155 1578 cum
1174 1537 1206 1577 eo
1231 1523 1264 1576 ad
1284 1538 1367 1592 regna
1386 1531 1569 1578 transeuntes

332 1620 468 1686 caelestia,
488 1633 550 1673 com
568 1621 669 1673 sanctis
687 1627 714 1673 et
737 1621 830 1674 electis
848 1621 894 1674 bei
912 1627 1041 1675 aeternae
1059 1623 1238 1675 beatitudinis
1256 1625 1352 1690 requie
1370 1623 1500 1676 fruuntur
1519 1637 1571 1689 per

332 1720 449 1773 saecula.
464 1720 579 1787 bignum
601 1721 703 1788 quippe
720 1725 779 1773 erat
797 1727 826 1774 ut
844 1722 891 1788 qui
911 1722 939 1773 in
957 1722 1036 1774 terris
1055 1735 1110 1774 uno
1128 1721 1283 1789 eodemque
1305 1728 1427 1788 tempore
1443 1723 1569 1776 caritatis

330 1818 517 1886 jungebantur
529 1820 679 1885 consortio,
693 1833 749 1872 non
767 1821 914 1886 separatim
925 1821 1033 1873 solutia
1051 1821 1212 1886 corporibus
1224 1821 1424 1874 collocarentur
1437 1823 1568 1888 incaelo,

331 1924 486 1984 praestante
506 1921 571 1972 lesu
584 1920 691 1972 Christo
715 1921 829 1973 bomine
852 1927 957 1986 nostro,
977 1922 1023 1988 qui
1044 1935 1106 1974 cum
1126 1925 1203 1975 Patre
1221 1928 1248 1974 et
1265 1923 1367 1988 Spiritu
1385 1928 1480 1976 sancto
1501 1923 1570 1974 vivit
1591 1925 1625 1975 15

331 2022 358 2069 et
370 2024 465 2085 regnat
475 2021 545 2071 bens
557 2019 586 2070 in
604 2018 712 2072 saeculo
725 2020 909 2072 sacculorum.
924 2023 1019 2073 nmen.
1034 2021 1179 2073 Christiani
1192 2033 1268 2083 rero,
1285 2022 1333 2087 qui
1346 2034 1441 2074 eorum
1454 2021 1564 2088 praedi·

329 2117 437 2170 catione
450 2119 574 2171 conversi
587 2119 694 2170 inerant
706 2118 740 2170 ad
752 2120 907 2184 bominum,
917 2118 1066 2188 illosjuxta
1079 2121 1189 2173 beatum
1200 2120 1339 2173 Silvanum
1352 2121 1532 2187 sepelierunt,
1540 2127 1569 2174 ct

330 2218 444 2270 tumulis
468 2219 519 2271 sibi
544 2219 660 2272 invicem
679 2220 901 2285 cohaerentibus
924 2221 1140 2287 uniuscuiusque
1159 2221 1279 2273 loculum
1297 2221 1437 2287 epitaphio
1454 2222 1568 2288 proprio

331 2326 504 2374 notaverunt.
518 2318 658 2373 Festiritas
669 2325 761 2373 autem
774 2334 868 2374 eorum
882 2321 1036 2375 celebrator
1048 2320 1155 2374 decimo
1169 2321 1300 2375 kalendas
1311 2322 1441 2375 octobris.

486 2523 668 2588 Minscom
693 2521 727 2587 S.
755 2517 997 2610 &conjicio
1029 2540 1142 2607 supra,
1177 2542 1208 2606 p.
1240 2520 1316 2598 122,
1341 2518 1403 2609 2⁰).
1583 2522 1620 2575 ΞΟ

451 2741 503 2797 De
522 2737 708 2798 1111111111
730 2737 847 2798 sancti
869 2736 1006 2798 Silvani
1027 2739 1109 2810 post
1130 2737 1210 2809 eius
1231 2736 1439 2798 transltum.

362 2935 388 2986 1.
408 2936 540 2998 Tempore
566 2945 621 2998 quo
647 2933 744 2985 beatus
772 2932 901 2985 Martinus
924 2933 1075 2985 Turonicae
1094 2932 1168 2984 sedis
1196 2933 1340 2985 obtinebat
1367 2934 1562 2999 principatum,

326 3033 464 3099 quoddam
477 3034 505 3084 in
527 3034 577 3085 bac
592 3034 706 3086 ecclesia
718 3034 790 3086 beati
811 3033 977 3085 confessoris
988 3034 1089 3084 Silvani
1107 3033 1238 3085 divinitus
1250 3033 1364 3101 contigit
1382 3033 1557 3097 miraculum,

327 3132 399 3200 quod
413 3133 526 3186 minime
539 3133 619 3186 nobis
629 3133 736 3186 videtur
748 3133 856 3185 silentio
870 3133 1106 3198 supprimendum.
1119 3134 1164 3184 llio
1184 3133 1320 3199 siquidem
1339 3134 1494 3199 praedictus
1507 3134 1562 3198 epi·
1580 3135 1616 3186 25

328 3245 424 3297 seorsus
437 3245 498 3285 cum
511 3233 708 3299 benignissimo
719 3233 837 3286 caritatis
848 3231 947 3285 affectu
960 3232 1048 3285 locum
1068 3233 1148 3284 istum
1161 3233 1300 3300 diligebat,
1320 3245 1401 3298 saepe
1413 3234 1486 3285 enim
1500 3237 1558 3284 tum

327 3333 458 3385 orationis
470 3340 526 3385 tum
548 3333 728 3386 invocationis
740 3333 828 3386 studio
839 3333 1038 3400 frequentabat.
1048 3335 1168 3399 benique
1178 3334 1243 3385 dum
1254 3332 1372 3400 quadam
1383 3332 1491 3385 dierum
1504 3332 1559 3384 buc

326 3447 358 3484 ex
369 3446 445 3486 more
455 3432 597 3486 accederet
603 3435 714 3499 jamque
723 3447 793 3499 pene
804 3433 934 3486 ecclesiae
955 3433 1094 3485 liminibus
1105 3433 1258 3498 interesset,
1269 3431 1412 3498 conspexit
1422 3432 1458 3484 ibi
1471 3443 1559 3499 quen·

327 3533 390 3585 dant
398 3533 506 3599 penitus
519 3533 625 3585 amissis
634 3532 1181 3600 viribosjacerolanguidumquemlepra
1190 3529 1557 3599 etlangoorislonginquitas

323 3632 457 3700 jungebat
469 3632 501 3684 ad
515 3634 665 3685 interitum.
677 3633 725 3685 llle
734 3646 797 3686 vero
811 3633 934 3698 leprosus
947 3633 1011 3684 dum
1024 3633 1187 3698 comperiret
1197 3632 1292 3685 adesse
1304 3632 1488 3697 praesentiam
1500 3630 1552 3682 riri
1572 3632 1606 3683 50

327 3730 405 3796 tanti,
418 3730 557 3783 miraculis
575 3736 602 3783 et
615 3731 758 3783 sanctitate
773 3731 919 3797 perspicui,
934 3733 996 3783 lieet
1014 3745 1078 3796 prae
1092 3732 1221 3798 languore
1240 3729 1405 3782 infirmitatis
1422 3735 1449 3781 et
1462 3727 1560 3781 mortis

326 3831 498 3889 imminentia
519 3844 575 3883 non
593 3837 685 3897 posset
703 3831 755 3883 nisi
768 3831 908 3896 paululum
931 3832 1015 3897 loqui.
1042 3837 1132 3884 tamen
1151 3834 1231 3896 prout
1251 3829 1339 3895 potuit
1361 3829 1480 3881 clamare
1500 3831 1562 3893 post

326 3945 389 3984 eum
402 3933 491 3997 coepit
504 3939 529 3984 et
540 3932 632 3985 dicere
648 3948 654 3984 z
669 3923 814 3998 Moriere,
827 3931 950 3999 semele
971 3932 1026 3985 Dei
1043 3931 1271 3998 oocrcipoteoiis,
1295 3929 1425 3983 dulcedo
1442 3940 1559 3996 paupe·

325 4045 408 4099 ruris,
421 4031 574 4098 fortitudo
594 4032 752 4096 debilium,
766 4033 942 4086 consolator
959 4032 1153 4096 miserorum,
1176 4029 1282 4098 salcedo,
1296 4029 1428 4094 obsecro,
1445 4039 1559 4095 preces

319 4141 382 4196 pro
394 4143 441 4181 me
453 4130 495 4182 ad
507 4129 670 4182 Dominum
692 4131 721 4182 et
734 4130 776 4182 od
793 4133 937 4183 sanctum
958 4129 1129 4191 Silvanum,
1143 4129 1292 4196 quatinus
1313 4140 1365 4194 epo
1383 4125 1559 4178 mundatus
1576 4130 1610 4182 35

324 4227 362 4280 ab
375 4227 510 4280 istorum
521 4227 665 4280 sordibus
682 4230 891 4293 soeculorum,
906 4229 1007 4295 ipsios
1019 4232 1132 4295 tuoque
1140 4227 1194 4293 pio
1212 4227 1388 4279 interventu
1394 4216 1560 4292 pristinae

323 4327 472 4380 sanitatis
483 4338 671 4394 recuperare
683 4329 807 4381 ooledm
819 4342 920 4381 osum,
935 4331 1011 4381 Tunc
1029 4328 1124 4381 beatus
1136 4328 1275 4394 Martinus,
1290 4327 1386 4393 positis
1400 4323 1472 4391 apud
1486 4337 1515 4376 se
1527 4324 1558 4377 in

324 4441 373 4480 suo
387 4433 496 4493 pectore
516 4429 829 4495 obsecrantispreoibuS‚
848 4430 991 4481 ecclesiam
1013 4430 1082 4481 beati
1097 4429 1199 4481 Silvani
1212 4431 1351 4497 ingressus
1370 4432 1421 4492 est,
1437 4425 1557 4478 orationi

323 4524 436 4579 devotus
448 4531 476 4579 et
487 4527 516 4577 in
537 4527 596 4591 ipsa
614 4526 759 4580 devotione
771 4528 806 4581 de
818 4529 909 4579 fratris
930 4526 1072 4580 doloribus
1093 4528 1241 4581 laborantis
1259 4531 1451 4592 compunctus,
1474 4523 1559 4590 paulo

324 4631 386 4690 post
394 4626 533 4693 egreditur
546 4626 704 4692 toras,iusis
715 4629 749 4682 ad
763 4628 908 4682 bominum
921 4628 1060 4695 precibus.
1073 4629 1210 4683 eraelmus
1220 4641 1284 4681 vero
1297 4628 1433 4693 leprosus,
1443 4624 1557 4678 beatum
1576 4628 1611 4679 ib
