3316 5482
214 351 282 418 350
556 360 683 413 carun.
703 359 806 409 conu.
825 356 1000 408 6661666.
1020 354 1101 405 nur.

213 536 279 589 ciori
293 535 377 599 stilo),
390 534 477 595 11965,
490 533 569 584 dbis-'i
580 529 637 594 (sed
648 530 676 581 in
689 528 749 581 cod.
761 541 856 579 rursus
868 525 978 579 brevius
990 530 1017 577 et
1029 520 1190 588 simpliciori
1205 519 1292 585 stilo),
1305 520 1341 571 61
1361 518 1454 583 (item),

211 637 296 703 1949,
309 636 342 687 16
353 631 410 697 (sed
424 633 451 684 in
464 631 525 685 cod.
540 638 666 683 narratur
678 629 706 680 in
721 628 798 680 tertia
811 638 939 693 persona,
953 638 1010 679 non
1029 624 1058 675 in
1070 621 1176 689 prima),
1189 621 1285 683 18-19,
1301 619 1386 673 1999
1399 615 1453 683 (sed

213 735 265 789 hoc
276 735 403 788 ultimum
415 732 575 785 brevissime
585 731 613 782 in
621 728 681 783 cod.
692 728 851 791 narratum).
866 728 1024 792 Sequuntur
1032 722 1088 788 (iol.
1102 724 1157 787 23¹)
1166 718 1304 773 miracula
1317 718 1365 772 ed.
1377 716 1452 782 ibid,

213 849 240 901 p.
250 835 317 898 616;
331 832 378 885 sed
390 832 461 885 ioliis
470 827 781 894 delicientibus,desinit
794 827 913 879 narratio
926 824 1021 877 mutila
1030 823 1059 875 16
1069 821 1191 875 verbis...
1204 819 1254 874 ibo
1271 819 1319 873 ad
1328 817 1454 873 beatum

213 932 392 999 6666611661.
409 931 493 990 ottae
504 928 581 998 fecit
586 930 686 995 prout
696 932 784 990 (num.
800 925 917 989 16616).

312 1033 351 1108 7⁰
377 1029 522 1131 [Passio
539 1036 694 1107 sauctae
713 1023 918 1125 Feliculae]
935 1022 1012 1122 (iol.
1034 1019 1206 1117 ier-buu.

248 1165 340 1218 Passio
354 1165 434 1231 longe
451 1164 537 1216 fusior
549 1176 632 1229 quam
645 1163 687 1215 ed.
700 1162 765 1215 Aet.
778 1161 835 1225 SS,
854 1159 888 1212 ad
900 1158 928 1210 d.
944 1159 974 1209 ¹2
987 1157 1058 1223 liaii,
1071 1160 1137 1208 tom.
1155 1154 1199 1206 111.
1214 1167 1241 1218 p.
1261 1152 1353 1215 loll,
1368 1164 1398 1202 n.
1414 1148 1454 1201 16·

218 1268 258 1330 11,
275 1271 302 1318 61
314 1278 409 1318 rursus
421 1263 454 1316 ad
468 1263 495 1315 d.
512 1265 543 1315 16
554 1265 628 1326 tun,
642 1267 709 1315 tom.
723 1262 756 1325 ll,
770 1275 796 1327 p.
809 1260 867 1326 666,
882 1271 985 1310 numm.
1005 1253 1137 1323 1,6;6611
1155 1253 1252 1306 eadem
1264 1251 1410 1305 referens.

312 1363 354 1439 8⁰
378 1360 475 1462 [Vita
493 1359 616 1438 sancti
635 1355 851 1436 Theobaldi
871 1351 1067 1453 eremitae]
1083 1350 1161 1450 (fol.
1182 1348 1363 1443 28'·32'l.

247 1495 295 1548 Ed.
308 1496 372 1548 Aet.
386 1495 444 1557 SS,
457 1493 491 1546 ad
504 1491 531 1544 d.
546 1496 578 1545 liti
590 1494 664 1554 lun,
676 1496 740 1544 tum.
754 1492 784 1554 V,
798 1503 823 1555 p.
839 1490 941 1542 691-96.
954 1489 1040 1539 Omm.
1052 1485 1181 1552 prologus
1190 1488 1219 1536 et
1230 1495 1340 1535 numm.
1356 1483 1400 1545 11,
1414 1483 1452 1535 16.

312 1593 351 1670 9⁰
378 1591 510 1670 Passio
538 1598 761 1669 sanctorum
779 1592 995 1688 martyrum
1020 1583 1220 1685 Agricolae
1238 1591 1278 1660 et
1295 1580 1449 1670 Vitalis,

361 1739 461 1818 quae
476 1714 696 1793 celebratur
702 1712 777 1791 sub
791 1710 856 1789 die
865 1710 1005 1812 quinto
1020 1705 1277 1785 kalendarum
1286 1703 1449 1784 decem·

362 1840 494 1918 brium
513 1839 595 1936 (fol.
617 1836 780 1934 33235').

245 1980 277 2030 lit
301 1986 383 2041 supra
396 1975 424 2025 iu
438 1972 498 2026 eorl.
513 1973 665 2034 16616616.
680 1973 700 2031 l,
714 1984 741 2035 p.
756 1970 821 2033 166).
835 1967 889 2021 Sed
908 1967 1029 2032 adverte,
1046 1971 1101 2018 tam
1123 1964 1152 2016 in
1171 1963 1349 2017 conclusione
1362 1974 1451 2030 quam

213 2077 241 2128 in
254 2075 432 2141 inscriptione
443 2072 516 2125 diem
529 2070 664 2139 passionis
677 2068 793 2121 indicari
806 2067 912 2135 quicto
924 2066 1137 2121 6666666616
1150 2062 1368 2119 6666661166.

559 2501 766 2613 appendix
786 2501 836 2590 ad
856 2501 941 2589 cod·
971 2501 1091 2591 5361.

233 2750 443 2815 inlusum
467 2766 626 2814 corrosus
651 2749 683 2813 S.
707 2749 917 2814 Luounenuu
941 2745 1024 2832 (Cir.
1044 2766 1156 2831 supra,
1175 2766 1207 2831 p.
1235 2745 1316 2820 349.
1342 2744 1409 2832 3⁰).

212 2939 400 3012 Scriptura
413 2941 457 2998 do
472 2951 620 3010 corpore
636 2936 753 2996 saneti
768 2935 992 3010 Leodegarii,
1005 2937 1178 3008 quomodo
1192 2936 1242 2994 ad
1255 2934 1448 2995 minutium

749 3035 901 3095 venerit.

245 3216 271 3267 1.
284 3218 415 3281 Tempore
437 3215 661 3283 quograrissima
683 3217 818 3267 banorum
838 3215 927 3267 rabies
948 3214 1069 3266 uastabat
1083 3214 1181 3265 misera
1192 3211 1280 3265 caede
1291 3213 1447 3267 Galliarum

211 3314 365 3379 prouincias
395 3313 475 3366 durio
501 3316 620 3366 viennae
644 3313 804 3380 contiguas,
826 3313 995 3366 bieurorum
1019 3313 1100 3364 etiam
1126 3311 1236 3364 castella
1260 3318 1344 3380 atque
1369 3317 1478 3370 vieosb

211 3424 376 3478 omnemque
392 3413 506 3477 patriam
527 3414 623 3466 amari
645 3411 779 3478 usquead
798 3412 913 3464 eandem
933 3412 1117 3463 pictavensem
1136 3411 1233 3463 urbem
1246 3411 1323 3477 impii
1337 3414 1446 3479 piratae

210 3512 392 3577 populantur,
416 3515 587 3565 Turonorum
609 3525 695 3578 acque
723 3511 857 3564 ciuitatem
880 3511 982 3563 adeunt
994 3517 1020 3562 et
1032 3515 1121 3577 strage
1142 3510 1289 3563 innumera
1309 3512 1446 3580 obruunt,

210 3615 346 3676 postremo
368 3612 477 3679 ignibus
499 3611 620 3675 trallunt,
635 3611 734 3676 passim
755 3612 893 3663 vehuntur
910 3609 988 3676 quasi
1002 3609 1058 3675 lupi
1077 3610 1204 3675 pernices
1226 3609 1259 3662 ad
1279 3610 1446 3666 lacerandas

210 3708 361 3763 dominicas
374 3723 449 3776 ores,
463 3710 514 3762 deo
529 3724 578 3762 suo
591 3711 741 3762 humanum
762 3710 924 3777 sanguinem
945 3708 1073 3760 libantes.
1087 3709 1316 3762 contaminabant
1337 3718 1444 3778 sancta,

210 3808 338 3861 eeclesias
359 3808 435 3861 ierali
455 3810 530 3861 rabie
549 3809 757 3873 comburebant,
780 3808 944 3860 monasteria
964 3820 1029 3859 vero
1046 3808 1242 3860 monachorum
1261 3808 1443 3862 destruebant
1460 3811 1491 3883 16

210 3919 272 3958 cum
284 3909 341 3959 suis
361 3907 502 3972 aediliciis,
516 3909 544 3958 in
558 3907 735 3960 solitudinem
756 3907 848 3959 omnia
861 3906 1023 3972 redigentes,
1037 3905 1071 3957 de
1088 3905 1239 3958 christiano
1252 3904 1355 3972 populo
1369 3907 1442 3960 neia-

210 4005 281 4057 rium
294 4007 457 4059 exercebunt
477 4006 643 4072 ludibrium;
659 4007 693 4058 ab
715 4007 773 4072 ipso
795 4006 868 4058 enim
882 4005 960 4057 litore
974 4018 1068 4057 versus
1080 4005 1216 4057 orientem
1229 4019 1318 4071 usque
1333 4008 1443 4073 Aquita·

109 4123 116 4141 ·
210 4104 272 4157 niae
289 4105 385 4156 urbem
397 4105 471 4156 nulla
491 4105 565 4171 regio
578 4105 729 4156 libertatem
752 4105 870 4157 retinere
883 4104 1000 4156 ualebat.
1014 4105 1135 4167 Quorum
1154 4104 1296 4169 piraticam
1309 4107 1442 4158 exercita·

209 4203 311 4256 tionem
321 4210 351 4255 61
364 4204 535 4256 pictavenses
548 4204 638 4256 Sancti
652 4204 776 4255 llaxcntii
790 4205 917 4257 monachi
930 4209 1105 4269 acceperunt,
1121 4202 1192 4255 sama
1204 4203 1272 4255 tristi
1292 4204 1440 4272 referente,

210 4302 269 4356 loco
281 4309 588 4369 cesserunt,secunique
600 4303 771 4354 sanctissima
785 4303 926 4355 beatorum
936 4316 997 4356 ossa
1010 4308 1037 4355 61
1049 4304 1108 4368 pios
1118 4303 1226 4354 cineres
1236 4304 1326 4356 saneti
1336 4306 1442 4356 liaxcn·
1464 4307 1494 4357 15

210 4402 239 4453 111
252 4408 278 4455 61
290 4402 447 4468 leodegarii
460 4402 634 4454 devexerunt.
644 4401 775 4461 Tandem,
788 4404 841 4455 beo
855 4402 983 4467 ducente,
995 4405 1180 4468 pervenerunt
1191 4403 1344 4455 Arvernum
1354 4414 1443 4468 usque

210 4502 360 4568 Ebroilum,
373 4503 419 4568 qui
433 4507 497 4553 tune
510 4507 567 4553 erat
579 4501 678 4569 regalis
691 4501 772 4554 fiscus
784 4507 810 4553 61
823 4502 903 4554 sedes
917 4503 990 4570 regia
1004 4502 1105 4555 liaroli.

242 4601 273 4653 2.
289 4602 336 4654 Ubi
350 4602 421 4655 idem
436 4615 509 4655 rcxa
523 4601 629 4654 nuntiis
650 4602 756 4667 accepit
773 4614 829 4654 non
850 4603 991 4656 minimam
1013 4602 1217 4655 multitudinem
1240 4603 1441 4657 monachorum
