3316 5482
453 370 548 421 uren.
566 370 648 421 uer.
668 370 786 422 rann.
804 391 850 403 -
866 370 1020 423 menno.
1041 371 1089 422 ao
1106 370 1184 422 con.
1203 368 1279 422 ssia.
1417 355 1481 422 231

273 542 308 595 Β.
321 541 392 596 inde
402 539 599 606 accelerantes,
614 540 704 594 navali
714 541 871 610 egressione
882 540 1007 595 ediscunt
1016 541 1119 594 biferas
1131 541 1235 594 intrare
1244 541 1328 602 falces
1340 542 1374 596 ad
1383 544 1485 596 ilerum

241 640 397 709 insulalml.
410 640 461 705 Qui
474 653 537 694 curn
549 639 673 695 crebrius
686 641 911 708 frequentiusque
924 642 959 694 ad
981 643 1094 709 hujusce
1114 641 1221 695 insulae
1234 641 1364 711 portu[m]
1385 654 1485 695 convo·

242 743 345 809 larem,
360 745 454 809 noem,
473 739 622 808 aliquando
639 739 694 808 die,
708 741 802 794 furtim
825 747 851 795 et
871 742 950 809 quasi
972 755 1020 809 per
1042 742 1185 796 latrocinia
1206 742 1351 816 intrantes,
1364 742 1483 796 insulani

241 842 463 909 coeperuntjam
475 840 560 894 multa
580 841 635 907 pati
649 845 675 894 et
687 854 737 894 sua
749 841 829 895 litora
849 842 883 894 ab
904 841 1023 896 inimicis
1044 843 1153 896 vastari.
1168 844 1235 896 cum
1254 843 1321 895 liaeo
1343 842 1482 909 insperata

203 946 226 998 5
244 943 380 997 nuntians
391 941 486 1009 opinio
499 946 633 1008 narraret,
647 945 733 995 toturn
747 940 810 995 litus
822 955 902 996 saeva
913 941 1058 996 obsidione
1071 942 1158 996 teneri
1172 949 1200 996 et
1220 942 1294 994 mille
1306 938 1408 995 carinis
1429 941 1482 994 late

242 1049 355 1110 portum
367 1041 474 1096 insulae
486 1040 660 1106 circumdari,
674 1055 725 1096 nec
734 1043 791 1109 jam
803 1055 866 1108 spes
878 1042 933 1096 ulla
948 1043 1026 1110 fugae
1038 1048 1181 1109 putaretur
1198 1042 1303 1111 attingi,
1322 1041 1412 1095 subita
1424 1041 1481 1094 vul·

240 1147 305 1212 gata
317 1147 401 1196 totam
413 1142 502 1209 replet
514 1142 633 1195 insulam
648 1144 749 1195 lienum
761 1142 884 1196 tristibus
893 1142 983 1211 dictis,
1003 1142 1099 1196 dicens
1110 1145 1293 1196 Nortmannos
1303 1155 1366 1196 curn
1378 1141 1480 1195 nimiae

240 1241 324 1308 copia
335 1240 518 1294 multitudinis
529 1241 637 1294 venisse
650 1244 676 1293 et
686 1241 742 1307 jam
757 1241 877 1307 inportu
890 1241 1017 1308 propriae
1036 1241 1144 1295 insulae
1156 1240 1330 1295 mordacibus
1352 1240 1480 1296 anchoris

241 1353 330 1395 naves
341 1340 440 1409 ligasse
452 1345 479 1394 et
490 1339 632 1393 insulanos
644 1340 717 1393 velut
729 1341 877 1394 oscitantes
886 1342 1042 1408 opprimere
1054 1341 1202 1395 arbitrasse
1211 1345 1238 1393 et
1247 1346 1378 1394 cunctum
1388 1341 1478 1395 locum

187 1444 225 1496 fo
244 1442 300 1496 sibi
318 1447 348 1496 ut
365 1443 506 1509 proprium
527 1442 708 1508 mancipasse.
730 1443 800 1510 firgo
821 1442 907 1494 sancti
929 1447 1021 1508 patres
1042 1441 1223 1507 venerabiles,
1245 1442 1371 1495 monachi
1392 1443 1477 1496 sancti

239 1539 386 1595 Pbiliberti
399 1541 535 1607 coenobii,
549 1542 694 1596 audientes
707 1543 777 1595 banc
789 1542 964 1595 affiictionem
984 1542 1084 1609 populo
1097 1542 1221 1595 evenisse
1243 1541 1400 1608 christiano,
1413 1542 1477 1596 ilico

237 1641 361 1708 perculsi
373 1642 507 1708 animum,
520 1641 650 1695 dixerunt
662 1641 697 1693 ad
710 1643 826 1696 inuicem
841 1658 847 1694 :
868 1641 980 1709 Videte,
996 1641 1118 1711 fratres
1137 1641 1306 1708 carissimi,
1328 1641 1477 1708 quoniam

239 1740 310 1792 vim
320 1737 445 1808 furor-rs
455 1739 543 1808 serre
554 1741 722 1808 nequimus
739 1740 836 1795 bostis
849 1738 984 1796 inimici
995 1741 1114 1796 idcirco
1132 1753 1257 1796 summa
1276 1740 1478 1809 induratione

236 1851 351 1894 carere
361 1839 708 1907 oportetnetbesaurus
720 1839 808 1894 nobis
819 1840 961 1905 dilectus,
980 1840 1125 1895 uidelicet
1144 1853 1257 1909 corpus
1277 1840 1358 1894 almi
1377 1840 1476 1895 Pisili-

187 1941 220 1993 15
237 1936 324 1991 berti
332 1939 434 1992 nostri
440 1938 582 2006 patroni,
595 1938 637 1992 sit
650 1938 787 1994 ludibrio
799 1939 960 1994 bominum
973 1940 1132 1994 monstris.
1149 1939 1230 2000 Quin
1243 1939 1336 1993 immo
1347 1942 1475 1994 coeteras

236 2037 503 2105 adeamuspentes
511 2041 541 2093 et
552 2039 689 2106 quidque
694 2038 768 2106 pati
779 2039 919 2106 imuriue
927 2052 1022 2107 quam
1032 2038 1083 2094 bic
1091 2039 1476 2107 nostraeconprepacionis

236 2139 271 2191 ei
283 2139 463 2192 sanctorum
476 2137 562 2192 tristi
573 2138 801 2193 cordecernere
811 2141 909 2192 moia.
921 2139 995 2193 ium
1011 2140 1078 2206 ipse
1088 2139 1233 2193 veritatis
1243 2141 1353 2193 auctor
1368 2138 1454 2192 diarii
1466 2156 1474 2193 r

235 2237 274 2290 Si
285 2249 337 2291 vos
348 2235 472 2292 inimici
476 2240 713 2305 persequuntur
723 2239 758 2291 in
770 2239 896 2294 civitate
908 2241 926 2304 ·,
939 2236 1042 2307 fuor'te
1053 2239 1088 2290 in
1106 2238 1226 2306 atium‚·
1239 2238 1315 2305 quio
1331 2239 1475 2291 nouauit

236 2335 325 2389 Deus
336 2337 465 2390 mortem
471 2337 659 2404 peccatoris,
672 2336 726 2390 sed
739 2339 774 2390 ut
786 2336 887 2404 mupis
898 2338 1102 2391 concertatur
1110 2339 1141 2391 et
1151 2336 1246 2390 uiuat.
1266 2337 1474 2403 Deprecemur

187 2437 219 2488 to
237 2433 346 2501 initur
364 2433 545 2502 Dominum,
567 2435 704 2502 quinon
724 2435 920 2503 derelinquet
938 2438 1103 2502 sperantes
1127 2436 1162 2488 in
1183 2448 1229 2502 se,
1252 2447 1310 2503 quo
1329 2436 1473 2489 nostrum

234 2530 345 2601 saciat
356 2534 417 2588 iter
423 2546 614 2602 prosperum
625 2537 655 2589 et
667 2534 755 2590 uobis
767 2537 853 2592 uiam
869 2537 990 2604 diripui
1009 2538 1128 2591 rectam
1147 2538 1177 2590 et
1194 2538 1307 2591 cuncta
1326 2534 1473 2589 salubria

234 2634 389 2690 concedat
400 2634 528 2687 itinera.
538 2636 634 2688 (iuncti
648 2637 696 2702 qui
708 2635 765 2688 illic
776 2637 892 2690 aderant
904 2637 1002 2690 fratres
1019 2649 1075 2689 una
1092 2648 1159 2689 uoce
1179 2634 1379 2701 respondentes
1399 2633 1471 2687 dixe·

234 2739 307 2790 runt
320 2733 413 2800 :Ejus
424 2733 483 2801 flat
495 2735 640 2788 uoluntas
658 2735 714 2802 qui
732 2749 837 2790 omnes
856 2738 924 2790 vuit
942 2738 1046 2790 saluos
1067 2735 1149 2804 fieri,
1168 2737 1198 2789 et
1217 2735 1307 2801 culus
1327 2735 1473 2789 uoluntas

232 2847 364 2889 summa
375 2833 500 2888 bonitas
515 2837 570 2900 esi,
584 2835 734 2903 citiusque
748 2836 885 2890 seruitus
894 2850 1017 2890 summa
1038 2835 1169 2890 libertas
1188 2838 1244 2890 esi.
1263 2838 1339 2889 Tunc
1355 2848 1471 2889 cernere

187 2936 215 2989 5
234 2938 301 2988 erat
312 2933 373 2986 illos
385 2934 435 2985 bac
447 2940 529 3000 atque
542 2933 604 2986 illac
614 2935 682 2986 tristi
695 2935 781 3002 gradu
793 2935 980 2989 discurrentes
992 2948 1089 2988 eorum
1101 2935 1239 2988 abscessu.
1260 2936 1347 2998 Quare
1369 2933 1472 2999 ample·

236 3038 352 3088 ciuntur
363 3033 517 3097 columnae,
532 3045 609 3086 sacra
626 3035 822 3088 deosculantur
833 3035 939 3102 altaria,
952 3036 1050 3104 pugnis
1062 3035 1163 3088 clausis
1179 3047 1308 3101 percussa
1317 3033 1471 3087 tunduntur

235 3138 362 3201 pectora,
375 3137 486 3185 movent
500 3146 568 3187 cana
580 3135 669 3200 capita
680 3137 845 3200 compressis
857 3136 950 3202 labris,
963 3136 1113 3189 dilacerant
1125 3136 1216 3189 vultus
1227 3135 1346 3202 propriis
1367 3134 1467 3201 ungui·

233 3233 302 3296 bus,
315 3231 486 3298 stringuntur
497 3231 574 3299 digiti
588 3233 689 3284 mutuis
702 3234 900 3300 complexibus,
914 3233 1013 3287 frontis
1025 3234 1079 3287 ictu
1100 3239 1174 3286 terra
1195 3234 1354 3301 percutitur,
1379 3232 1469 3285 luctus

233 3338 267 3386 et
288 3331 411 3398 planctus
434 3333 584 3386 miscentur
607 3333 636 3385 in
658 3346 756 3399 unum,
775 3333 904 3387 lacrimae
925 3335 1078 3387 funduntur
1097 3347 1146 3401 per
1166 3347 1213 3388 ora
1232 3333 1332 3387 decora
1353 3336 1470 3399 patrum,

187 3436 214 3487 θ
232 3429 342 3485 eadunt
354 3432 434 3484 verba
448 3432 477 3484 in
490 3432 579 3484 media
591 3445 667 3498 voce,
681 3432 811 3499 frequens
829 3433 964 3501 singultus
981 3434 1015 3486 ab
1037 3433 1091 3486 imo
1108 3433 1227 3486 trabitur
1244 3438 1362 3498 pectore,
1381 3431 1470 3484 salsus

232 3529 326 3584 sudor
344 3531 465 3585 decurrit
477 3545 525 3599 per
544 3532 672 3585 calefacta
693 3534 826 3599 membra,
850 3534 870 3584 it
890 3533 993 3586 clamor
1013 3532 1047 3586 ad
1065 3545 1166 3586 vacuas
1186 3546 1277 3599 auras,
1298 3545 1400 3587 sonans
1417 3543 1471 3583 vox

231 3631 368 3685 reboatur
379 3633 457 3685 eobo.
471 3636 590 3697 Quorum
604 3633 742 3699 praelatus
754 3640 829 3700 pater
839 3634 991 3686 amicabilis
1000 3633 1079 3687 dictis
1095 3635 1186 3700 coepit
1195 3633 1377 3687 maerentium
1387 3631 1469 3685 corda

232 3736 264 3786 ct
276 3731 429 3800 lugentium
442 3739 548 3786 mentes
560 3747 636 3788 more
648 3733 766 3787 delinire
779 3739 902 3801 paterno,
913 3735 1005 3801 aitque
1026 3734 1080 3787 illis
1095 3751 1101 3787 :
1118 3735 1140 3788 0
1162 3733 1284 3801 fratres
1296 3731 1468 3795 carissimi,

231 3833 334 3887 estote
345 3832 463 3887 robusti
478 3836 509 3888 ei
520 3834 597 3902 fidei
607 3835 709 3902 pieni,
722 3835 872 3901 quoniam
883 3837 995 3903 potens
1007 3838 1052 3889 est
1064 3835 1216 3890 Dominus
1229 3835 1316 3890 nobis
1329 3833 1411 3889 burro
1424 3846 1468 3887 re·

187 3937 214 3988 :i
231 3934 385 3986 stourare
397 3934 497 3988 locum
509 3935 711 4002 quondoque‚·
722 3937 752 3988 et
768 3935 886 3988 credite
902 3935 1005 4003 dictis,
1019 3934 1167 4001 quoniam
1187 3936 1293 3989 omnia
1301 3935 1468 4004 possibilia

229 4034 310 4087 sunt
327 4033 476 4089 credenti.
486 4035 589 4087 Pariter
601 4047 720 4102 namque
733 4048 795 4089 cum
807 4035 879 4088 dicto
892 4016 1016 4089 melliflui
1027 4036 1186 4104 eloquentia
1208 4038 1264 4090 oris
1282 4038 1356 4091 illius
1370 4051 1465 4092 conso

232 4132 330 4186 latoria
341 4138 453 4187 strenue
466 4135 618 4200 suscipiunt
632 4136 727 4188 verba.
742 4137 915 4202 llursunrque
927 4135 964 4188 ait
977 4153 983 4187 :
1012 4137 1065 4203 Tu,
1086 4137 1177 4201 Deris,
1198 4137 1294 4191 totius
1313 4139 1466 4192 essentiae

231 4234 368 4298 creator,
380 4232 541 4301 refuqium
549 4247 740 4301 pauperum,
754 4236 932 4289 consolator
950 4236 1145 4303 animarum,
1167 4237 1367 4290 restaurator
1380 4237 1465 4304 fiebi-

236 4330 315 4385 lium
326 4344 444 4400 rerum,
457 4333 570 4387 ductor
589 4335 736 4387 ueritatis
757 4335 946 4401 amaritium,
968 4334 1140 4389 retributor
1156 4334 1306 4390 bonorum
1326 4349 1463 4404 operum,

194 4430 222 4479 lb
237 4432 336 4484 rector
347 4431 701 4488 coelestiumoiriutnm,
711 4433 767 4497 qui
774 4432 958 4499 pribcrnasii
967 4435 1029 4486 Noe
1033 4446 1095 4500 per
1101 4432 1255 4500 ferventes
1265 4435 1368 4488 cincias
1378 4436 1465 4489 misti

240 4530 428 4598 cataclysmi,
441 4531 537 4597 etqui
548 4532 648 4597 Moysi
659 4532 693 4584 in
705 4533 781 4586 rubo
792 4534 920 4587 ardenti
929 4546 992 4588 non
1010 4536 1094 4589 iueso
1107 4536 1290 4603 apparuisti
1306 4539 1335 4588 ct
1348 4538 1377 4589 ci
1394 4551 1463 4590 sau-

242 4629 315 4683 cium
327 4630 425 4699 iepem
435 4628 523 4684 scobis
535 4628 681 4699 futuram
693 4631 817 4701 dedisti,
830 4633 926 4701 etqui
938 4635 1001 4688 ceto
1014 4632 1117 4703 ferino
1130 4635 1315 4702 deplutiuut
1327 4637 1361 4689 iu
1380 4639 1465 4690 inari

1530 2247 1538 2265 ·
1550 2246 1617 2299 cod.

1499 2310 1648 2366 civitatem.
