3316 5482
211 308 275 374 142
546 323 672 374 curm.
691 322 793 374 cono.
812 319 987 371 unomen.
1006 319 1086 370 nur.

209 491 345 559 legumine
357 491 503 559 succisque
515 491 642 544 holerum
656 507 662 543 :
676 504 757 558 quae,
770 503 833 542 cum
841 487 953 554 rediret,
967 488 1005 541 ita
1016 485 1149 544 mundata
1161 491 1193 565 et
1199 490 1317 552 purgata
1330 484 1440 538 inventa

143 632 149 637 ,
208 592 273 641 suut
284 589 384 642 acsiin
393 590 433 642 eis
443 588 512 642 nibil
523 588 692 642 decoctionis
702 589 817 641 missum
830 587 937 640 luisset.
947 586 1096 651 tegumina
1107 597 1228 652 quoque,
1239 583 1442 651 quaeadusum

207 690 321 742 fratrum
334 688 641 757 parandasuscipiebat,
653 688 745 742 abillo
756 701 804 755 per
816 685 1045 752 mediumrecisa‚
1058 685 1145 740 multo
1153 683 1272 751 amplius
1283 682 1442 735 ministran-

205 787 1051 857 tibusatquesumentibusabundabantetsuperabundabant,
1066 787 1103 840 ita
1119 791 1150 839 ut
1158 798 1255 840 omnes
1264 784 1441 837 mirarentur.

209 888 285 943 lJnde
297 889 404 956 iratres,
417 890 638 955 experimentum
659 891 741 956 hujus
754 889 794 941 rei
807 901 906 955 capere
918 888 1073 954 cupientes,
1094 886 1231 940 dederunt
1243 884 1268 937 ei
1289 883 1371 950 quasi
1394 892 1442 947 pro
1457 881 1473 932 b

208 987 305 1040 solatio
314 1000 402 1040 unum
412 987 446 1040 de
455 989 648 1054 servientibus,
658 992 689 1040 ut
698 988 853 1054 injunctum
863 986 915 1039 sibi
925 985 1045 1039 oilloium
1055 984 1162 1038 lucilius
1169 983 1286 1050 implere
1295 980 1444 1035 sufficeret.

209 1084 400 1139 succedebant
411 1085 494 1154 igitur
505 1087 557 1138 sibi
578 1083 708 1150 invicem,
721 1099 794 1138 unus
807 1084 852 1139 die
873 1098 929 1138 una
949 1091 978 1137 et
988 1084 1059 1136 alius
1070 1083 1115 1136 die
1133 1082 1229 1148 altera,
1251 1076 1445 1133 ministrando.

209 1184 333 1237 Eusicius
344 1185 436 1251 itaque
448 1185 493 1238 die
504 1197 560 1238 uno
571 1185 703 1252 serviens,
714 1184 785 1238 sicut
797 1185 822 1237 ei
835 1185 1011 1238 constitutum
1022 1183 1120 1249 luerat,
1132 1180 1254 1235 officium
1272 1192 1355 1233 snum
1369 1189 1447 1230 more

209 1282 289 1337 solito
302 1282 421 1336 fideliter
432 1283 607 1350 adimplebat.
622 1283 717 1337 socius
738 1288 829 1337 autern
848 1283 933 1347 illius,
947 1283 1032 1349 magis
1052 1281 1228 1348 inprobitate
1249 1291 1299 1333 sua
1311 1275 1445 1341 conlisus,

208 1383 291 1437 etiam
310 1381 450 1449 duplicato
471 1382 609 1450 legumine
630 1395 687 1436 uon
708 1386 816 1449 poterat
835 1395 864 1436 se
885 1382 1000 1451 largitati
1018 1383 1078 1448 ejus
1099 1393 1263 1448 coaequare.
1286 1376 1366 1432 Unde
1386 1373 1443 1429 acri
1463 1374 1490 1426 tlt

210 1481 340 1537 adversus
352 1495 415 1536 eum
436 1495 586 1536 succensus
599 1481 711 1546 invidia,
724 1481 932 1535 machinabatur
951 1480 1030 1534 illurn
1047 1481 1139 1548 aliqua
1151 1480 1299 1546 deturpare
1317 1477 1445 1531 infamia.

211 1581 334 1635 Eusicius
345 1594 421 1645 vero,
432 1579 468 1634 de
481 1580 528 1633 ltei
541 1580 632 1647 potius
645 1579 765 1635 confisus
776 1579 889 1646 auxilio,
901 1579 971 1633 illud
983 1581 1132 1647 prophetae
1149 1590 1245 1632 seeum
1257 1578 1394 1631 canebat:
1408 1576 1447 1630 In

211 1681 271 1734 Deo
281 1679 421 1747 sperabo,
433 1691 496 1734 non
510 1678 620 1733 timebo
631 1679 709 1747 quid
720 1678 823 1747 faciat
835 1677 916 1733 milri
927 1678 1033 1747 bomo.

245 1780 295 1832 te.
306 1781 413 1832 interea
423 1778 467 1832 die
476 1778 607 1846 quadarn,
617 1778 684 1833 dum
694 1779 847 1833 solitumde
858 1792 935 1834 more
944 1779 1060 1846 implere
1069 1779 1185 1833 deberet
1193 1776 1324 1842 officium,
1335 1776 1444 1842 frames,

211 1879 258 1948 qui
270 1880 329 1947 ejus
340 1880 512 1934 successibus
526 1892 582 1933 non
595 1879 772 1932 mediocriter
790 1879 961 1944 inridebant,
974 1879 1045 1932 clam
1057 1879 1178 1931 subeunt
1190 1891 1223 1931 eo
1234 1877 1348 1930 absente
1360 1874 1445 1929 otttci-
1464 1875 1490 1928 tt

212 1991 275 2032 nam
288 1980 317 2030 in
328 1991 382 2046 qua
393 1983 473 2032 erant
484 1991 548 2031 vasa
569 1978 713 2031 ministerii
726 1979 786 2044 ejus
799 1982 826 2030 et
838 1979 1035 2046 confregerunt
1050 1991 1092 2030 ea.
1106 1979 1180 2042 Quae
1193 1976 1240 2030 ille
1256 1974 1368 2029 rediens
1380 1988 1443 2028 oum

211 2079 296 2132 fracta
316 2085 343 2131 et
362 2079 530 2132 comminuta
543 2079 720 2144 repperisset,
735 2082 929 2131 consternatus
941 2078 1034 2131 animo
1048 2077 1113 2131 llere
1134 2077 1224 2143 eoepit
1244 2075 1312 2129 lietu
1332 2087 1444 2144 magno.

183 2194 185 2198 ⁴
212 2175 459 2229 ltebincaccedens
481 2176 515 2228 ad
536 2175 677 2243 quendam
699 2176 867 2228 monachum
887 2175 938 2227 sibi
960 2175 1134 2240 familiarem,
1147 2174 1259 2227 nomine
1278 2172 1443 2238 leobinum,

212 2275 353 2342 quaesibi
373 2274 545 2341 contigerant
566 2275 693 2328 debiliter
714 2278 835 2344 exponit,
858 2277 990 2343 quidnam
1011 2277 1102 2330 lacere
1122 2276 1222 2329 debeat
1245 2275 1371 2342 inquirit.
1396 2274 1446 2338 Qui

211 2375 317 2427 intrans
326 2373 456 2428 stridens
465 2380 644 2442 remgestam,
655 2376 681 2428 ei
691 2375 933 2443 raldecondoluit3
945 2375 1071 2444 nihilque
1081 2375 1156 2429 aliud
1168 2375 1277 2428 consilii
1287 2375 1439 2440 reperiens,
1447 2432 1448 2435 Ἴ
1457 2373 1489 2424 20

213 2475 320 2528 monuit
332 2486 394 2526 eurn
406 2478 437 2526 ut
456 2471 492 2525 de
504 2474 551 2526 bei
564 2474 751 2528 misericordia
772 2489 829 2528 non
841 2475 986 2543 dilllderet,
1000 2475 1049 2528 sed
1070 2476 1151 2528 citius
1162 2473 1196 2528 ad
1218 2474 1363 2528 ecclesiam
1381 2486 1442 2541 pro·

213 2577 321 2638 peraret
330 2575 357 2624 et
366 2571 473 2624 bomini
482 2571 614 2624 auxilium
624 2571 796 2625 confidenter
805 2574 1038 2640 inploraretouo
1048 2586 1181 2640 responso
1188 2574 1234 2626 liei
1241 2571 1358 2625 famulus
1365 2573 1443 2626 llusi·

196 2671 297 2725 *elusa
318 2670 454 2724 monacho
475 2677 598 2736 accepto,
619 2671 741 2725 collectis
761 2685 890 2725 rasorum
913 2672 1072 2741 fragmentis
1093 2671 1128 2725 ad
1150 2672 1294 2725 ecclesiam
1316 2672 1442 2724 concitus

210 2770 302 2837 radit;
315 2772 429 2838 ipsaque
443 2771 594 2838 fragmenta
614 2777 677 2825 ante
696 2772 780 2825 altare
802 2773 950 2839 proiciens,
963 2774 1000 2826 ibi
1014 2785 1045 2826 se
1066 2773 1095 2826 in
1107 2774 1259 2827 orationem
1280 2771 1357 2825 dedit
1378 2786 1441 2826 cum

211 2870 339 2923 lacrimis.
353 2873 473 2938 surgens
493 2875 584 2924 autem
604 2872 728 2924 oratione
741 2872 886 2939 completa,
898 2873 1049 2940 fragmenta
1071 2885 1198 2926 vasorum
1219 2885 1291 2939 quae
1311 2877 1490 2938 posueratis

211 2982 267 3023 non
279 2969 392 3022 inuenit.
401 2968 518 3021 lledlens
527 2969 609 3035 igitur
617 2970 652 3022 ad
660 2972 817 3038 coquinam,
828 2972 934 3024 inuenit
944 2972 1110 3024 monacnum
1120 2977 1239 3025 stantem
1249 2971 1442 3039 anteostium;

211 3075 239 3122 et
252 3071 384 3122 intrantes
397 3069 511 3134 pariter,
521 3069 713 3134 repperierunt
725 3071 794 3122 ollas
806 3084 877 3138 quae
891 3071 990 3124 fractae
1003 3071 1111 3124 luerent
1129 3071 1250 3139 integras
1267 3074 1294 3123 et
1311 3083 1403 3136 sanas,
1417 3077 1445 3124 et

211 3181 274 3220 curn
287 3167 433 3234 pulmentis
446 3167 580 3232 impositis
593 3173 620 3219 et
632 3169 786 3221 semicoctis
799 3169 861 3234 igne
875 3175 979 3222 remoto
993 3174 1132 3235 tamquam
1145 3169 1179 3221 ad
1190 3169 1282 3236 ignem
1293 3168 1443 3222 lerientes.

211 3268 341 3319 llirantur
353 3266 434 3318 ambo
446 3271 473 3318 et
484 3272 557 3319 stant
569 3268 722 3332 stupefacti,
736 3273 830 3333 utpote
842 3270 889 3334 qui
908 3271 1055 3336 coquinam
1068 3275 1095 3322 et
1106 3270 1167 3321 sine
1179 3268 1241 3336 igne
1254 3273 1281 3321 et
1293 3268 1355 3320 sine
1367 3267 1444 3332 ollis,

211 3346 274 3418 nam
287 3366 442 3418 confractae
456 3367 575 3431 luerent,
589 3372 616 3419 et
627 3368 687 3419 sine
700 3369 909 3434 praeparatione
928 3367 1134 3434 pulmentorum
1146 3366 1227 3433 paulo
1240 3371 1304 3418 ante
1322 3364 1445 3432 relique·
1464 3371 1490 3420 51

211 3470 281 3519 rant.
291 3467 366 3517 lnter
376 3466 442 3518 baec
452 3467 602 3519 monachus
612 3466 646 3518 etl
657 3466 742 3532 pedes
752 3468 850 3520 Eusicii
861 3469 1044 3533 prosternitur
1054 3486 1061 3533 ;
1076 3469 1133 3533 ipse
1146 3479 1256 3534 quoque
1265 3466 1312 3519 liei
1323 3465 1443 3518 famulus

211 3565 334 3618 Eusicius
346 3566 461 3632 supplex
473 3580 538 3618 eum
550 3567 713 3632 deprecatur
726 3581 761 3619 ne
774 3568 902 3633 cuiquam
915 3569 1077 3621 miraculum
1091 3570 1142 3621 boc
1155 3567 1300 3621 reueletur.

247 3664 299 3716 1⁷.
319 3665 380 3716 l’ost
392 3665 459 3716 baec
472 3665 558 3716 visum
571 3670 613 3716 est
624 3665 717 3718 abbati
730 3666 869 3718 busicium
887 3679 902 3718 a
915 3667 1050 3732 coquinae
1061 3665 1150 3719 officio
1164 3665 1328 3719 submovere
1344 3670 1371 3717 et
1396 3677 1443 3717 eu-

210 3761 361 3815 studiendis
373 3762 507 3829 pecudum
520 3763 647 3830 gregibus
658 3763 805 3829 praeficere
819 3780 825 3817 :
837 3763 910 3830 quod
920 3763 1039 3817 odicium
1053 3766 1099 3817 liei
1112 3764 1232 3817 lamulus
1241 3763 1365 3816 Eusicius
1376 3775 1442 3815 cum

210 3863 285 3916 omni
299 3862 451 3916 bumilitate
462 3869 488 3915 et
497 3862 710 3916 mansuetudine
721 3865 851 3930 suscepit.
864 3865 974 3916 bucitur
984 3877 1048 3932 ergo
1059 3864 1093 3917 all
1103 3864 1195 3917 caulas
1205 3871 1344 3929 uniquam
1354 3860 1446 3915 tidelis
1465 3865 1490 3916 a

211 3966 302 4028 pastor
314 3962 406 4015 ovium
419 3967 446 4014 et
459 3975 514 4014 non
530 3963 716 4015 mercenarius
729 3980 737 4028 ς
751 3964 795 4015 eui
808 3964 889 4015 ctiam
903 3965 1056 4017 secundum
1073 3964 1179 4016 abbatis
1191 3963 1338 4029 imperium
1351 3973 1448 4027 porco·

212 4074 272 4112 rum
285 4067 313 4113 et
324 4066 511 4114 armentorum
524 4075 588 4113 cura
611 4061 765 4128 mandatur,
779 4067 805 4117 et
817 4067 847 4115 ut
859 4063 957 4115 lrorum
967 4064 1090 4116 omnium
1102 4060 1263 4115 custodibus
1275 4067 1399 4127 praesset
1419 4067 1449 4114 et

213 4162 271 4227 lpse
283 4161 442 4216 custodiret.
461 4163 591 4227 suscepto
604 4176 669 4230 ergo
689 4176 783 4216 servus
795 4163 842 4215 liei
864 4168 956 4215 tantae
978 4164 1018 4216 rei
1038 4175 1132 4227 onere,
1152 4161 1296 4214 bominum
1317 4161 1448 4213 attentius

214 4262 342 4314 exorabat
353 4269 380 4313 ut
393 4262 445 4313 sibi
456 4261 550 4313 adesse
568 4261 736 4329 dignaretur,
746 4263 876 4328 quatinus
889 4263 1072 4315 ministerium
1082 4263 1134 4314 sibi
1148 4260 1282 4321 creditum
1296 4259 1449 4325 inculpabi-

214 4359 276 4414 liter
295 4365 386 4427 posset
407 4359 545 4426 perticere.
561 4360 704 4414 Exaudivit
724 4367 814 4415 autern
835 4375 899 4414 eum
912 4363 1043 4415 bominus
1063 4360 1179 4414 etaliuit
1198 4360 1236 4416 illi
1258 4360 1287 4412 in
1308 4359 1447 4413 omnibus.
1468 4363 1490 4414 li

216 4461 338 4512 Euslcius
358 4473 433 4526 ergo,
450 4460 555 4525 partitis
566 4460 705 4527 gregibus
719 4460 795 4513 dedit
805 4462 955 4528 unicuique
966 4467 1106 4528 pastorum
1120 4467 1225 4527 partem
1238 4472 1326 4526 suam,
1342 4464 1450 4526 partem

215 4572 326 4626 quoque
335 4558 388 4611 sibi
396 4559 518 4611 retinuit.
530 4558 710 4612 Prollciebant
718 4565 810 4612 autem
821 4565 848 4612 et
858 4559 1110 4625 multiplicabantur
1118 4573 1213 4628 greges
1223 4560 1274 4612 sub
1284 4571 1369 4612 uranu
1378 4560 1451 4625 ejus.
