3316 5482
205 373 272 440 426
556 387 682 440 ornat„
701 387 803 439 cono.
821 387 995 440 adoreon.
1014 387 1097 439 nun.

206 561 282 610 catus
292 555 368 610 stetit
380 557 527 611 immobilis
538 570 594 612 uno
607 557 636 610 in
648 557 718 611 loco.
727 558 759 610 llt
769 562 836 610 tunc
847 557 917 610 forte
929 557 988 624 ipsa
1000 557 1066 611 bora
1079 560 1185 624 septem
1198 569 1283 612 naves
1292 557 1409 612 ueniebant

208 670 257 724 per
270 670 346 710 mare
359 656 393 711 ad
406 663 513 724 portum
526 658 641 711 ciuitatis
655 658 823 711 barensium.
836 660 909 723 Quae
922 657 969 710 ubi
987 655 1181 724 applicuerunt
1197 658 1272 711 circa
1282 658 1367 712 locum
1378 656 1411 710 uli

206 756 288 810 bomo
300 756 346 810 ille
357 762 415 810 erat
426 757 473 825 qui
486 757 588 810 furtum
601 757 711 824 fecerat,
726 769 782 810 non
794 761 942 824 potuerunt
952 757 1023 811 ultra
1036 756 1196 825 procedere,
1206 757 1258 812 sed
1269 763 1346 812 eram
1355 756 1414 819 diac.

208 857 285 923 quasi
298 856 321 908 si
333 857 497 910 anchoratae
514 856 638 910 fuissent.
651 857 780 910 Homines
798 869 862 910 xero
875 857 984 922 penitus
1000 857 1155 911 nescientes
1172 870 1285 911 oausam
1302 857 1348 926 qui
1360 858 1417 911 inlus

207 960 295 1021 erant,
307 959 335 1009 et
346 955 470 1009 uidentes
482 962 537 1009 tam
549 956 738 1010 admirabilem
750 969 818 1023 rem,
830 956 902 1010 ultra
919 969 1001 1023 quam
1018 956 1071 1010 dici
1085 962 1177 1025 potest
1193 957 1442 1026 obstupescebaott

208 1057 361 1110 nescientes
373 1057 438 1124 quid
452 1070 532 1126 agere
545 1062 666 1125 possent.
679 1060 746 1111 cum
758 1056 851 1110 multis
863 1055 953 1109 modis
965 1061 992 1109 et
1009 1056 1123 1110 diuersis
1140 1056 1262 1124 ingeniis
1274 1061 1424 1111 conarentur
1474 1124 1478 1135 Ι

208 1161 239 1210 nt
251 1169 361 1210 cursum
373 1171 451 1211 suum
464 1171 595 1226 peragere
608 1163 729 1227 possent,
739 1157 787 1212 sed
801 1157 828 1210 id
841 1155 1000 1211 nullomodo
1009 1169 1090 1225 agere
1100 1155 1234 1224 ualerent,
1245 1156 1428 1211 intellexeruut

209 1255 282 1322 quod
295 1268 352 1309 non
364 1256 423 1309 sine
435 1257 481 1309 llei
493 1256 596 1323 judicio
609 1255 637 1308 id
649 1261 785 1324 ageretur.
798 1259 884 1312 bomo
902 1257 983 1324 igitur
1001 1256 1056 1323 ille,
1069 1257 1118 1324 qui
1135 1257 1239 1310 furtum
1252 1257 1364 1324 fecerat,
1375 1268 1429 1309 cun

209 1369 239 1409 se
251 1355 287 1410 ita
308 1357 489 1424 interceptum
507 1357 638 1411 sensisset
658 1358 704 1410 bei
722 1358 836 1424 judicio,
850 1357 955 1424 magnis
975 1356 1088 1411 vocibus
1109 1356 1199 1423 coepit
1219 1356 1341 1410 clamare
1361 1355 1431 1424 quasi

209 1469 304 1510 amens
324 1462 351 1509 et
370 1457 535 1523 adjutorium
557 1457 712 1524 implorare.
725 1460 802 1511 Tunc
818 1456 930 1526 quidam
949 1462 1080 1522 aratores,
1093 1456 1141 1523 qui
1160 1456 1189 1509 in
1209 1455 1334 1523 proximo
1351 1460 1434 1520 eraut,
1446 1458 1468 1509 lt

202 1556 351 1610 audientes
364 1560 454 1610 tantos
466 1557 609 1624 clamores,
623 1561 805 1611 cucurrerunt
821 1557 941 1623 adeum,
954 1561 982 1609 et
993 1568 1056 1609 oum
1068 1555 1255 1623 aduenissent,
1271 1555 1435 1624 interrogant

211 1670 275 1710 eum
287 1661 436 1723 coeperunt
447 1656 513 1724 quid
526 1657 637 1711 baberet
648 1662 675 1710 et
690 1656 765 1711 unde
781 1661 864 1710 esset.
877 1658 1021 1723 comperta
1041 1654 1123 1710 citius
1143 1667 1236 1722 causa,
1249 1655 1358 1710 scilicet
1374 1655 1436 1724 quid

210 1757 319 1823 egisset,
328 1757 485 1810 festinanter
497 1762 676 1823 perrexerunt
687 1758 721 1824 ad
734 1757 869 1812 civitatem
879 1757 1014 1824 lovinatb,
1024 1769 1095 1824 quae
1104 1755 1188 1809 distat
1197 1769 1214 1810 a
1224 1755 1335 1810 civitate
1343 1758 1437 1810 baren·

211 1858 282 1910 sium
294 1858 381 1912 tribus
394 1858 513 1924 milibus,
526 1872 559 1912 ex
572 1872 626 1926 qua
638 1860 688 1926 ipsi
701 1865 788 1926 erant,
799 1864 826 1913 et
838 1859 1033 1912 nuntiaverunt
1044 1857 1171 1925 episcopo
1184 1870 1236 1912 suo
1247 1868 1438 1925 quaecumque

212 1958 336 2013 uiderant
355 1963 384 2012 et
402 1959 555 2013 audierant.
574 1961 650 2013 Tunc
663 1960 808 2027 episcopus
828 1959 988 2013 festinanter
999 1971 1061 2011 cnm
1073 1955 1148 2010 clero
1161 1968 1211 2010 suo
1223 1961 1252 2009 et
1263 1954 1438 2010 multitudine
1455 1956 1478 2008 tt

212 2057 379 2125 populicum
392 2058 478 2112 cereis
491 2062 519 2111 et
530 2058 708 2125 thymiateriis
720 2058 801 2112 exivit
813 2071 828 2111 a
841 2057 947 2111 civitate
966 2061 993 2110 et
1009 2056 1098 2123 coepit
1114 2055 1155 2109 ire
1171 2055 1220 2108 ubi
1233 2054 1365 2109 audiebat
1380 2067 1440 2108 esse

213 2159 362 2213 bominem.
376 2160 481 2213 lnterea
494 2160 559 2213 dum
572 2161 638 2214 baec
651 2163 776 2226 aguntur,
786 2158 815 2211 fit
824 2157 964 2224 cognitum
975 2156 1081 2210 clericis
1094 2154 1226 2209 ecclesiae
1239 2152 1441 2223 bamnsisquid

212 2259 363 2313 accidisset.
375 2259 423 2324 Qui
437 2261 556 2312 exterriti
569 2260 639 2313 ultra
662 2273 745 2328 quam
758 2258 811 2312 dici
824 2262 913 2325 potest
924 2270 974 2323 pro
987 2256 1087 2309 amisso
1098 2258 1175 2308 tanto
1188 2255 1332 2320 thesauro,
1344 2267 1441 2322 coepe·

212 2363 277 2411 runt
290 2371 389 2412 sonare
400 2371 556 2427 campanas,
569 2365 599 2413 ut
610 2360 700 2413 omnis
713 2358 831 2426 populus
843 2356 877 2410 ad
887 2356 1029 2409 ecclesiam
1042 2354 1210 2409 conveniret.
1223 2354 1341 2422 cognita
1352 2366 1442 2419 causa,

216 2457 245 2510 fit
266 2471 363 2525 magna
384 2459 552 2525 perturbatio
566 2472 614 2526 per
634 2464 718 2513 totam
740 2458 894 2520 civitatem
908 2461 935 2509 et
952 2460 1063 2522 accepto
1082 2454 1207 2521 consilio,
1220 2454 1482 2522 quaquaversum!

214 2557 324 2610 mittunt
337 2557 369 2611 ad
384 2558 598 2624 perquirendum
616 2559 765 2625 bominem,
779 2556 846 2610 tanti
864 2557 974 2611 sceleris
991 2569 1080 2610 reum.
1093 2556 1181 2610 ceteri
1198 2568 1266 2610 uero
1277 2555 1400 2610 orationi
1416 2566 1447 2609 se

213 2656 359 2722 dederunt,
369 2662 425 2712 toto
438 2658 529 2712 animo
542 2663 652 2711 orantes
664 2671 698 2711 ne
711 2661 781 2710 bens
794 2671 841 2711 eos
852 2658 991 2711 desereret
1003 2668 1051 2722 pro
1064 2656 1114 2709 bac
1126 2654 1217 2721 culpa,
1230 2653 1281 2708 sed
1300 2659 1334 2708 ut
1345 2655 1387 2708 eis
1398 2666 1448 2707 sua

214 2755 315 2821 pietate
327 2755 455 2810 redderet
472 2761 577 2812 tantum
595 2762 693 2811 ettam
711 2758 860 2823 pretiosum
878 2758 1045 2810 thesaurum.
1064 2759 1184 2821 Quorum
1202 2754 1356 2821 orationes,
1368 2753 1448 2807 lacri-

213 2868 271 2908 mas
285 2861 367 2923 atque
380 2857 496 2924 suspiria
510 2859 580 2910 Deus
592 2870 626 2910 ex
639 2857 692 2910 alto
705 2857 863 2924 respiciens,
877 2870 926 2910 sua
938 2858 1038 2925 pietate
1050 2861 1077 2910 et
1088 2853 1195 2910 meritis
1212 2855 1254 2908 sui
1273 2852 1448 2908 dilectissimi

212 2955 333 3008 lliobolai
355 2956 435 3008 eitius
455 2969 502 3009 eos
523 2955 669 3023 exaudivit,
682 2955 836 3021 adimplens
856 2968 951 3009 eorum
969 2955 1146 3009 desiderium.
1167 2953 1291 3020 lienique
1310 2952 1482 3006 dominnsa

212 3055 327 3109 civitatis
348 3056 517 3119 barensium,
533 3056 643 3108 nomine
664 3055 844 3123 Grimoaldus,
858 3070 921 3110 cum
947 3054 1251 3109 multitudinemilitum
1272 3059 1448 3107 armatorum

213 3156 301 3221 coepit
314 3156 451 3208 bominem
475 3158 645 3224 perquirere,
659 3158 826 3224 ubicumque
839 3157 966 3222 sperabat
986 3156 1063 3208 illum
1080 3155 1171 3222 fugam
1183 3153 1344 3219 arripuisse.
1359 3152 1452 3206 Gonti-

211 3257 249 3323 qlt
262 3268 326 3309 vero
340 3259 393 3309 beo
415 3255 533 3321 volente,
548 3261 578 3309 ut
597 3270 660 3308 oum
681 3271 730 3322 per
750 3257 882 3309 llarinam
903 3269 964 3308 eum
986 3259 1161 3322 quaererent,
1175 3252 1287 3306 obuium
1309 3252 1449 3305 baberent

212 3355 370 3422 episcopum
392 3357 507 3409 civitatis
527 3358 677 3410 tovinatiae
697 3370 759 3410 oum
784 3360 838 3409 tota
860 3357 1034 3421 processione
1055 3353 1221 3408 clericorum
1242 3363 1275 3404 ac
1298 3351 1446 3405 laicorum.

213 3458 334 3522 dumque
357 3459 487 3509 barenses
507 3470 522 3509 a
536 3457 615 3524 longe
635 3470 683 3511 eos
703 3456 843 3520 uidissent,
857 3461 1008 3523 coeperunt
1019 3455 1159 3521 inquirere
1176 3451 1368 3506 acursoribus
1384 3450 1445 3503 illo·
1463 3450 1482 3501 b

213 3568 283 3619 mm,
297 3556 343 3622 qui
357 3556 394 3608 illi
408 3561 500 3608 essent
512 3561 538 3607 et
550 3555 615 3621 quid
628 3557 680 3608 boc
693 3556 772 3609 uellet
785 3569 845 3608 esse
857 3555 930 3622 <quod
944 3555 982 3606 sic
1000 3551 1190 3621 procederent.
1203 3553 1327 3617 Cumque
1347 3549 1387 3601 illi
1406 3549 1447 3602 eis

216 3656 400 3709 reddidissent
420 3658 448 3711 in
470 3656 780 3723 responsis,tovinatios
800 3669 869 3722 esse,
890 3668 1056 3721 causamque
1075 3650 1230 3706 istiusmodi
1253 3649 1446 3717 processionis

213 3757 411 3823 exposuissent,
426 3761 565 3823 barenses,
580 3756 696 3809 nimium
710 3756 783 3820 lacti,
801 3768 882 3807 cursu
901 3755 1022 3821 praepeti
1034 3750 1216 3807 veneruntad
1228 3763 1284 3804 eos.
1299 3752 1331 3802 lat
1350 3763 1448 3817 quam·

213 3856 254 3909 uis
275 3857 389 3909 nimium
411 3857 577 3910 laetarentur
598 3871 647 3923 pro
669 3857 713 3909 tali
737 3857 843 3921 nuntio,
862 3859 954 3908 tamen
975 3868 1057 3922 quam
1080 3853 1198 3906 mraxime
1222 3850 1379 3917 perculerat
1400 3862 1449 3903 eos

212 3957 302 4020 timor,
316 3962 468 4009 metuentes
490 3971 524 4009 nc
546 3957 763 4022 episcopuscum
785 3957 885 4022 populo
906 3968 956 4008 suo
978 3967 1026 4020 per
1046 3953 1102 4005 vim
1121 3952 1240 4006 auferret
1258 3950 1308 4016 eis,
1322 3952 1482 4017 suaequeb'

213 4055 312 4108 ciuitati
334 4054 461 4109 deferret.
480 4055 557 4121 Quod
577 4063 603 4108 et
624 4056 770 4121 evenisset,
790 4056 841 4107 nisi
862 4055 920 4108 dux
941 4053 1112 4108 Grimoaldus
1133 4053 1247 4118 stipatus
1267 4049 1449 4104 multitudine

213 4163 378 4210 armatorum
394 4171 523 4226 praesens
535 4156 663 4210 affuisset.
678 4160 799 4224 cumque
812 4157 867 4210 duo
880 4156 982 4224 populi,
996 4154 1098 4208 scilicet
1116 4157 1248 4206 barenses
1266 4157 1295 4204 et
1306 4152 1448 4215 lovinatii,

215 4255 340 4308 inunum
353 4256 555 4321 conuenissent,
569 4257 706 4311 communi
720 4257 835 4310 consilio
847 4256 928 4309 simul
941 4268 1037 4308 omnes
1050 4257 1232 4320 perrexerunt
1244 4250 1279 4305 ad
1292 4252 1449 4320 bominem,

215 4354 262 4407 ubi
275 4354 364 4407 adbuc
377 4355 465 4408 stabat
478 4355 546 4407 fixus
558 4359 584 4408 et
597 4369 704 4409 caecus.
718 4359 793 4410 Tunc
805 4357 949 4421 episeopus
961 4354 1095 4408 accedens
1108 4353 1141 4405 ad
1154 4366 1218 4406 eum
1230 4364 1294 4405 cum
1308 4353 1381 4408 duce
1393 4354 1451 4406 Gri-

214 4453 332 4518 mouldo,
351 4455 526 4521 interrogavit
546 4468 609 4507 eum
630 4454 695 4521 quid
718 4457 826 4524 egisset.
839 4458 871 4507 llt
892 4455 936 4507 ille
958 4454 1113 4521 percutiens
1134 4457 1228 4519 pectus
1249 4459 1373 4507 suomet
1386 4458 1482 4508 euml

214 4555 319 4621 magnis
331 4555 476 4621 gemitibus
489 4555 583 4622 pandit
598 4569 689 4609 coram
703 4558 831 4610 omnibus
844 4559 958 4622 reatum,
972 4561 999 4608 et
1011 4554 1078 4621 quid
1090 4552 1115 4606 ei
1130 4551 1196 4605 inde
1208 4551 1353 4606 acciderit.
1367 4556 1452 4621 Cujus

213 4655 414 4710 confessionem
428 4662 454 4708 et
466 4656 671 4722 paenitudidem
684 4670 740 4711 non
760 4657 894 4723 recipiens
912 4657 978 4724 dux,
990 4654 1154 4721 adjudicavit
1166 4666 1230 4705 eum
1248 4654 1343 4707 statim
1357 4655 1453 4710 subire
