3316 5482
207 105 252 171 92
553 116 678 168 cursu.
698 117 800 167 coun.
819 115 994 167 uectoou.
1013 115 1094 166 unu.

208 290 326 342 suaset
338 289 520 342 reuertatur
532 287 575 340 ad
590 286 753 340 Dominum
769 288 799 339 et
810 283 1009 338 miserebitur
1022 283 1107 351 eins,
1120 285 1149 336 et
1166 282 1201 336 in
1218 282 1285 337 alio
1304 283 1370 337 ioco
1383 299 1391 337 ε
1402 284 1441 338 ln

207 399 402 456 ememusque
414 387 465 439 die
474 389 621 455 peccator
637 397 804 440 conversus
816 384 917 451 fuerit
928 386 957 437 et
975 383 1173 450 inpemnerit,
1187 381 1295 436 omnia
1307 385 1441 450 peccata

206 487 273 553 mus
284 487 434 541 obliuioni
446 487 573 541 tradam
581 500 591 550 ,·
605 489 635 539 et
645 486 675 539 si
686 485 798 539 dinero
816 485 912 552 impio
925 505 933 536 .·
947 486 1046 539 Morte
1061 483 1218 552 morieris,
1232 485 1262 537 et
1275 495 1442 538 conomius

208 586 308 653 fuerit
318 589 348 642 et
365 586 477 657 fecerit
492 586 654 654 judicium
672 588 701 639 et
710 584 885 653 justitiam,
904 587 934 639 et
949 597 987 638 ea
1004 596 1083 652 quae
1094 584 1215 651 scripta
1231 586 1317 650 sunt,
1337 595 1443 638 omnes

208 684 392 753 iniquitates
403 685 470 752 eins
482 685 631 740 oblivioni
650 685 787 738 tradam.
800 687 872 737 ilaec
883 688 911 737 et
923 684 965 738 his
983 683 1082 737 similia
1095 682 1210 737 audiens
1227 683 1375 750 episcopus
1387 694 1442 736 seu
1472 682 1480 730 l

205 799 269 838 vum
281 786 328 839 bei
340 792 555 851 ammonentem,
567 799 630 839 cum
643 786 763 839 lacrimis
774 790 801 837 el
819 784 939 852 heiulatu
961 783 1185 838 emendationem
1206 786 1261 838 beo
1274 783 1442 850 promittens

208 888 236 938 el
244 885 400 939 contessum
411 900 440 940 se
452 887 486 940 ab
499 886 546 939 illo
567 886 613 939 die
624 886 793 940 denuntians
806 885 840 937 ab
858 885 919 951 ipso
931 883 998 937 vitio
1016 884 1164 937 abstinere.
1177 885 1209 936 ut
1225 882 1327 950 adjecit
1335 888 1364 936 et
1375 881 1444 935 dixit

208 982 234 1037 ei
253 985 327 1051 quod
344 986 368 1038 ei
392 986 543 1039 revelatum
566 985 662 1038 buissel
680 997 735 1037 non
753 985 814 1050 plus
832 997 898 1036 eum
924 983 1071 1037 viviturum
1093 996 1175 1051 quam
1199 996 1305 1036 annum
1321 988 1350 1036 et
1371 982 1442 1036 duos

207 1096 327 1147 menses.
340 1087 371 1138 ut
381 1085 496 1139 consilio
514 1092 624 1153 accepto
637 1086 671 1138 ab
684 1086 743 1150 ipso
760 1086 808 1137 bei
821 1097 910 1148 servo,
926 1083 1041 1149 Leporio
1053 1083 1181 1150 episcopo
1193 1084 1203 1104 ‘
1217 1081 1442 1150 llaurigenensi·

209 1196 239 1237 sc
251 1181 395 1251 conjunxit
407 1190 434 1238 et
450 1185 475 1238 el
489 1189 587 1238 cuncta
598 1197 669 1251 quae
687 1189 746 1238 acta
759 1189 837 1238 erant
855 1183 990 1250 patefecit,
1004 1187 1032 1237 et
1043 1182 1118 1243 inde,
1130 1183 1165 1236 ab
1178 1183 1237 1249 ipso
1249 1182 1399 1250 castigatus
1414 1185 1443 1235 et
1468 1184 1480 1232 t

210 1283 238 1335 in
251 1261 304 1336 fide
316 1285 423 1338 Domini
435 1285 637 1359 corroboratus,
650 1298 713 1337 cum
726 1283 919 1338 benedictione
930 1282 965 1336 ad
982 1283 1092 1349 propria
1105 1294 1241 1347 reversus,
1255 1280 1441 1336 ministerium

209 1396 290 1437 suum
302 1384 384 1453 digne
396 1366 492 1454 agebat
509 1391 536 1438 et
548 1385 648 1452 populo
666 1384 717 1438 sibi
729 1385 854 1451 subjecto
871 1382 1021 1437 liberaliter
1038 1382 1211 1436 ministrabat
1228 1384 1256 1435 el
1267 1381 1354 1435 tinem
1372 1381 1444 1434 vltae

209 1494 277 1536 suae
289 1484 318 1536 in
331 1497 397 1550 pace
410 1484 549 1538 deducens
561 1485 686 1552 religiose
698 1484 824 1552 migravit
835 1481 870 1538 ad
882 1483 1030 1536 Christum.
1044 1483 1093 1536 lvit
1105 1481 1140 1535 ad
1153 1482 1212 1547 ejus
1227 1482 1334 1536 obitum
1346 1481 1444 1536 beatus

209 1581 342 1648 leporius
354 1588 380 1635 et
392 1596 456 1635 eum
469 1586 557 1636 terrm
571 1582 687 1636 humore
698 1581 830 1636 condidit.

242 1683 274 1735 4.
293 1684 442 1734 Revertens
461 1684 553 1734 auum
574 1682 670 1735 beatus
687 1682 757 1747 tper
774 1680 809 1733 ad
827 1680 955 1734 cellulam
974 1693 1062 1745 suam,
1082 1679 1180 1733 direxit
1197 1678 1332 1732 tumulum
1351 1692 1443 1743 suum,
1474 1698 1480 1708 ·

207 1781 396 1835 Abrunculum
409 1781 532 1847 nomine,
545 1794 627 1848 quem
641 1794 656 1834 a
669 1782 764 1835 sacro·
776 1781 851 1834 tonte
864 1785 1021 1846 susceptum
1033 1779 1120 1833 illium
1139 1778 1191 1833 sibi
1208 1763 1409 1847 [adJoptaverat
1422 1782 1442 1843 ⁴,

209 1879 244 1933 ad
257 1879 379 1946 fluvium,
393 1881 437 1935 cui
449 1881 614 1935 vocabulum
632 1886 673 1934 est
684 1883 767 1947 lsera‚
786 1894 849 1934 cum
867 1881 972 1934 urceo·
988 1879 1023 1933 ad
1044 1879 1224 1933 hauriendam
1235 1891 1348 1946 aquam.
1366 1881 1444 1933 ltine

209 1984 387 2046 praeparatus
399 1981 529 2048 antiquus
542 1981 626 2034 hostis
637 1980 754 2034 callidus
766 1979 919 2046 insidiator,
932 1980 980 2046 qui
993 1993 1101 2046 semper
1113 1979 1221 2047 quaerit
1232 1990 1316 2046 quem
1328 1978 1445 2032 devoret

210 2083 241 2133 ut
251 2081 337 2147 magis
349 2081 464 2146 perdere
476 2081 563 2134 valeat
575 2082 584 2101 '
596 2095 678 2149 quam
698 2093 841 2145 coronare,
855 2092 904 2154 per
921 2080 982 2146 ejus
994 2080 1130 2132 fallaciam
1149 2077 1286 2131 dimersus
1297 2080 1340 2131 est
1352 2076 1382 2130 in
1395 2076 1443 2130 du·

211 2180 295 2246 mine,
313 2179 349 2233 ita
367 2185 398 2233 ut
414 2180 538 2234 videntes
561 2185 688 2247 putarent
706 2194 768 2234 eum
787 2184 914 2234 necatum
925 2197 933 2247 ;
946 2179 994 2233 sed
1012 2179 1138 2232 meritis*
1155 2178 1226 2232 servi
1244 2178 1292 2231 Dei
1310 2175 1480 2231 Dominus}

210 2290 267 2331 uon
279 2278 402 2345 permisit
419 2292 483 2331 eum
495 2280 619 2346 perdere.
633 2282 701 2333 cum
713 2292 747 2332 ex
765 2291 841 2333 more
853 2279 933 2332 solito
951 2279 1095 2346 requirens
1115 2277 1163 2330 ubi
1181 2279 1264 2343 esset,
1276 2276 1353 2330 venit
1370 2288 1444 2330 uuus

211 2390 245 2431 ex
253 2378 409 2431 vernaculis
420 2380 488 2445 ejus,
503 2380 550 2446 qui
563 2383 642 2432 antea
653 2392 737 2432 ausus
749 2391 805 2432 non
820 2379 907 2432 iuerat
919 2377 1019 2443 dicere,
1033 2378 1081 2446 qui
1093 2376 1199 2432 viderat
1211 2389 1274 2430 eum
1286 2376 1317 2429 iu
1329 2373 1444 2429 flumine

212 2490 351 2543 mersum;
365 2479 433 2531 dixit
450 2479 475 2531 ei
488 2485 586 2532 cuncta
598 2492 669 2545 quae
688 2477 764 2531 vidit.
778 2478 957 2532 contristatus
968 2490 1034 2532 vero
1047 2482 1075 2531 et
1086 2476 1194 2541 dolens,
1215 2474 1266 2530 sed
1277 2474 1403 2529 conlisus
1413 2475 1443 2528 ln

212 2580 277 2644 Deo,
290 2578 411 2644 repletus
423 2579 522 2645 Spiritu
534 2585 629 2632 sancto
641 2579 715 2631 venit
726 2578 760 2631 ad
773 2579 860 2645 ripam
873 2577 1003 2645 fluminis,
1012 2582 1161 2644 prostratus
1171 2578 1200 2629 iu
1212 2574 1338 2631 oratione
1351 2574 1441 2629 dixit:

211 2677 340 2731 Domine
356 2679 438 2731 Dens
455 2678 658 2745 omnipotens,
677 2690 736 2731 ren
757 2690 867 2745 renum
890 2681 920 2732 et
942 2676 1088 2732 daminus
1117 2674 1361 2742 dominantium,
1385 2674 1443 2743 qui
1457 2670 1480 2727 Ι

212 2775 410 2843 unipenitum
423 2777 540 2830 Filium
553 2780 641 2831 tuum
653 2777 820 2830 Dominum
831 2779 975 2831 nostrum
986 2778 1093 2831 Jesum
1108 2775 1274 2841 Christum,
1285 2784 1445 2842 qumnpro

211 2876 422 2945 redemptione
432 2877 545 2930 mundi
553 2877 587 2930 in
600 2876 694 2930 terris
705 2877 831 2945 misisti,
845 2880 874 2931 te
884 2879 1041 2945 deprecor,
1054 2878 1128 2930 iesu
1140 2874 1333 2943 curisteum
1343 2886 1445 2942 supra

212 2988 302 3029 mare
307 2975 441 3043 pedibus
461 2975 632 3029 ambulasti
644 2978 673 3029 et
685 2976 777 3030 Petro
793 2977 945 3044 merpenti
964 2989 1094 3030 manum
1101 2973 1279 3043 perrenisti
1289 2975 1319 3027 et
1331 2975 1445 3028 Jonam

127 3085 130 3095 ·
213 3074 252 3127 de
271 3077 377 3128 ventre
389 3075 489 3142 piscis
505 3074 653 3142 liberasti,
667 3077 802 3143 supplem
822 3089 892 3129 cum
903 3075 1046 3129 lacrimis
1065 3076 1094 3127 et
1108 3074 1226 3140 „cemitu
1246 3075 1276 3126 te
1295 3072 1445 3140 deproeor

213 3175 376 3228 atreides
388 3173 467 3227 mibi
483 3174 587 3243 fllium
608 3188 697 3242 quern
709 3174 914 3238 obtinueram,
933 3174 1149 3228 Abrttmutum
1166 3171 1300 3240 nomine,
1313 3184 1406 3239 qtcem
1422 3172 1480 3227 cll

212 3273 383 3340 crepundio
396 3273 555 3340 infantiae
567 3274 706 3327 enutrivi
716 3277 745 3327 et
758 3274 871 3327 litteris
884 3272 982 3326 imbui
998 3275 1028 3327 et
1040 3272 1096 3327 tibi
1112 3271 1249 3326 creatori
1259 3282 1326 3325 meo
1338 3271 1444 3339 ipsum

213 3373 403 3427 consecravi.
417 3372 470 3425 Sed
482 3373 587 3426 Domini
596 3375 675 3439 jussu
687 3374 776 3440 coepit
785 3373 903 3425 clamare
915 3373 1117 3434 :Abruncule
1125 3371 1310 3438 Abruncule,
1320 3369 1443 3424 Abrum-

212 3472 292 3524 cule.
300 3471 352 3524 Sed
365 3485 427 3525 cum
436 3473 516 3525 tertio
528 3473 623 3525 fuisset
631 3478 751 3538 vocatus,
766 3473 832 3525 dixit
844 3490 851 3526 ι
862 3473 1100 3540 Adiuvabitur,
1109 3472 1184 3539 quia
1195 3471 1288 3525 audit
1298 3469 1444 3540 famulus

213 3574 296 3625 tuns.
315 3573 348 3624 Et
363 3573 415 3625 boc
433 3584 509 3625 more
526 3573 667 3635 samuelis,
680 3587 742 3626 cum
761 3580 887 3627 vocasset
904 3588 968 3627 eum
986 3574 1116 3626 Dominus
1134 3577 1161 3625 el
1178 3576 1306 3639 pergeret
1316 3571 1352 3624 ad
1372 3571 1442 3636 ileli,

211 3671 302 3724 aiebat
314 3685 322 3724 :
335 3672 411 3725 Ecce
422 3672 544 3740 adsum,
558 3672 634 3738 qnia
651 3673 769 3727 vocasti
779 3686 844 3740 me,·
857 3674 935 3727 terllo
953 3674 1036 3726 dixit:
1050 3674 1196 3740 Loquere,
1209 3671 1349 3736 Domine,
1365 3670 1444 3739 quia
1460 3671 1480 3725 ol

213 3770 306 3823 audit
317 3781 426 3823 servus
439 3772 518 3823 tuus.
533 3773 592 3837 lpse
605 3785 668 3825 vero
680 3771 880 3838 adprehensam
900 3786 1011 3825 manum
1030 3773 1090 3840 ejus
1102 3772 1136 3825 ad
1149 3772 1251 3824 siccum
1269 3770 1361 3837 traxit,
1375 3775 1403 3823 et
1417 3771 1445 3824 ei

214 3882 263 3935 per
275 3869 381 3936 singula
399 3870 550 3922 sciscitatus
562 3870 636 3936 quod
655 3872 811 3939 contigisset
828 3872 941 3925 diceret.
963 3875 994 3925 dt
1012 3871 1141 3925 illedixit
1162 3871 1197 3924 ad
1217 3883 1280 3924 eum
1294 3867 1448 3925 :Domine

213 3967 282 4036 mi,
296 3980 367 4022 cum
378 3981 426 4021 me
438 3968 554 4022 misisti
562 3970 668 4023 vestire
679 3969 722 4022 ud
734 3968 945 4023 detinendam
957 3984 1084 4039 aquam,
1092 3969 1253 4037 proiectus
1265 3968 1300 4021 in
1310 3967 1448 4036 flumine

208 4065 444 4135 profunditatis
462 4068 554 4133 quasi
571 4068 703 4134 speciem
720 4068 856 4123 luminis
871 4082 1005 4137 maenae
1020 4071 1165 4123 staturae
1183 4066 1334 4121 videbam.
1355 4067 1449 4122 Oculi

212 4165 279 4232 ejus
291 4166 384 4232 quasi
394 4165 535 4234 flamma,
548 4179 582 4220 os
602 4169 669 4233 ejus
680 4167 763 4221 sicut
774 4166 882 4237 fauces
905 4169 1012 4236 nonis,
1025 4168 1162 4235 unpulae
1173 4179 1245 4221 vero
1257 4165 1449 4221 uidebantur
1464 4168 1480 4221 l

212 4279 278 4319 esse
290 4267 323 4318 ut
340 4265 477 4331 aquitae.
499 4266 658 4333 voluitque
674 4265 864 4335 abstrahere,
882 4269 912 4322 si
923 4269 1087 4336 potuisset,
1104 4267 1245 4322 animam
1262 4279 1376 4321 meam.
1387 4267 1448 4322 Sed

213 4366 314 4421 subito
332 4367 485 4436 apparuit
496 4370 624 4422 statura
636 4367 866 4422 cartdidissima
883 4366 962 4422 sicut
983 4365 1057 4432 nin,-
1070 4363 1199 4418 babebat
1216 4363 1340 4417 vultum
1351 4365 1450 4432 quasi
