3316 5482
341 343 405 412 166
683 357 809 410 aaran.
830 357 931 409 oouu.
950 358 1124 411 sumsere.
1144 358 1223 411 aar.

338 531 476 600 Accipite
487 544 558 586 eam
577 544 630 586 aas
643 529 677 584 ia
694 532 848 598 potestate
867 532 981 598 vestra,
995 532 1024 583 et
1036 529 1187 597 quiequid
1198 530 1296 584 saltis
1316 531 1352 585 ia
1362 544 1493 601 corpore
1504 533 1572 600 eim

338 644 430 700 apere
449 629 794 698 saoite;aeramtamea
812 629 973 683 inanima
991 629 1059 695 ejas
1078 642 1141 683 aaa
1159 630 1334 685 eateadetis
1355 644 1481 687 manas.
1495 635 1573 687 servi

336 734 427 784 autem
440 734 467 783 et
479 730 604 783 homines
616 729 676 794 ejus
688 729 734 796 qui
749 741 811 782 eum
833 728 880 782 illo
892 732 979 793 erant,
992 729 1045 783 hoe
1062 728 1216 796 audientes,
1233 731 1376 785 confestim
1389 744 1455 799 prae
1471 735 1574 788 timore

337 829 545 883 daemoniorum
565 828 692 897 fugerunt
703 828 738 880 ab
750 840 801 890 θος
815 827 862 890 ille
872 840 938 881 vero
958 828 1126 894 stupetactus
1147 830 1280 883 remansit
1292 831 1375 885 solus.
1388 834 1455 886 'tres
1478 840 1574 887 autem

338 929 439 983 diaboli
457 929 616 982 invaserunt
628 941 692 981 eum
705 932 733 981 ot
743 933 893 994 coeperunt
905 927 966 980 sine
977 926 1034 981 ulla
1046 929 1233 983 misericordia
1246 930 1274 982 in
1295 943 1410 998 corpore
1422 944 1474 986 suo
1486 931 1576 987 domi·
1592 936 1612 988 s

340 1039 406 1082 nare
419 1033 446 1081 et
457 1027 491 1081 ad
504 1031 606 1080 terram
618 1025 736 1090 deicere,
750 1024 897 1080 caedentes
909 1030 936 1079 et
948 1024 1116 1094 flagellantes
1128 1039 1201 1080 eum.
1216 1030 1287 1083 Uxor
1304 1042 1369 1084 vero
1386 1035 1414 1083 et
1425 1029 1474 1083 tilii
1488 1036 1577 1099 atque

338 1129 409 1182 servi
422 1132 449 1182 et
459 1131 587 1195 parentes
599 1127 669 1193 ejus,
684 1126 735 1179 bos
746 1124 900 1192 audientes,
913 1126 1064 1179 cumomni
1077 1125 1178 1193 populo
1190 1132 1327 1182 venerunt
1337 1134 1365 1182 et
1379 1131 1578 1197 repperierunt

337 1240 402 1281 eum
414 1227 443 1280 in
455 1227 499 1280 via
508 1227 656 1294 latentem,
669 1231 771 1278 terram
785 1238 848 1277 eum
860 1222 975 1278 diversis
987 1225 1081 1279 herbis
1093 1224 1223 1280 dentibus
1233 1227 1455 1294 manducantem,
1470 1242 1577 1298 eorpus

338 1341 419 1382 suum
431 1326 567 1394 lapidibus
577 1327 747 1392 caedentem,
761 1325 890 1379 dentibus
911 1325 1084 1391 stridentem,
1098 1339 1146 1381 ore
1159 1333 1342 1396 spumantem,
1355 1330 1416 1384 sine
1427 1329 1499 1397 risa,
1513 1330 1578 1385 sine

337 1427 443 1493 auditu,
456 1428 516 1480 sine
535 1427 645 1494 loquela
665 1430 692 1479 et
710 1426 770 1478 sine
795 1438 888 1479 sensu.
902 1427 978 1479 Unus
998 1438 1118 1493 namque
1137 1427 1188 1493 uir,
1200 1429 1247 1495 qui
1269 1426 1304 1482 de
1324 1433 1418 1483 sancto
1429 1431 1572 1485 monario
1592 1433 1625 1485 to

340 1527 477 1595 veniebat,
487 1539 585 1595 panem
599 1527 755 1593 adportans,
768 1538 851 1592 quern
864 1528 974 1578 sanstus
986 1527 1137 1580 Leandrius
1156 1528 1235 1581 uxori
1247 1528 1366 1582 hominis
1378 1528 1451 1583 lllius
1463 1529 1576 1583 tebriel·

336 1627 404 1680 tanti
417 1625 605 1687 benedixerat,
619 1625 724 1691 aceepit
736 1636 835 1690 panem
847 1622 926 1676 illum
939 1627 966 1676 et
984 1624 1062 1692 tregit
1080 1638 1142 1679 eum
1160 1630 1187 1678 et
1204 1626 1277 1678 misit
1290 1626 1318 1679 in
1336 1638 1384 1681 ore
1398 1625 1521 1681 bominis
1533 1629 1577 1682 in·

337 1726 439 1780 sensati
452 1739 514 1778 oum
527 1737 598 1791 aqua
610 1736 625 1776 a
639 1729 733 1777 saneto
745 1723 879 1777 Leonorio
896 1723 1021 1777 similiter
1033 1723 1186 1778 benedicta.
1200 1727 1232 1778 Et
1249 1725 1340 1778 statim
1357 1726 1513 1781 absolutum
1532 1734 1578 1782 est

336 1825 476 1879 vinculum
489 1825 598 1893 linguae
609 1824 677 1890 ejus,
691 1828 719 1877 et
730 1823 837 1876 loeutus
850 1827 892 1876 est
903 1822 1018 1876 disens:
1033 1824 1109 1891 Heu,
1121 1823 1190 1893 beu,
1204 1823 1264 1878 bea
1279 1824 1359 1878 mitti
1369 1827 1493 1896 misero,
1499 1840 1575 1896 pec·

337 1925 695 1994 casapeecavtpeccaat,
703 1924 737 1977 ia
744 1926 853 1979 saneto
861 1924 1072 1978 etdtteetoDei
1078 1925 1323 1979 Leoaorto.Nam
1330 1909 1360 1980 et
1367 1938 1421 1993 epo
1428 1927 1575 1983 messio
1595 1930 1630 1983 ts

335 2025 411 2094 pata
425 2025 527 2078 iratas
538 2026 584 2077 est
596 2022 684 2091 ratiti,
698 2026 727 2077 et
738 2023 805 2078 ideo
823 2023 858 2076 ia
872 2027 1027 2092 potestate
1035 2024 1273 2079 daemoniorum
1284 2025 1380 2079 datas
1388 2039 1457 2080 sam
1470 2027 1575 2083 modo.

336 2124 375 2177 Et
387 2124 521 2175 mattam
528 2134 589 2190 per
600 2121 851 2176 misericordiam
863 2121 988 2176 Domini
996 2121 1117 2177 obsecro
1126 2135 1187 2190 aas,
1198 2123 1339 2177 reducite
1350 2136 1399 2178 me
1410 2124 1453 2177 ad
1464 2124 1574 2194 ittam,

335 2224 365 2276 et
385 2220 581 2289 retraetata
600 2233 679 2275 aaro
700 2222 730 2274 et
741 2222 870 2289 arpenta
881 2224 911 2274 et
923 2222 958 2273 ia
969 2221 1112 2275 omnibus
1118 2222 1369 2289 possessionibus
1386 2221 1481 2278 babeo
1500 2237 1576 2279 eum

336 2321 422 2376 omni
440 2333 510 2375 mea
530 2319 702 2375 hereditate
722 2320 775 2373 itti
793 2319 862 2374 sine
881 2321 953 2373 atta
973 2319 1135 2374 calumnia
1157 2320 1230 2374 date
1245 2321 1476 2389 perpetualiter
1500 2335 1577 2378 eum
1637 2339 1638 2342 ¹

330 2420 515 2487 jararwato
534 2422 564 2473 et
580 2417 817 2487 fidejussoribus
833 2418 902 2472 stne
914 2419 986 2487 fiae,
1001 2419 1049 2473 tta
1071 2421 1106 2472 at
1118 2431 1167 2473 me
1177 2419 1216 2473 de
1229 2421 1380 2487 potestate
1392 2420 1569 2477 ammonio·
1587 2422 1625 2476 α]

340 2533 414 2574 ram
426 2519 554 2586 eripiat.
567 2518 681 2585 Diaboli,
689 2519 735 2585 qui
746 2532 808 2571 eum
821 2518 850 2570 in
862 2521 995 2584 potestate
1008 2520 1147 2584 tenebant,
1161 2519 1246 2587 magis
1258 2532 1290 2572 aa
1302 2520 1387 2586 magis
1399 2519 1575 2574 tremuerunt

345 2618 373 2671 in
386 2631 459 2684 eum,
472 2622 500 2671 et
510 2617 603 2671 lurore
615 2617 710 2682 repleti
725 2617 786 2669 irati
798 2621 862 2670 sunt
874 2621 969 2670 eontra
982 2631 1056 2684 eum,
1070 2623 1097 2671 et
1107 2616 1264 2671 deiciebant
1276 2618 1353 2671 illum
1366 2617 1400 2671 ad
1413 2623 1524 2686 terram,
1536 2620 1575 2674 ila

346 2722 376 2770 ut
388 2717 471 2770 elisus
491 2717 665 2770 volutabatur
685 2729 825 2782 spumans.
838 2718 870 2769 Et
890 2717 989 2770 iterum
1007 2717 1183 2771 elevaverunt
1194 2730 1258 2771 eum
1270 2718 1299 2770 in
1312 2730 1384 2784 aere,
1396 2721 1423 2770 et
1439 2718 1577 2786 praeeipi-

344 2822 432 2871 tantes
446 2830 519 2883 eum,
530 2815 629 2870 cecidit
641 2828 723 2882 super
734 2820 871 2882 petrosam
882 2821 994 2882 terram,
1008 2816 1045 2869 ita
1057 2820 1088 2869 ut
1099 2829 1195 2870 omnes
1212 2817 1260 2884 qui
1272 2816 1387 2869 aderant
1397 2816 1579 2872 aestimarent

341 2917 420 2970 illum
433 2916 524 2971 omnia
545 2928 595 2969 sua
614 2915 735 2968 membra
758 2928 788 2968 se
810 2915 910 2969 babere
927 2916 1020 2969 iraota.
1034 2918 1065 2969 Et
1078 2921 1143 2969 tuno
1155 2929 1218 2970 eum
1237 2917 1529 2983 appropinquaverunt
1545 2918 1576 2971 in
1599 2923 1636 2975 tlt

345 3016 459 3070 circuitu
472 3016 531 3081 ejus
551 3027 585 3067 ex
600 3015 727 3069 omnibus
748 3015 870 3081 partibus
890 3016 941 3068 viri
963 3028 1079 3069 numero
1100 3021 1208 3069 eentum
1231 3015 1341 3084 triginta
1352 3019 1479 3082 quatuor,
1491 3016 1579 3070 etrix

348 3119 497 3183 potuerunt
509 3114 587 3167 illum
597 3119 702 3168 tenere.
714 3117 816 3168 Tamen
829 3127 892 3168 vero
904 3128 954 3181 per
965 3115 1181 3169 misericordiam
1191 3116 1298 3169 bomini
1308 3115 1394 3169 nostri
1402 3117 1466 3168 lesu
1476 3115 1579 3170 christi

346 3221 374 3270 et
386 3229 434 3282 per
446 3215 645 3269 invocationem
659 3214 778 3268 nominis
791 3215 877 3268 sancti
888 3215 1014 3269 Leonorii
1028 3215 1161 3280 riserunt,
1173 3220 1200 3268 et
1221 3215 1374 3283 ligaverunt
1394 3227 1456 3268 eum
1469 3213 1579 3270 eateuis

346 3317 434 3371 tribus
447 3317 543 3371 terreis
556 3315 721 3383 fortissimis,
734 3322 763 3369 el
774 3317 813 3370 sie
824 3315 962 3370 duxerunt
974 3317 1051 3392 illurn
1069 3318 1103 3370 ad
1121 3321 1246 3370 sanetum
1265 3317 1438 3383 Leonorium,
1450 3316 1577 3371 dieentes

345 3418 370 3472 ei
384 3433 390 3469 :
405 3418 451 3471 Ita
465 3415 520 3469 tibi
533 3415 629 3469 istam
640 3415 814 3484 deferimus
832 3415 985 3471 boariaem
1007 3419 1051 3487 at,
1065 3417 1206 3472 invocato
1220 3417 1346 3471 nomiae
1361 3417 1435 3471 Jesu
1450 3414 1577 3482 Christi,
1598 3421 1634 3474 ³⁰

348 3517 458 3571 liberes
469 3529 539 3570 eata
551 3530 571 3569 a
592 3516 728 3570 vineatis
749 3516 993 3587 demoniorum,
1007 3520 1036 3570 et
1050 3518 1207 3571 tradimus
1225 3519 1319 3584 atqae
1329 3516 1443 3570 damas
1456 3528 1579 3572 omnem

348 3617 440 3671 illias
456 3616 664 3670 substantiam
678 3615 734 3669 tibi
744 3631 816 3672 cara
828 3618 914 3672 amat
924 3631 984 3671 saa
1002 3616 1175 3673 hereditate
1185 3617 1371 3683 etjuramas
1382 3615 1439 3670 tabi
1449 3615 1505 3671 boc
1523 3617 1579 3685 pir·

346 3717 439 3771 miter
455 3720 548 3784 atoue
554 3717 784 3784 perpetualiter
796 3716 869 3784 fieri
880 3717 1025 3784 usquein
1043 3716 1137 3784 finem
1155 3717 1285 3793 saeculi.
1298 3717 1413 3770 sanetus
1424 3714 1580 3771 Leonorius

347 3816 519 3883 respondens
530 3816 598 3869 dixit
610 3815 643 3869 ad
656 3815 718 3869 illos
732 3832 739 3868 ι
752 3816 814 3869 Iste
826 3814 914 3870 bomo
931 3815 1115 3870 incredulus
1136 3818 1166 3869 et
1183 3827 1302 3869 aaarzes
1313 3817 1343 3869 et
1360 3816 1471 3869 eontra
1481 3826 1579 3881 prae·

347 3918 469 3984 ceptam
481 3915 606 3969 Domini
617 3927 711 3982 apeas
723 3914 787 3983 fuit
798 3929 897 3983 usqae
907 3916 1005 3970 modo.
1018 3917 1109 3970 Natta
1121 3917 1227 3969 autem
1232 3914 1377 3981 jejunate
1387 3924 1502 3982 omnes,
1512 3914 1580 3968 atri
1596 3918 1632 3970 55

348 4015 497 4070 similiter
515 4017 543 4068 et
554 4014 700 4083 feminae,
708 4027 770 4081 pro
781 4027 815 4069 eo
828 4015 929 4068 tribas
942 4015 1049 4069 aiebas
1060 4017 1090 4070 et
1103 4015 1228 4070 totidem
1239 4013 1379 4069 noctibus
1391 4017 1421 4068 et
1432 4026 1487 4081 epo
1505 4026 1581 4069 cum

350 4112 508 4182 fratribus
519 4113 596 4166 meis
613 4112 754 4167 omnibus
773 4113 922 4167 similiter
941 4112 1430 4180 votaeumjejaaaoo;qaiajam
1441 4111 1581 4167 audatis

347 4215 383 4269 ia
394 4215 553 4283 erari-petio
565 4214 730 4269 Dominam
742 4216 785 4269 ad
796 4229 868 4269 suos
880 4215 1052 4283 dissipatos
1071 4215 1221 4269 dieeatera
1235 4232 1243 4268 :
1256 4213 1319 4268 lios
1329 4226 1426 4281 penas
1438 4211 1474 4264 ia
1485 4213 1581 4268 nullo

296 4300 300 4307 ’
343 4318 445 4382 potest
463 4314 561 4369 eicere
581 4314 646 4368 atsi
665 4315 859 4370 irroratione
878 4316 1044 4382 etjrp'aaio.
1058 4318 1090 4368 Et
1101 4317 1138 4368 ita
1156 4315 1289 4368 leserunt.
1301 4311 1494 4380 ieiunantibus
1513 4310 1580 4379 illis,

350 4414 458 4468 dieebat
470 4414 552 4469 horno
566 4431 572 4467 :
586 4415 696 4469 Sancte
708 4415 846 4483 menori,
857 4416 977 4470 obsecro
990 4419 1027 4483 te,
1040 4427 1190 4470 succurre
1201 4414 1281 4468 mibi
1291 4414 1414 4479 misero,
1427 4415 1458 4466 et
1479 4411 1581 4467 libera
1597 4415 1633 4468 to

352 4528 401 4569 me
422 4528 443 4568 a
466 4514 702 4569 daemoniorum
719 4519 881 4583 potestate,
907 4517 983 4583 qaia
1008 4518 1105 4570 totam
1127 4515 1218 4569 arctet
1237 4526 1350 4582 eorpus
1371 4525 1475 4567 meam
1498 4512 1583 4567 sieta

353 4612 484 4679 flamma
497 4613 580 4680 ipais
598 4613 683 4668 tatas
700 4615 729 4668 et
744 4613 834 4682 foris.
851 4614 937 4669 sinito
958 4618 1048 4668 autem
1072 4613 1199 4669 triduano
1211 4614 1327 4681 jejunio,
1343 4615 1454 4667 sanetus
1472 4613 1583 4667 beono-
