3316 5482
419 364 514 415 s1s1..
533 363 617 414 uir.
636 362 753 413 rums.
772 382 818 394 -
833 362 986 412 aereus.
1005 361 1053 410 uu
1069 360 1147 411 oou.
1170 356 1246 410 esus.
1379 341 1443 421 107

243 534 298 587 illos
307 534 335 587 iu
344 532 477 588 diversis
496 532 579 588 orbis
595 525 744 600 partibus
768 531 926 598 dispersos
948 528 1057 583 habeti
1075 541 1132 584 uec
1144 529 1179 582 iu
1192 542 1293 582 uuam
1304 526 1444 595 amptius

239 644 310 700 posse
323 632 465 686 inveniri.
484 632 521 684 Ad
546 632 613 685 haec
633 632 689 684 dux
708 632 835 684 conscius
853 643 917 698 prae
939 630 1038 699 gaudio
1064 629 1103 682 rei
1124 630 1166 681 sui
1186 628 1274 683 sancti
1298 630 1445 685 subridens

242 732 335 785 ebulit:
352 732 493 786 Modicae
512 730 596 800 fidei,
618 733 648 784 et
669 733 704 784 tu
726 743 791 783 vau
808 730 910 783 credis
931 729 1012 797 quod
1029 741 1090 796 per
1101 728 1216 782 merita
1228 727 1311 782 beati
1322 729 1446 783 Hilarii
1473 740 1476 749 ·

244 829 345 883 murti
354 831 402 884 tui
411 842 517 885 omues
528 832 559 882 et
569 829 808 895 simulpossuut
821 828 877 881 tibi
886 827 1037 882 restituit
1048 829 1124 880 Tunc
1138 827 1183 880 ille
1195 844 1201 879 ε
1214 827 1263 880 Me
1274 828 1397 882 dolente
1407 829 1446 883 de

213 927 343 997 adsum,
362 932 406 995 tu,
424 929 551 984 domiue
569 929 647 996 duce,
663 928 759 994 rides,
779 928 856 995 quia
873 927 1014 980 derisum
1026 939 1046 980 a
1059 929 1168 981 saucio
1182 929 1234 980 tuo
1250 927 1403 995 merides,
1417 931 1446 981 et

243 1032 423 1093 mordacium
436 1033 526 1081 tuum
535 1040 596 1096 pro
608 1029 722 1082 damuo
735 1028 817 1095 quod
823 1039 885 1094 pro
902 1040 936 1082 eo
954 1025 1022 1095 fero
1039 1025 1206 1080 subsauuo.
1224 1026 1282 1086 Qui
1299 1026 1328 1079 si
1344 1028 1446 1094 cujus·

243 1141 317 1194 quam
326 1131 427 1184 auriti
438 1132 526 1193 esset,
548 1129 578 1182 si
596 1129 672 1196 quid
692 1129 779 1195 apud
801 1129 897 1181 metm
911 1125 1176 1194 praesciscendos
1194 1125 1274 1179 milti
1284 1128 1445 1180 evenisset.

244 1229 318 1281 statim
327 1230 385 1299 dux,
398 1231 545 1299 indignans
557 1228 587 1281 in
599 1230 708 1282 beatum
722 1228 852 1280 Hilarium
866 1226 961 1280 audire
974 1227 1181 1293 blasphemiam,
1192 1231 1218 1279 et
1227 1226 1275 1281 diu
1288 1240 1344 1280 non
1354 1227 1446 1280 serens

245 1326 1354 1396 uimculum'ejusprotelari,camerariosuvomnibusaudieniihus:Perciuctum
1364 1327 1444 1381 milti
1498 1327 1507 1346 ·

208 1422 234 1475 iu
247 1426 543 1496 [adimiquodiudeati
549 1428 669 1482 Hilarii
676 1429 755 1481 auia
765 1428 869 1480 eodem
877 1427 935 1494 die,
943 1427 1018 1494 quiri
1028 1428 1098 1495 ipsa
1108 1426 1187 1481 ltora
1200 1441 1261 1495 qua
1270 1427 1444 1495 ipseperdi-

249 1520 294 1589 dit,
303 1527 326 1578 te
335 1528 404 1581 teste
415 1526 531 1580 inverti.
541 1527 618 1591 Quod
629 1527 676 1580 ubi
690 1527 792 1592 hospes
804 1525 872 1579 vidit
883 1529 911 1578 et
923 1524 1095 1579 evidentibus
1109 1526 1193 1592 signis
1205 1539 1284 1578 suum
1298 1539 1360 1579 esse
1372 1524 1447 1593 quod

249 1623 349 1678 suaerat
359 1627 477 1695 maurit,
488 1626 705 1692 computatisque
718 1626 848 1689 denariis,
860 1631 891 1677 ui
902 1638 954 1679 nec
966 1638 1038 1678 unus
1050 1625 1161 1691 quidem
1173 1629 1291 1678 mutatus
1302 1626 1344 1679 vel
1358 1627 1449 1679 minus

253 1720 321 1789 uerit,
331 1739 390 1792 prae
400 1726 501 1795 gaudio
514 1727 634 1792 primum
646 1725 757 1791 diriguit
770 1730 796 1779 et
813 1737 877 1792 prae
895 1725 1076 1777 admiratione
1095 1725 1244 1791 obstupuit,
1263 1731 1289 1779 et
1300 1726 1407 1792 posted
1420 1741 1449 1780 se

254 1833 349 1879 uacuus
360 1826 538 1881 exclamauit:
557 1827 647 1879 Nunc
667 1825 702 1878 iu
724 1826 782 1879 isto
802 1824 940 1891 coquovi,
954 1825 1079 1878 domiue
1097 1824 1175 1887 duur,
1189 1825 1337 1891 quoniam
1362 1824 1450 1881 toruo

218 1918 243 1968 ii
255 1919 328 1977 lieics
338 1928 406 1980 tuci
417 1925 545 1980 verdum
557 1924 591 1978 iu
603 1937 656 1980 ore
676 1928 728 1978 tuo
740 1937 848 1979 verum
866 1928 911 1978 est
928 1925 1009 1992 quod
1026 1925 1064 1978 de
1081 1924 1166 1979 beato
1180 1925 1304 1980 Hilario
1311 1924 1449 1994 profers,

255 2017 383 2092 illium
392 2027 540 2080 saucium
552 2037 648 2092 super
658 2037 763 2079 omues
774 2025 855 2078 alios
863 2026 986 2079 sauctus
1000 2026 1100 2078 tecum
1112 2024 1259 2079 collaudo
1271 2027 1301 2078 et
1319 2025 1449 2093 amplio-

254 2116 288 2170 ris
300 2125 370 2190 apud
387 2126 484 2178 Deum
495 2136 561 2177 esse
572 2124 679 2177 meriti
697 2125 846 2191 euperem
867 2136 951 2177 rturtc
969 2123 1119 2190 coufitevr
1137 2126 1166 2177 et
1178 2124 1278 2191 credo,
1297 2125 1449 2192 scepsius

254 2215 454 2279 leuissimum
466 2238 505 2279 uc
516 2224 737 2293 fidelissimum
758 2237 884 2277 servum
896 2237 944 2277 me
961 2225 999 2277 de
1014 2226 1113 2278 cetero
1126 2225 1265 2292 concedo,
1279 2228 1307 2278 et
1321 2226 1449 2293 insuper

255 2312 455 2388 dcivfidetdate
465 2335 534 2376 mea
546 2326 576 2376 et
585 2321 826 2390 deblaspttemia
841 2336 935 2389 quam
946 2322 981 2375 iu
991 2323 1192 2390 eumprotuli
1202 2336 1250 2377 rue
1261 2323 1449 2390 culpabilem

216 2413 244 2463 2⁰
256 2414 333 2473 riddo.
345 2425 413 2476 ilaec
426 2423 533 2489 hospite
545 2425 738 2488 prosequente,
760 2421 842 2475 flebat
863 2422 921 2488 ipse
941 2436 1004 2489 prae
1023 2422 1123 2489 gaudio
1141 2428 1168 2475 ci
1188 2423 1285 2476 domus
1303 2425 1363 2489 eius
1375 2429 1449 2488 tota,

257 2509 332 2573 icum
341 2523 437 2588 pariter
449 2529 476 2575 et
487 2523 533 2589 qui
544 2521 658 2574 aderant
667 2522 803 2588 peregrini
817 2522 948 2583 actiani,
963 2523 1009 2588 qui
1022 2535 1072 2588 pro
1085 2522 1156 2574 lama
1167 2523 1289 2575 miraculi
1300 2536 1333 2576 eo
1346 2524 1451 2587 irruen-

256 2614 284 2665 iis
293 2619 492 2689 circumquaque
504 2636 566 2675 mox
585 2628 781 2675 couvenerant.
795 2625 870 2675 Tunc
891 2622 947 2674 dux
960 2623 1020 2688 pius
1033 2635 1124 2675 caram
1136 2623 1264 2676 omnibus
1277 2625 1376 2677 intuitu
1390 2624 1451 2676 reli-

253 2710 353 2776 aiouisac
364 2734 495 2790 praesago
507 2723 603 2788 spiritu
616 2723 673 2775 ait:
688 2721 863 2776 certissime
878 2721 963 2775 scias
983 2725 1013 2774 et
1029 2723 1149 2789 credas,
1164 2722 1279 2790 hospes,
1296 2723 1372 2790 quia
1384 2724 1450 2776 uisi

253 2812 284 2864 cd
291 2814 361 2873 tecti·
373 2820 494 2874 Hilarii
502 2820 659 2875 orationes
672 2823 746 2873 tuuc
758 2821 949 2889 accessisses,
958 2821 1156 2888 percircctum
1173 2821 1267 2886 istud,
1281 2823 1361 2889 quod
1369 2836 1451 2890 prae

218 2902 367 2974 ”mutuus
378 2920 468 2974 niodo
479 2919 580 2986 habes,
594 2921 761 2986 utcumque
774 2919 839 2986 ipso
851 2921 902 2972 die
914 2920 948 2971 iu
955 2923 1143 2988 perpetuum
1153 2920 1322 2974 amisisses.
1342 2923 1451 2974 Verum

177 3070 179 3089 ,
250 3019 374 3073 lamiam
386 3020 429 3073 ud
442 3020 545 3086 ipsum
558 3019 649 3072 corde
660 3023 862 3085 compunctus
875 3019 1033 3072 divertisti
1043 3023 1073 3073 et
1082 3023 1111 3074 te
1121 3023 1151 3073 et
1163 3023 1228 3087 tua,
1243 3023 1278 3073 ut
1294 3020 1453 3089 coufessus

177 3112 179 3167 i
248 3120 277 3180 u,
288 3114 359 3172 baua
370 3119 471 3172 eidem
488 3119 593 3171 devote
611 3119 843 3187 commendasti,
863 3120 1061 3173 commissum
1079 3120 1139 3173 sibi
1146 3122 1344 3187 perciuetum
1364 3125 1453 3175 tuum

246 3220 304 3269 tatu
315 3218 466 3271 amissum
476 3216 533 3270 titt
552 3217 723 3270 reservavit
743 3220 772 3270 et
784 3231 844 3284 per
867 3219 1016 3283 rectiorem
1030 3222 1133 3272 terrac
1150 3221 1394 3289 suaeuuutium,
1408 3234 1456 3274 me

244 3311 367 3372 videlicet
379 3318 637 3384 qualemcumque
656 3317 765 3371 ducem
783 3331 886 3383 savari,
906 3317 962 3369 tivi
979 3318 1013 3369 iv
1037 3318 1169 3386 hospitio
1188 3322 1249 3388 tuo,
1260 3320 1342 3373 sicut
1354 3320 1454 3374 oculis

209 3398 392 3485 ³⁰t’ttvidere,
414 3417 539 3470 salvum
560 3417 690 3469 remisit.
710 3418 755 3468 ilis
777 3417 876 3470 auditis
898 3430 995 3469 omncs
1017 3418 1061 3469 liei
1076 3417 1223 3470 laudabant
1236 3419 1451 3486 magnaliuetut

238 3520 345 3573 laterani
357 3515 526 3569 extollebant
546 3530 616 3582 quae
638 3529 686 3582 per
707 3529 814 3568 servum
833 3530 913 3569 suum
935 3518 1044 3569 beatum
1067 3516 1197 3569 Hilarium
1219 3518 1276 3582 ipso
1289 3523 1453 3583 cooperante

237 3606 288 3667 iuu
297 3613 443 3667 mirabilia.
457 3614 477 3664 0
489 3613 566 3666 beate
583 3613 676 3676 Hilari,
691 3614 733 3665 cui
757 3626 812 3666 nau
833 3613 932 3666 suiileii
953 3613 1057 3666 homini
1080 3613 1142 3665 licet
1160 3612 1263 3666 infideli
1277 3622 1304 3666 et
1316 3615 1453 3667 immerito

236 3723 290 3774 uuae
302 3715 329 3766 iu
342 3714 404 3780 ejus
417 3713 528 3765 servitio
537 3714 664 3765 amiserat
676 3725 725 3765 sua
738 3714 891 3775 restituere,
906 3712 957 3764 nisi
971 3713 1052 3764 eiiam
1066 3725 1114 3777 per
1124 3712 1234 3764 fidelem
1247 3726 1325 3766 suum
1340 3713 1453 3766 remissa

236 3808 318 3866 ducem
330 3825 404 3879 quae
418 3812 446 3862 in
458 3812 569 3863 basilica
582 3812 667 3877 ipsius
680 3811 790 3878 ignarus
802 3811 976 3876 deposuerat,
989 3812 1015 3863 in
1031 3812 1096 3877 ipsis
1108 3812 1253 3877 penatibus
1263 3813 1339 3864 salva
1353 3814 1453 3879 recipc-

204 3902 226 3956 Β
238 3918 274 3977 ru,
286 3926 341 3980 quo
354 3919 382 3964 et
394 3910 434 3963 ilii
446 3924 482 3963 ex
497 3909 687 3975 desperatione
698 3912 801 3977 gratius
813 3915 885 3963 essct
897 3918 923 3963 et
936 3917 1045 3977 propter
1056 3912 1155 3964 ducem
1170 3912 1322 3965 mirabilius
1334 3912 1420 3966 lieret.

370 4119 422 4176 De
436 4130 527 4187 equo
540 4117 661 4176 tursio
675 4131 741 4189 per
754 4119 901 4176 beatum
916 4116 1098 4177 Hilarium
1112 4116 1294 4177 restituto.

266 4309 293 4362 2.
306 4311 454 4363 Veniamus
466 4308 499 4360 ad
514 4309 581 4360 illud
604 4311 688 4362 nostri
708 4311 837 4374 temporis
861 4322 916 4361 uon
937 4310 1069 4361 dissimile
1090 4311 1253 4363 miraculum
1276 4325 1324 4377 per
1346 4312 1456 4364 beatum

245 4406 369 4471 lilerium,
381 4412 444 4464 iicet
456 4412 613 4464 hominihus
626 4412 813 4473 dissimilibus,
827 4417 927 4463 acturas.
942 4414 1001 4476 lpse
1014 4425 1132 4477 namque
1153 4425 1234 4463 verus
1246 4414 1301 4464 veri
1315 4412 1388 4464 illius
1401 4426 1456 4463 ma·

247 4505 308 4569 uisui
319 4518 358 4562 est
370 4512 522 4577 discipulus
535 4511 607 4577 apud
620 4525 702 4578 quem
716 4524 771 4563 uon
785 4517 825 4563 est
839 4524 1017 4576 personarum
1030 4512 1160 4576 acceptio,
1175 4512 1222 4563 sed
1237 4513 1265 4563 in
1281 4513 1354 4564 omui
1376 4517 1456 4578 gente

177 4648 179 4655 ,
218 4595 285 4667 liqut
296 4608 365 4662 timet
377 4613 462 4663 iteum
475 4618 502 4663 et
514 4617 641 4677 operatur
652 4611 784 4677 justitiam
797 4615 924 4676 acceptus
936 4615 977 4661 est
990 4610 1038 4662 illi.
1053 4612 1083 4663 Et
1101 4610 1235 4677 siquidem
1254 4612 1382 4664 conscius
1394 4611 1457 4664 dici-
