3316 5482
323 341 417 391 amn.
436 340 519 393 nar.
538 341 656 392 Panis.
675 363 720 374 -
737 343 889 394 urrann.
910 301 956 395 nn
973 345 1052 396 coo.
1072 312 1149 398 orto,
1281 332 1349 399 583

144 512 178 564 e.
192 510 379 564 vaiicrensem
393 513 485 563 autem
499 510 628 573 insulam,
642 511 688 563 ubi
702 510 812 578 sanguis
824 512 884 578 ejus
895 511 1000 566 effusus
1015 521 1056 566 est
1068 527 1118 581 pro
1130 515 1229 567 Christi
1243 516 1350 571 confes·

111 611 191 664 sione
203 617 231 663 et
242 611 340 676 gioria,
354 610 525 676 frequentius
547 608 663 663 illustrat
681 611 820 663 miraculis
837 612 950 676 spiritus
963 614 1005 665 sui
1017 614 1173 678 praesentia
1184 631 1192 681 ;
1206 616 1271 681 quia
1283 629 1346 669 cum

112 725 169 765 non
182 711 305 765 bdelium
318 709 368 764 sed
379 705 534 763 inlidelium
546 710 624 776 signa
637 711 702 775 sint,
715 710 795 763 aliter
810 709 909 764 efferae
918 714 1007 778 gentis
1017 725 1074 766 non
1085 714 1225 768 emollitur
1234 715 1346 770 duritia.

113 815 150 865 ile
162 812 263 878 quibus
275 811 303 861 in
316 809 390 862 calce
402 808 549 861 voluminis
562 809 630 861 libet
639 809 761 862 inserere
771 822 857 876 pauca
867 809 900 863 de
909 811 1045 876 plurimis.
1056 812 1190 865 Praesidis
1201 814 1345 868 Flandriae

81 919 97 970 ll
114 911 245 969 Baldwini
255 911 349 977 iunior
367 907 448 974 iilius,
471 910 614 974 hupertus,
635 908 737 961 beilum
761 909 852 961 intulit
872 908 1043 975 implacabile
1064 911 1345 979 hilthiiburgensibus.

112 1014 166 1066 'rer
176 1010 264 1064 denas
276 1007 349 1061 enim
361 1007 491 1075 legiones,
501 1011 605 1059 taxatas
615 1006 689 1059 mille
701 1006 844 1073 militibus,
858 1008 989 1062 adversus
1002 1011 1053 1063 tria
1066 1024 1121 1063 non
1137 1012 1241 1079 integra
1257 1014 1286 1066 in
1300 1015 1347 1069 ho·

113 1109 185 1164 stilia
193 1110 273 1163 litora
283 1107 388 1173 trajecit
397 1106 521 1159 nauibus.
532 1107 564 1157 ht
569 1105 760 1171 walicrenses,
767 1106 921 1161 coadunato
930 1121 979 1161 suo
989 1109 1107 1176 agmine,
1114 1118 1303 1165 convenerunt
1311 1115 1341 1167 in

120 1209 262 1265 basilicam
274 1214 371 1274 terque
381 1210 531 1272 quaterque
542 1203 634 1272 [beati]
643 1206 808 1259 willibrordi
822 1212 1009 1260 consecratam
1023 1209 1165 1276 sanguine,
1176 1215 1204 1262 et
1213 1216 1276 1264 ante
1287 1225 1344 1278 par·

112 1309 300 1377 ticipationem
313 1307 438 1361 salutaris
451 1306 555 1358 hostiae
564 1310 626 1358 voto
635 1319 663 1358 se
673 1306 890 1372 obstrinxerunt,
901 1309 1048 1373 quotannis
1058 1322 1171 1361 censum
1182 1311 1221 1376 iili
1234 1312 1340 1377 persol-

63 1415 97 1466 to
113 1424 188 1477 vere,
201 1410 223 1461 si
233 1409 293 1475 ejus
308 1407 462 1459 interventu
471 1406 633 1458 clementiae
642 1405 795 1471 potirentur
806 1404 895 1471 palma
908 1407 1046 1460 victoriae.
1056 1410 1109 1460 ilco
1120 1422 1206 1475 mora,
1217 1411 1343 1462 succensi

113 1507 322 1562 ardentissimae
335 1505 398 1558 fidei
411 1504 512 1570 calore,
527 1503 664 1570 pyxidem,
679 1505 707 1556 in
720 1518 773 1570 qua
787 1504 860 1556 iilius
870 1506 1046 1558 continentur
1056 1506 1198 1574 reliquiae,
1212 1507 1241 1560 in
1251 1510 1343 1561 vexilli

113 1606 317 1674 suspenderunt
329 1604 482 1665 cacumine,
496 1606 523 1654 et
542 1607 738 1669 processerunt
755 1603 797 1654 his
817 1602 890 1668 freti,
908 1603 985 1669 quasi
1007 1605 1121 1657 homino
1136 1608 1189 1657 heo
1200 1606 1343 1673 gradiente

112 1714 176 1762 ante
188 1720 236 1760 eos
247 1707 275 1758 in
289 1704 456 1758 tortitudinis
467 1716 533 1756 sune
546 1702 728 1755 multitudine.
742 1705 872 1756 conserto
885 1703 997 1756 tandem
1009 1705 1123 1772 praelio,
1137 1711 1285 1772 pugnatum
1301 1712 1342 1759 cst

112 1807 147 1860 ab
160 1806 200 1859 eis
214 1809 291 1858 tanta
302 1804 413 1869 virtute,
426 1808 457 1855 ut
470 1802 534 1854 hinc
554 1800 628 1855 viros
649 1800 713 1853 inde
734 1800 853 1866 pecudes
872 1806 980 1868 putares
992 1808 1028 1868 et,
1041 1807 1072 1855 ut
1083 1804 1201 1869 canitur,
1215 1804 1342 1871 persequi

60 1909 96 1962 ib
112 1919 200 1960 unum
211 1904 286 1957 mille
299 1909 326 1957 et
337 1903 407 1958 duos
419 1903 514 1956 decern
527 1902 612 1954 millia
629 1900 750 1971 effugare
768 1903 947 1956 existimares.
968 1904 1032 1957 victi
1051 1918 1117 1959 vero
1129 1906 1221 1959 hostes
1233 1920 1296 1959 cum
1308 1906 1342 1959 ad

113 1973 198 2059 nates
210 2003 378 2072 refugerent,
390 2003 436 2056 aiii
449 2003 477 2065 in
490 2003 549 2054 suis
561 2001 684 2056 cecidere
696 2002 830 2068 perempti
844 2003 947 2056 ratibus
960 2010 987 2057 et
999 2004 1110 2058 obducti
1123 2011 1187 2058 sunt
1199 2011 1343 2073 spumante

112 2107 139 2158 et
150 2110 279 2158 concreto
292 2116 390 2157 cruore
404 2102 546 2168 ductuum,
560 2107 596 2169 et,
605 2100 687 2170 juxta
700 2101 767 2154 illud
782 2101 946 2155 nobilissimi
959 2102 1029 2156 vatis
1041 2103 1187 2171 distichon,

308 2202 509 2257 Semiciuimes
522 2202 583 2255 cclii
595 2203 718 2255 uastum
728 2200 851 2254 subiere
857 2201 1067 2270 profitudum,

306 2303 550 2370 Hauseruntque
560 2313 617 2355 cuo
625 2300 822 2368 permixtum
834 2302 1139 2370 suupuiuepoutum.

54 2405 92 2458 20
143 2403 274 2455 [lominus
287 2402 316 2454 in
336 2403 435 2455 umbra
454 2401 558 2454 alarum
578 2413 689 2453 suarum
703 2405 844 2466 sperantes
863 2400 891 2452 in
909 2415 938 2454 se
952 2407 1107 2470 protegens,
1123 2408 1295 2468 praesentem
1308 2417 1337 2457 se

111 2514 161 2568 per
177 2502 312 2556 innocuae
333 2502 403 2554 alitis
424 2501 606 2567 praesentiam
626 2499 831 2553 demonstravit.
849 2502 915 2552 Nam
940 2501 1011 2554 nivei
1030 2501 1129 2554 coloris
1152 2502 1289 2568 columba,
1308 2508 1339 2556 ut

111 2602 240 2667 probatae
254 2600 316 2654 iidei
329 2601 394 2653 viris
405 2601 494 2654 visum
506 2605 555 2667 est,
569 2613 657 2666 usque
678 2597 713 2651 ad
734 2599 998 2652 consummationem
1020 2601 1150 2654 victoriae
1163 2614 1210 2654 eos
1225 2602 1340 2655 circum·

112 2701 219 2754 solavit.
233 2703 325 2767 lleque
337 2701 433 2753 victrix
446 2699 574 2766 phalanx,
589 2705 618 2751 ut
629 2699 708 2752 nobis
726 2699 773 2764 qui
786 2697 877 2751 eidem
895 2698 968 2751 bello
982 2699 1106 2752 interfuit
1127 2706 1155 2752 et
1166 2701 1340 2767 postmodum

112 2801 278 2853 monachum
290 2798 379 2852 induit
392 2789 494 2865 retulit,
508 2810 675 2865 quemquam
689 2797 742 2849 nisi
754 2802 810 2848 tres
822 2809 856 2848 ex
868 2798 925 2849 suis
939 2796 1067 2864 perdidit,
1080 2798 1154 2865 quod
1173 2812 1205 2851 ex
1219 2800 1341 2865 ipsorum

57 2901 95 2954 25
112 2899 268 2952 inconsulta
281 2898 434 2952 temeritate
456 2897 583 2950 evenisse·
600 2896 705 2964 liquido
726 2897 856 2950 constitit.
879 2898 973 2963 itaque
986 2901 1047 2963 post
1059 2899 1127 2949 tanti
1141 2899 1273 2966 triumphi
1284 2900 1341 2967 gio·

110 2998 179 3049 riam
192 2995 301 3050 debitae
313 2996 402 3048 laudis
415 2992 608 3061 triumphatori
618 2995 743 3047 omnium
756 2995 837 3048 solvit
846 2995 994 3060 victimam,
1005 3001 1032 3048 et
1041 3000 1133 3048 uotum
1143 2997 1215 3063 quod
1228 3003 1339 3050 voverat

109 3095 287 3161 coniirmans,
301 3095 483 3163 obgioriosae
503 3095 633 3147 victoriae
652 3095 812 3147 memoriam
834 3094 888 3148 duo
910 3094 1009 3147 devicti
1031 3095 1164 3162 principis
1186 3096 1282 3149 vexilla
1303 3097 1337 3150 ad

105 3169 342 3262 ‘Epternacensem
356 3195 506 3247 transmisit
517 3194 671 3246 ecclesiam.

110 3397 160 3462 Dr
176 3414 431 3463 rxrnsnxmonn
448 3395 506 3463 SS.
527 3396 644 3461 Sanun
661 3414 703 3460 nr
722 3396 846 3461 Bacchi
863 3393 942 3480 (Cir.
963 3415 1073 3480 supra,
1092 3417 1124 3482 p.
1151 3397 1229 3474 581,
1250 3395 1335 3487 220).

55 3599 92 3650 50
144 3594 247 3647 ileinde
259 3592 430 3647 venerabiles
442 3606 539 3646 eorum
552 3593 663 3645 exuvias
685 3591 731 3644 ilia
753 3593 864 3645 urbium
882 3592 1052 3645 nobilissima
1073 3598 1100 3645 el
1119 3593 1215 3646 mundi
1227 3594 1339 3648 domina

109 3693 229 3749 obtinuit
239 3695 333 3757 Roma,
347 3705 417 3760 quae
429 3691 603 3758 postmodum
619 3705 666 3757 per
678 3692 864 3744 venerabilem
881 3692 1020 3758 otgarium
1034 3694 1221 3759 lioguntinum
1234 3695 1339 3760 episco-

109 3806 175 3860 pum
190 3791 224 3844 ad
236 3793 335 3846 Gallias
348 3793 505 3857 translatae,
520 3792 547 3844 in
558 3792 665 3844 civitate
675 3791 897 3856 Leucopoiitana,
908 3803 979 3857 quae
990 3797 1016 3843 et
1026 3792 1206 3845 wizenburch
1215 3800 1338 3861 vocatur,

109 3893 302 3945 honestissime
315 3893 472 3958 sepulturae
484 3901 547 3946 sunt
558 3891 775 3944 commendatae.
797 3892 844 3943 liic
863 3892 992 3943 nimirum
1012 3892 1125 3944 fratrum
1139 3905 1250 3946 suorum
1264 3907 1341 3948 com·

111 3992 259 4059 pletionem
271 3999 298 4046 et
310 4005 424 4060 magnae
437 3991 645 4045 resurrectionis
658 3995 801 4057 expectant
824 3991 907 4056 diem,
927 3991 1038 4058 quando
1053 3991 1162 4044 illorum
1175 3993 1266 4060 gaudii
1281 4008 1340 4061 per-

57 4094 93 4145 att
110 4091 202 4157 sectio,
232 4085 377 4158 corporum
398 4092 426 4144 in
448 4092 549 4159 quihus
570 4091 806 4155 triumphaverunt
826 4090 946 4157 glorifica
971 4090 1023 4142 erit
1043 4092 1216 4144 resurrectio.
1243 4093 1341 4146 Civitas

111 4192 189 4256 haec,
202 4191 280 4258 quasi
292 4190 405 4258 quidam
418 4191 559 4256 paradisus
581 4191 626 4243 ilci
648 4203 710 4242 rore
732 4189 799 4242 caeli
819 4190 939 4256 irrigata,
958 4189 1156 4242 anohiiissimo
1171 4193 1337 4246 Francorum

110 4303 175 4356 rege
186 4291 336 4357 Dagoberto
349 4291 465 4342 exaltata
478 4290 613 4356 beatoque
626 4292 703 4341 Petro
721 4294 761 4340 est
778 4288 888 4352 donata,
903 4289 930 4339 in
943 4301 996 4354 qun
1020 4288 1054 4340 ab
1066 4288 1163 4341 eodem
1175 4291 1299 4356 principe
1313 4294 1341 4344 in

111 4390 216 4443 honore
229 4390 351 4456 eiusdem
370 4391 496 4442 caelestis
515 4390 641 4456 clavigeri
667 4389 846 4452 nobilissima,
864 4395 895 4440 ui
909 4401 1082 4453 nuncusque
1095 4396 1216 4456 apparet,
1231 4390 1343 4445 basilica

110 4489 304 4543 cumclaustro
325 4493 365 4542 est
385 4489 535 4542 aediticata.
556 4491 613 4552 Quo
636 4487 766 4540 nimirum
789 4489 817 4538 in
836 4488 954 4540 claustro
973 4488 1122 4540 electorum
1142 4491 1339 4543 monachorum

57 4591 90 4642 lo
107 4589 226 4641 instituit
238 4602 395 4653 numerum,
409 4596 438 4641 ut
458 4593 638 4655 operarentur
659 4592 685 4640 et
706 4587 878 4641 custodirent
899 4588 1007 4640 hortum
1026 4586 1098 4638 hunc
1115 4585 1286 4642 deliciarum.
1301 4593 1337 4641 iix
