<?xml version="1.0" encoding="UTF-8"?>
<!DOCTYPE html PUBLIC "-//W3C//DTD XHTML 1.0 Transitional//EN"
    "http://www.w3.org/TR/xhtml1/DTD/xhtml1-transitional.dtd">
<html xmlns="http://www.w3.org/1999/xhtml" xml:lang="en" lang="en">
 <head>
  <title>
</title>
<meta http-equiv="Content-Type" content="text/html;charset=utf-8" />
  <meta name='ocr-system' content='tesseract 3.04.00' />
  <meta name='ocr-capabilities' content='ocr_page ocr_carea ocr_par ocr_line ocrx_word'/>
</head>
<body>
  <div class='ocr_page' id='page_1' title='image "./cataloguscodicu02manugoog_0149.png"; bbox 0 0 3316 5482; ppageno 0'>
   <div class='ocr_carea' id='block_1_1' title="bbox 336 312 1213 393">
    <p class='ocr_par' dir='ltr' id='par_1_1' title="bbox 336 312 1213 393">
     <span class='ocr_line' id='line_1_1' title="bbox 336 312 1213 393; baseline 0.018 -16"><span class='ocrx_word' id='word_1_1' title='bbox 336 312 399 378; x_wconf 77' lang='lat'><strong>124</strong></span> <span class='ocrx_word' id='word_1_2' title='bbox 675 332 800 384; x_wconf 77' lang='lat' dir='ltr'><strong>carun.</strong></span> <span class='ocrx_word' id='word_1_3' title='bbox 821 336 921 386; x_wconf 85' lang='lat' dir='ltr'><strong>cono.</strong></span> <span class='ocrx_word' id='word_1_4' title='bbox 937 339 1113 390; x_wconf 75' lang='lat' dir='ltr'><strong>adoreon.</strong></span> <span class='ocrx_word' id='word_1_5' title='bbox 1132 341 1213 393; x_wconf 79' lang='lat' dir='ltr'><strong>nur.</strong></span> 
     </span>
    </p>
   </div>
   <div class='ocr_carea' id='block_1_2' title="bbox 162 498 1626 4663">
    <p class='ocr_par' dir='ltr' id='par_1_2' title="bbox 293 498 1566 755">
     <span class='ocr_line' id='line_1_2' title="bbox 334 498 1566 587; baseline 0.017 -36"><span class='ocrx_word' id='word_1_6' title='bbox 334 498 470 567; x_wconf 80' lang='lat' dir='ltr'><strong>diripite,</strong></span> <span class='ocrx_word' id='word_1_7' title='bbox 479 503 508 554; x_wconf 91' lang='lat' dir='ltr'><strong>et</strong></span> <span class='ocrx_word' id='word_1_8' title='bbox 520 514 595 568; x_wconf 83' lang='lat' dir='ltr'><strong>quos</strong></span> <span class='ocrx_word' id='word_1_9' title='bbox 603 502 726 570; x_wconf 79' lang='lat' dir='ltr'><strong>inpage</strong></span> <span class='ocrx_word' id='word_1_10' title='bbox 740 506 880 560; x_wconf 75' lang='lat' dir='ltr'><strong>inanime</strong></span> <span class='ocrx_word' id='word_1_11' title='bbox 891 506 1041 577; x_wconf 87' lang='lat' dir='ltr'><strong>Biturica,</strong></span> <span class='ocrx_word' id='word_1_12' title='bbox 1054 510 1087 561; x_wconf 87' lang='lat' dir='ltr'><strong>in</strong></span> <span class='ocrx_word' id='word_1_13' title='bbox 1099 510 1179 566; x_wconf 88' lang='lat' dir='ltr'><strong>vitta</strong></span> <span class='ocrx_word' id='word_1_14' title='bbox 1190 526 1272 580; x_wconf 83' lang='lat' dir='ltr'><strong>quae</strong></span> <span class='ocrx_word' id='word_1_15' title='bbox 1283 514 1403 570; x_wconf 82' lang='lat' dir='ltr'><strong>dieitur</strong></span> <span class='ocrx_word' id='word_1_16' title='bbox 1413 517 1566 587; x_wconf 79' lang='lat' dir='ltr'><strong>caveron,</strong></span> 
     </span>
     <span class='ocr_line' id='line_1_3' title="bbox 293 598 1561 687; baseline 0.017 -37"><span class='ocrx_word' id='word_1_17' title='bbox 293 619 295 623; x_wconf 41' lang='lat'><strong>¹</strong></span> <span class='ocrx_word' id='word_1_18' title='bbox 332 599 481 666; x_wconf 85' lang='lat' dir='ltr'><strong>antiquus</strong></span> <span class='ocrx_word' id='word_1_19' title='bbox 493 598 589 655; x_wconf 86' lang='lat' dir='ltr'><strong>bostis</strong></span> <span class='ocrx_word' id='word_1_20' title='bbox 600 602 735 669; x_wconf 81' lang='lat' dir='ltr'><em>impellit</em></span> <span class='ocrx_word' id='word_1_21' title='bbox 746 605 789 657; x_wconf 80' lang='lat' dir='ltr'><strong>ati</strong></span> <span class='ocrx_word' id='word_1_22' title='bbox 806 607 943 675; x_wconf 87' lang='lat' dir='ltr'><strong>mortem,</strong></span> <span class='ocrx_word' id='word_1_23' title='bbox 957 620 1019 676; x_wconf 87' lang='lat' dir='ltr'><strong>vos,</strong></span> <span class='ocrx_word' id='word_1_24' title='bbox 1032 610 1203 676; x_wconf 74' lang='lat' dir='ltr'><strong>adiuuante</strong></span> <span class='ocrx_word' id='word_1_25' title='bbox 1213 625 1248 668; x_wconf 90' lang='lat' dir='ltr'><strong>eo</strong></span> <span class='ocrx_word' id='word_1_26' title='bbox 1263 615 1319 681; x_wconf 86' lang='lat' dir='ltr'><strong>qui</strong></span> <span class='ocrx_word' id='word_1_27' title='bbox 1330 618 1377 669; x_wconf 86' lang='lat' dir='ltr'><strong>est</strong></span> <span class='ocrx_word' id='word_1_28' title='bbox 1388 629 1465 671; x_wconf 81' lang='lat' dir='ltr'><strong>uera</strong></span> <span class='ocrx_word' id='word_1_29' title='bbox 1482 619 1561 687; x_wconf 86' lang='lat' dir='ltr'><strong>uita,</strong></span> 
     </span>
     <span class='ocr_line' id='line_1_4' title="bbox 331 699 694 755; baseline 0.011 -4"><span class='ocrx_word' id='word_1_30' title='bbox 331 699 482 753; x_wconf 63' lang='lat' dir='ltr'><strong>‘revocetis</strong></span> <span class='ocrx_word' id='word_1_31' title='bbox 494 700 536 752; x_wconf 86' lang='lat' dir='ltr'><strong>ad</strong></span> <span class='ocrx_word' id='word_1_32' title='bbox 548 703 694 755; x_wconf 84' lang='lat' dir='ltr'><strong>satutem.</strong></span> 
     </span>
    </p>

    <p class='ocr_par' dir='ltr' id='par_1_3' title="bbox 333 798 1602 1079">
     <span class='ocr_line' id='line_1_5' title="bbox 365 798 1563 882; baseline 0.018 -32"><span class='ocrx_word' id='word_1_33' title='bbox 365 798 396 850; x_wconf 87' lang='lat'><strong>8.</strong></span> <span class='ocrx_word' id='word_1_34' title='bbox 410 800 458 851; x_wconf 86' lang='lat' dir='ltr'><strong>vix</strong></span> <span class='ocrx_word' id='word_1_35' title='bbox 471 801 605 867; x_wconf 86' lang='lat' dir='ltr'>siquidem</span> <span class='ocrx_word' id='word_1_36' title='bbox 621 802 717 856; x_wconf 90' lang='lat' dir='ltr'><strong>beatus</strong></span> <span class='ocrx_word' id='word_1_37' title='bbox 729 806 867 871; x_wconf 91' lang='lat' dir='ltr'><strong>apostolus</strong></span> <span class='ocrx_word' id='word_1_38' title='bbox 880 813 1017 860; x_wconf 76' lang='lat' dir='ltr'><strong>ostensam</strong></span> <span class='ocrx_word' id='word_1_39' title='bbox 1031 809 1070 863; x_wconf 91' lang='lat' dir='ltr'><strong>eis</strong></span> <span class='ocrx_word' id='word_1_40' title='bbox 1091 811 1244 865; x_wconf 91' lang='lat' dir='ltr'><strong>orationem</strong></span> <span class='ocrx_word' id='word_1_41' title='bbox 1257 813 1373 882; x_wconf 88' lang='lat' dir='ltr'><strong>linierat,</strong></span> <span class='ocrx_word' id='word_1_42' title='bbox 1388 830 1450 869; x_wconf 91' lang='lat' dir='ltr'><strong>cum</strong></span> <span class='ocrx_word' id='word_1_43' title='bbox 1468 831 1563 871; x_wconf 88' lang='lat' dir='ltr'><strong>sacer·</strong></span> 
     </span>
     <span class='ocr_line' id='line_1_6' title="bbox 334 896 1602 981; baseline 0.017 -33"><span class='ocrx_word' id='word_1_44' title='bbox 334 896 412 949; x_wconf 91' lang='lat' dir='ltr'><strong>dotes</strong></span> <span class='ocrx_word' id='word_1_45' title='bbox 423 898 469 950; x_wconf 85' lang='lat' dir='ltr'><strong>bei</strong></span> <span class='ocrx_word' id='word_1_46' title='bbox 482 898 607 951; x_wconf 85' lang='lat' dir='ltr'><strong>Silvanus</strong></span> <span class='ocrx_word' id='word_1_47' title='bbox 619 906 700 966; x_wconf 88' lang='lat' dir='ltr'><strong>atque</strong></span> <span class='ocrx_word' id='word_1_48' title='bbox 712 902 841 955; x_wconf 80' lang='lat' dir='ltr'><strong>silvester</strong></span> <span class='ocrx_word' id='word_1_49' title='bbox 853 904 1071 959; x_wconf 80' lang='lat' dir='ltr'><strong>obsecundantes</strong></span> <span class='ocrx_word' id='word_1_50' title='bbox 1087 907 1203 973; x_wconf 90' lang='lat' dir='ltr'><strong>imperio</strong></span> <span class='ocrx_word' id='word_1_51' title='bbox 1217 911 1267 963; x_wconf 91' lang='lat' dir='ltr'><strong>iter</strong></span> <span class='ocrx_word' id='word_1_52' title='bbox 1279 913 1425 978; x_wconf 86' lang='lat' dir='ltr'><strong>arripiunt,</strong></span> <span class='ocrx_word' id='word_1_53' title='bbox 1439 920 1567 981; x_wconf 88' lang='lat' dir='ltr'><strong>suscepta</strong></span> <span class='ocrx_word' id='word_1_54' title='bbox 1584 918 1602 969; x_wconf 77' lang='lat'>5</span> 
     </span>
     <span class='ocr_line' id='line_1_7' title="bbox 333 994 1562 1079; baseline 0.016 -33"><span class='ocrx_word' id='word_1_55' title='bbox 333 994 524 1050; x_wconf 88' lang='lat' dir='ltr'><strong>benedictione</strong></span> <span class='ocrx_word' id='word_1_56' title='bbox 535 999 695 1063; x_wconf 90' lang='lat' dir='ltr'><strong>apostoliea.</strong></span> <span class='ocrx_word' id='word_1_57' title='bbox 707 1002 773 1053; x_wconf 87' lang='lat' dir='ltr'><strong>bum</strong></span> <span class='ocrx_word' id='word_1_58' title='bbox 786 1015 850 1054; x_wconf 82' lang='lat' dir='ltr'><strong>vero</strong></span> <span class='ocrx_word' id='word_1_59' title='bbox 863 1003 920 1068; x_wconf 90' lang='lat' dir='ltr'><strong>pari</strong></span> <span class='ocrx_word' id='word_1_60' title='bbox 932 1003 1078 1058; x_wconf 85' lang='lat' dir='ltr'><strong>devotione</strong></span> <span class='ocrx_word' id='word_1_61' title='bbox 1092 1012 1118 1057; x_wconf 92' lang='lat' dir='ltr'><strong>et</strong></span> <span class='ocrx_word' id='word_1_62' title='bbox 1136 1009 1219 1059; x_wconf 90' lang='lat' dir='ltr'><strong>animi</strong></span> <span class='ocrx_word' id='word_1_63' title='bbox 1237 1008 1376 1063; x_wconf 78' lang='lat' dir='ltr'>alacritate</span> <span class='ocrx_word' id='word_1_64' title='bbox 1388 1011 1562 1079; x_wconf 76' lang='lat' dir='ltr'><strong>incederent,</strong></span> 
     </span>
    </p>

    <p class='ocr_par' dir='ltr' id='par_1_4' title="bbox 162 1079 1626 3866">
     <span class='ocr_line' id='line_1_8' title="bbox 194 1079 1569 1178; baseline 0.006 -22"><span class='ocrx_word' id='word_1_65' title='bbox 194 1104 201 1122; x_wconf 86' lang='grc'><em>·</em></span> <span class='ocrx_word' id='word_1_66' title='bbox 215 1100 280 1156; x_wconf 82' lang='lat' dir='ltr'><strong>cod.</strong></span> <span class='ocrx_word' id='word_1_67' title='bbox 336 1079 480 1162; x_wconf 73' lang='lat' dir='ltr'><strong>tecumque</strong></span> <span class='ocrx_word' id='word_1_68' title='bbox 490 1098 499 1117; x_wconf 76' lang='lat'><em>⁶</em></span> <span class='ocrx_word' id='word_1_69' title='bbox 511 1099 665 1164; x_wconf 87' lang='lat' dir='ltr'><strong>Becbaviae,</strong></span> <span class='ocrx_word' id='word_1_70' title='bbox 675 1101 722 1166; x_wconf 92' lang='lat' dir='ltr'><strong>qui</strong></span> <span class='ocrx_word' id='word_1_71' title='bbox 736 1115 790 1154; x_wconf 94' lang='lat' dir='ltr'><strong>non</strong></span> <span class='ocrx_word' id='word_1_72' title='bbox 805 1102 919 1154; x_wconf 91' lang='lat' dir='ltr'><strong>multum</strong></span> <span class='ocrx_word' id='word_1_73' title='bbox 931 1102 1015 1156; x_wconf 91' lang='lat' dir='ltr'><strong>distat</strong></span> <span class='ocrx_word' id='word_1_74' title='bbox 1027 1117 1042 1156; x_wconf 94' lang='lat' dir='ltr'><strong>a</strong></span> <span class='ocrx_word' id='word_1_75' title='bbox 1054 1107 1147 1171; x_wconf 79' lang='lat' dir='ltr'><strong>Roma,</strong></span> <span class='ocrx_word' id='word_1_76' title='bbox 1158 1120 1224 1160; x_wconf 88' lang='lat' dir='ltr'><strong>suae</strong></span> <span class='ocrx_word' id='word_1_77' title='bbox 1237 1110 1465 1177; x_wconf 78' lang='lat' dir='ltr'><strong>peregrinationis</strong></span> <span class='ocrx_word' id='word_1_78' title='bbox 1476 1111 1569 1178; x_wconf 92' lang='lat' dir='ltr'><strong>bospi-</strong></span> 
     </span>
     <span class='ocr_line' id='line_1_9' title="bbox 162 1169 1568 1276; baseline 0.014 -31"><span class='ocrx_word' id='word_1_79' title='bbox 162 1169 315 1235; x_wconf 68' lang='lat' dir='ltr'><strong>¹³⁰¹¹¹¹¹q¹¹⁰·</strong></span> <span class='ocrx_word' id='word_1_80' title='bbox 338 1193 405 1245; x_wconf 93' lang='lat' dir='ltr'><strong>tium</strong></span> <span class='ocrx_word' id='word_1_81' title='bbox 417 1195 557 1262; x_wconf 80' lang='lat' dir='ltr'><strong>eligerent,</strong></span> <span class='ocrx_word' id='word_1_82' title='bbox 570 1199 639 1252; x_wconf 93' lang='lat' dir='ltr'><strong>sicut</strong></span> <span class='ocrx_word' id='word_1_83' title='bbox 651 1212 726 1253; x_wconf 91' lang='lat' dir='ltr'><strong>more</strong></span> <span class='ocrx_word' id='word_1_84' title='bbox 750 1203 905 1256; x_wconf 85' lang='lat' dir='ltr'><strong>mortalium</strong></span> <span class='ocrx_word' id='word_1_85' title='bbox 926 1205 1074 1257; x_wconf 85' lang='lat' dir='ltr'><strong>inevitabili</strong></span> <span class='ocrx_word' id='word_1_86' title='bbox 1094 1206 1153 1275; x_wconf 84' lang='lat' dir='ltr'><strong>lege</strong></span> <span class='ocrx_word' id='word_1_87' title='bbox 1174 1209 1295 1276; x_wconf 91' lang='lat' dir='ltr'><strong>contigit,</strong></span> <span class='ocrx_word' id='word_1_88' title='bbox 1309 1209 1406 1262; x_wconf 91' lang='lat' dir='ltr'><strong>beatus</strong></span> <span class='ocrx_word' id='word_1_89' title='bbox 1426 1211 1568 1270; x_wconf 78' lang='lat' dir='ltr'><strong>silvester.</strong></span> 
     </span>
     <span class='ocr_line' id='line_1_10' title="bbox 338 1291 1571 1373; baseline 0.017 -29"><span class='ocrx_word' id='word_1_90' title='bbox 338 1291 429 1373; x_wconf 77' lang='lat' dir='ltr'><strong>socius</strong></span> <span class='ocrx_word' id='word_1_91' title='bbox 449 1298 534 1349; x_wconf 92' lang='lat' dir='ltr'><strong>saneti</strong></span> <span class='ocrx_word' id='word_1_92' title='bbox 546 1298 657 1362; x_wconf 76' lang='lat' dir='ltr'><strong>siit-ani,</strong></span> <span class='ocrx_word' id='word_1_93' title='bbox 670 1300 847 1355; x_wconf 88' lang='lat' dir='ltr'><strong>concedendo</strong></span> <span class='ocrx_word' id='word_1_94' title='bbox 861 1308 975 1356; x_wconf 88' lang='lat' dir='ltr'><strong>naturae</strong></span> <span class='ocrx_word' id='word_1_95' title='bbox 986 1318 1003 1357; x_wconf 92' lang='lat' dir='ltr'><strong>a</strong></span> <span class='ocrx_word' id='word_1_96' title='bbox 1016 1307 1125 1359; x_wconf 89' lang='lat' dir='ltr'><strong>saeculo</strong></span> <span class='ocrx_word' id='word_1_97' title='bbox 1138 1310 1259 1362; x_wconf 91' lang='lat' dir='ltr'><strong>recessit.</strong></span> <span class='ocrx_word' id='word_1_98' title='bbox 1272 1312 1349 1363; x_wconf 86' lang='lat' dir='ltr'><strong>Tunc</strong></span> <span class='ocrx_word' id='word_1_99' title='bbox 1360 1315 1472 1364; x_wconf 91' lang='lat' dir='ltr'><strong>sanctus</strong></span> <span class='ocrx_word' id='word_1_100' title='bbox 1484 1311 1571 1365; x_wconf 85' lang='lat' dir='ltr'><strong>Silva·</strong></span> 
     </span>
     <span class='ocr_line' id='line_1_11' title="bbox 339 1394 1626 1469; baseline 0.016 -25"><span class='ocrx_word' id='word_1_101' title='bbox 339 1406 400 1458; x_wconf 91' lang='lat' dir='ltr'><strong>nus,</strong></span> <span class='ocrx_word' id='word_1_102' title='bbox 414 1394 448 1447; x_wconf 90' lang='lat' dir='ltr'><strong>de</strong></span> <span class='ocrx_word' id='word_1_103' title='bbox 461 1395 550 1448; x_wconf 81' lang='lat' dir='ltr'><strong>fratris</strong></span> <span class='ocrx_word' id='word_1_104' title='bbox 562 1411 675 1450; x_wconf 88' lang='lat' dir='ltr'><strong>excessu</strong></span> <span class='ocrx_word' id='word_1_105' title='bbox 694 1400 810 1452; x_wconf 90' lang='lat' dir='ltr'><strong>multum</strong></span> <span class='ocrx_word' id='word_1_106' title='bbox 823 1402 894 1453; x_wconf 85' lang='lat' dir='ltr'><strong>intra</strong></span> <span class='ocrx_word' id='word_1_107' title='bbox 916 1416 945 1455; x_wconf 91' lang='lat' dir='ltr'><strong>se</strong></span> <span class='ocrx_word' id='word_1_108' title='bbox 964 1408 1155 1469; x_wconf 83' lang='lat' dir='ltr'><strong>compunctus,</strong></span> <span class='ocrx_word' id='word_1_109' title='bbox 1169 1406 1238 1458; x_wconf 89' lang='lat' dir='ltr'><strong>sicut</strong></span> <span class='ocrx_word' id='word_1_110' title='bbox 1262 1408 1438 1461; x_wconf 88' lang='lat' dir='ltr'><strong>humanitatis</strong></span> <span class='ocrx_word' id='word_1_111' title='bbox 1450 1407 1571 1463; x_wconf 82' lang='lat' dir='ltr'><strong>odicium</strong></span> <span class='ocrx_word' id='word_1_112' title='bbox 1592 1413 1626 1464; x_wconf 86' lang='lat' dir='ltr'><strong>lt)</strong></span> 
     </span>
     <span class='ocr_line' id='line_1_12' title="bbox 338 1493 1572 1571; baseline 0.013 -25"><span class='ocrx_word' id='word_1_113' title='bbox 338 1493 471 1560; x_wconf 79' lang='lat' dir='ltr'><strong>exigebat,</strong></span> <span class='ocrx_word' id='word_1_114' title='bbox 484 1509 547 1548; x_wconf 87' lang='lat' dir='ltr'><strong>euru</strong></span> <span class='ocrx_word' id='word_1_115' title='bbox 560 1498 683 1563; x_wconf 79' lang='lat' dir='ltr'><strong>sepelivit</strong></span> <span class='ocrx_word' id='word_1_116' title='bbox 694 1504 730 1563; x_wconf 88' lang='lat' dir='ltr'><strong>et,</strong></span> <span class='ocrx_word' id='word_1_117' title='bbox 746 1500 856 1553; x_wconf 85' lang='lat' dir='ltr'><strong>humato</strong></span> <span class='ocrx_word' id='word_1_118' title='bbox 868 1514 993 1569; x_wconf 89' lang='lat' dir='ltr'><strong>corpore,</strong></span> <span class='ocrx_word' id='word_1_119' title='bbox 1007 1503 1106 1557; x_wconf 84' lang='lat' dir='ltr'><strong>anxius</strong></span> <span class='ocrx_word' id='word_1_120' title='bbox 1117 1517 1152 1557; x_wconf 91' lang='lat' dir='ltr'><strong>an</strong></span> <span class='ocrx_word' id='word_1_121' title='bbox 1165 1506 1239 1558; x_wconf 92' lang='lat' dir='ltr'><strong>solus</strong></span> <span class='ocrx_word' id='word_1_122' title='bbox 1252 1508 1313 1571; x_wconf 87' lang='lat' dir='ltr'><strong>iret,</strong></span> <span class='ocrx_word' id='word_1_123' title='bbox 1326 1509 1354 1559; x_wconf 93' lang='lat' dir='ltr'><strong>in</strong></span> <span class='ocrx_word' id='word_1_124' title='bbox 1368 1508 1420 1561; x_wconf 88' lang='lat' dir='ltr'><strong>boc</strong></span> <span class='ocrx_word' id='word_1_125' title='bbox 1433 1509 1496 1562; x_wconf 82' lang='lat' dir='ltr'><strong>vicit</strong></span> <span class='ocrx_word' id='word_1_126' title='bbox 1508 1522 1572 1562; x_wconf 88' lang='lat' dir='ltr'><strong>sen·</strong></span> 
     </span>
     <span class='ocr_line' id='line_1_13' title="bbox 338 1595 1571 1674; baseline 0.013 -28"><span class='ocrx_word' id='word_1_127' title='bbox 338 1595 421 1647; x_wconf 90' lang='lat' dir='ltr'><strong>tentia</strong></span> <span class='ocrx_word' id='word_1_128' title='bbox 434 1597 516 1648; x_wconf 90' lang='lat' dir='ltr'><strong>animi</strong></span> <span class='ocrx_word' id='word_1_129' title='bbox 533 1603 562 1650; x_wconf 91' lang='lat' dir='ltr'><strong>ut</strong></span> <span class='ocrx_word' id='word_1_130' title='bbox 574 1600 684 1651; x_wconf 85' lang='lat' dir='ltr'><strong>Romam</strong></span> <span class='ocrx_word' id='word_1_131' title='bbox 698 1600 800 1652; x_wconf 82' lang='lat' dir='ltr'><strong>rediret</strong></span> <span class='ocrx_word' id='word_1_132' title='bbox 811 1605 837 1653; x_wconf 91' lang='lat' dir='ltr'><strong>et</strong></span> <span class='ocrx_word' id='word_1_133' title='bbox 850 1601 928 1654; x_wconf 87' lang='lat' dir='ltr'><strong>beato</strong></span> <span class='ocrx_word' id='word_1_134' title='bbox 939 1604 1026 1670; x_wconf 81' lang='lat' dir='ltr'><strong>Petro,</strong></span> <span class='ocrx_word' id='word_1_135' title='bbox 1039 1610 1121 1670; x_wconf 92' lang='lat' dir='ltr'><strong>prout</strong></span> <span class='ocrx_word' id='word_1_136' title='bbox 1133 1605 1185 1657; x_wconf 91' lang='lat' dir='ltr'><strong>sibi</strong></span> <span class='ocrx_word' id='word_1_137' title='bbox 1198 1612 1334 1674; x_wconf 85' lang='lat' dir='ltr'><strong>evenerat,</strong></span> <span class='ocrx_word' id='word_1_138' title='bbox 1348 1609 1497 1661; x_wconf 89' lang='lat' dir='ltr'><strong>nuntiaret.</strong></span> <span class='ocrx_word' id='word_1_139' title='bbox 1512 1612 1571 1673; x_wconf 82' lang='lat' dir='ltr'><strong>Quo</strong></span> 
     </span>
     <span class='ocr_line' id='line_1_14' title="bbox 338 1695 1571 1772; baseline 0.013 -27"><span class='ocrx_word' id='word_1_140' title='bbox 338 1695 434 1747; x_wconf 92' lang='lat' dir='ltr'><strong>nuntio</strong></span> <span class='ocrx_word' id='word_1_141' title='bbox 445 1697 584 1762; x_wconf 91' lang='lat' dir='ltr'><strong>apostolus</strong></span> <span class='ocrx_word' id='word_1_142' title='bbox 598 1700 725 1766; x_wconf 81' lang='lat' dir='ltr'><strong>magister</strong></span> <span class='ocrx_word' id='word_1_143' title='bbox 736 1714 832 1754; x_wconf 90' lang='lat' dir='ltr'><strong>eorum</strong></span> <span class='ocrx_word' id='word_1_144' title='bbox 845 1701 1025 1769; x_wconf 90' lang='lat' dir='ltr'><strong>excitatus,ut</strong></span> <span class='ocrx_word' id='word_1_145' title='bbox 1037 1710 1064 1756; x_wconf 91' lang='lat' dir='ltr'><strong>et</strong></span> <span class='ocrx_word' id='word_1_146' title='bbox 1076 1704 1104 1756; x_wconf 93' lang='lat' dir='ltr'><strong>in</strong></span> <span class='ocrx_word' id='word_1_147' title='bbox 1118 1704 1168 1756; x_wconf 88' lang='lat' dir='ltr'><strong>boc</strong></span> <span class='ocrx_word' id='word_1_148' title='bbox 1181 1710 1324 1772; x_wconf 90' lang='lat' dir='ltr'><strong>appareret</strong></span> <span class='ocrx_word' id='word_1_149' title='bbox 1333 1719 1417 1772; x_wconf 88' lang='lat' dir='ltr'><strong>quam</strong></span> <span class='ocrx_word' id='word_1_150' title='bbox 1430 1707 1571 1761; x_wconf 88' lang='lat' dir='ltr'><strong>mirabilis</strong></span> 
     </span>
     <span class='ocr_line' id='line_1_15' title="bbox 338 1797 1568 1870; baseline 0.01 -23"><span class='ocrx_word' id='word_1_151' title='bbox 338 1803 410 1848; x_wconf 91' lang='lat' dir='ltr'><strong>esset</strong></span> <span class='ocrx_word' id='word_1_152' title='bbox 422 1797 450 1848; x_wconf 93' lang='lat' dir='ltr'><strong>in</strong></span> <span class='ocrx_word' id='word_1_153' title='bbox 463 1799 563 1850; x_wconf 92' lang='lat' dir='ltr'><strong>sanctis</strong></span> <span class='ocrx_word' id='word_1_154' title='bbox 574 1799 630 1850; x_wconf 92' lang='lat' dir='ltr'><strong>suis</strong></span> <span class='ocrx_word' id='word_1_155' title='bbox 643 1801 782 1865; x_wconf 81' lang='lat' dir='ltr'><strong>Dominus,</strong></span> <span class='ocrx_word' id='word_1_156' title='bbox 793 1802 895 1868; x_wconf 85' lang='lat' dir='ltr'><strong>virgam</strong></span> <span class='ocrx_word' id='word_1_157' title='bbox 908 1803 1071 1867; x_wconf 89' lang='lat' dir='ltr'><strong>pastoralem</strong></span> <span class='ocrx_word' id='word_1_158' title='bbox 1084 1818 1166 1870; x_wconf 91' lang='lat' dir='ltr'><strong>quam</strong></span> <span class='ocrx_word' id='word_1_159' title='bbox 1180 1806 1290 1859; x_wconf 91' lang='lat' dir='ltr'><strong>tenebat</strong></span> <span class='ocrx_word' id='word_1_160' title='bbox 1302 1807 1326 1860; x_wconf 93' lang='lat' dir='ltr'><strong>oi</strong></span> <span class='ocrx_word' id='word_1_161' title='bbox 1339 1806 1462 1860; x_wconf 84' lang='lat' dir='ltr'><strong>attribuit</strong></span> <span class='ocrx_word' id='word_1_162' title='bbox 1474 1813 1500 1859; x_wconf 91' lang='lat' dir='ltr'><strong>et</strong></span> <span class='ocrx_word' id='word_1_163' title='bbox 1513 1807 1568 1859; x_wconf 89' lang='lat' dir='ltr'><strong>sub</strong></span> 
     </span>
     <span class='ocr_line' id='line_1_16' title="bbox 338 1897 1625 1976; baseline 0.01 -28"><span class='ocrx_word' id='word_1_164' title='bbox 338 1897 532 1950; x_wconf 83' lang='lat' dir='ltr'><strong>consolationis</strong></span> <span class='ocrx_word' id='word_1_165' title='bbox 544 1900 634 1964; x_wconf 89' lang='lat' dir='ltr'><strong>speeie</strong></span> <span class='ocrx_word' id='word_1_166' title='bbox 648 1900 722 1952; x_wconf 82' lang='lat' dir='ltr'><strong>tratri</strong></span> <span class='ocrx_word' id='word_1_167' title='bbox 735 1902 769 1953; x_wconf 90' lang='lat' dir='ltr'><strong>de</strong></span> <span class='ocrx_word' id='word_1_168' title='bbox 782 1902 863 1954; x_wconf 89' lang='lat' dir='ltr'><strong>iratre</strong></span> <span class='ocrx_word' id='word_1_169' title='bbox 875 1901 978 1955; x_wconf 90' lang='lat' dir='ltr'><strong>dolenti</strong></span> <span class='ocrx_word' id='word_1_170' title='bbox 991 1902 1078 1956; x_wconf 82' lang='lat' dir='ltr'><strong>dixit:</strong></span> <span class='ocrx_word' id='word_1_171' title='bbox 1096 1905 1264 1960; x_wconf 78' lang='lat' dir='ltr'><strong>carissime</strong></span> <span class='ocrx_word' id='word_1_172' title='bbox 1283 1907 1334 1976; x_wconf 80' lang='lat' dir='ltr'><strong>fili</strong></span> <span class='ocrx_word' id='word_1_173' title='bbox 1347 1906 1481 1972; x_wconf 87' lang='lat' dir='ltr'><strong>Silvarte,</strong></span> <span class='ocrx_word' id='word_1_174' title='bbox 1495 1907 1567 1959; x_wconf 89' lang='lat' dir='ltr'><strong>uni·</strong></span> <span class='ocrx_word' id='word_1_175' title='bbox 1589 1910 1625 1961; x_wconf 70' lang='lat' dir='ltr'><strong>li</strong></span> 
     </span>
     <span class='ocr_line' id='line_1_17' title="bbox 335 1997 1571 2073; baseline 0.009 -24"><span class='ocrx_word' id='word_1_176' title='bbox 335 1997 459 2063; x_wconf 80' lang='lat' dir='ltr'><strong>penitus</strong></span> <span class='ocrx_word' id='word_1_177' title='bbox 470 1999 524 2050; x_wconf 88' lang='lat' dir='ltr'><strong>Dei</strong></span> <span class='ocrx_word' id='word_1_178' title='bbox 533 1999 645 2065; x_wconf 77' lang='lat' dir='ltr'><strong>Filius,</strong></span> <span class='ocrx_word' id='word_1_179' title='bbox 658 2013 749 2065; x_wconf 86' lang='lat' dir='ltr'><strong>quem</strong></span> <span class='ocrx_word' id='word_1_180' title='bbox 758 2001 903 2055; x_wconf 71' lang='lat' dir='ltr'><strong>silvester</strong></span> <span class='ocrx_word' id='word_1_181' title='bbox 912 2006 1036 2056; x_wconf 86' lang='lat' dir='ltr'><strong>secutus</strong></span> <span class='ocrx_word' id='word_1_182' title='bbox 1048 2006 1094 2057; x_wconf 86' lang='lat' dir='ltr'><strong>est</strong></span> <span class='ocrx_word' id='word_1_183' title='bbox 1105 2018 1199 2071; x_wconf 78' lang='lat' dir='ltr'><strong>arsque</strong></span> <span class='ocrx_word' id='word_1_184' title='bbox 1210 2006 1253 2058; x_wconf 81' lang='lat' dir='ltr'><strong>act</strong></span> <span class='ocrx_word' id='word_1_185' title='bbox 1262 2008 1391 2059; x_wconf 87' lang='lat' dir='ltr'><strong>mortem</strong></span> <span class='ocrx_word' id='word_1_186' title='bbox 1396 2018 1457 2073; x_wconf 83' lang='lat' dir='ltr'><strong>per</strong></span> <span class='ocrx_word' id='word_1_187' title='bbox 1469 2019 1571 2060; x_wconf 75' lang='lat' dir='ltr'><strong>ercem-</strong></span> 
     </span>
     <span class='ocr_line' id='line_1_18' title="bbox 335 2098 1571 2175; baseline 0.009 -26"><span class='ocrx_word' id='word_1_188' title='bbox 335 2098 425 2164; x_wconf 87' lang='lat' dir='ltr'><strong>ptum</strong></span> <span class='ocrx_word' id='word_1_189' title='bbox 437 2098 655 2167; x_wconf 80' lang='lat' dir='ltr'><strong>oboedientiae,</strong></span> <span class='ocrx_word' id='word_1_190' title='bbox 670 2102 736 2168; x_wconf 87' lang='lat' dir='ltr'><strong>ipse</strong></span> <span class='ocrx_word' id='word_1_191' title='bbox 748 2103 866 2156; x_wconf 84' lang='lat' dir='ltr'><strong>socium</strong></span> <span class='ocrx_word' id='word_1_192' title='bbox 879 2103 928 2156; x_wconf 82' lang='lat' dir='ltr'><strong>tut·</strong></span> <span class='ocrx_word' id='word_1_193' title='bbox 944 2104 1070 2158; x_wconf 87' lang='lat' dir='ltr'><strong>itineris</strong></span> <span class='ocrx_word' id='word_1_194' title='bbox 1084 2105 1250 2160; x_wconf 83' lang='lat' dir='ltr'><strong>suscitabit</strong></span> <span class='ocrx_word' id='word_1_195' title='bbox 1265 2120 1285 2160; x_wconf 89' lang='lat' dir='ltr'><strong>a</strong></span> <span class='ocrx_word' id='word_1_196' title='bbox 1299 2105 1420 2175; x_wconf 71' lang='lat' dir='ltr'><strong>foenere.</strong></span> <span class='ocrx_word' id='word_1_197' title='bbox 1436 2107 1571 2174; x_wconf 71' lang='lat' dir='ltr'><strong>Quapro-</strong></span> 
     </span>
     <span class='ocr_line' id='line_1_19' title="bbox 334 2199 1570 2273; baseline 0.008 -23"><span class='ocrx_word' id='word_1_198' title='bbox 334 2200 417 2266; x_wconf 84' lang='lat' dir='ltr'><strong>pter,</strong></span> <span class='ocrx_word' id='word_1_199' title='bbox 434 2199 493 2267; x_wconf 83' lang='lat' dir='ltr'><strong>fili,</strong></span> <span class='ocrx_word' id='word_1_200' title='bbox 512 2203 667 2253; x_wconf 83' lang='lat' dir='ltr'><strong>reuertere</strong></span> <span class='ocrx_word' id='word_1_201' title='bbox 679 2202 721 2253; x_wconf 83' lang='lat' dir='ltr'><strong>att</strong></span> <span class='ocrx_word' id='word_1_202' title='bbox 734 2203 892 2255; x_wconf 90' lang='lat' dir='ltr'><strong>tumulum</strong></span> <span class='ocrx_word' id='word_1_203' title='bbox 904 2205 933 2255; x_wconf 88' lang='lat' dir='ltr'><strong>et</strong></span> <span class='ocrx_word' id='word_1_204' title='bbox 948 2203 983 2256; x_wconf 91' lang='lat' dir='ltr'><strong>in</strong></span> <span class='ocrx_word' id='word_1_205' title='bbox 994 2205 1120 2258; x_wconf 84' lang='lat' dir='ltr'><strong>nomine</strong></span> <span class='ocrx_word' id='word_1_206' title='bbox 1131 2205 1203 2259; x_wconf 79' lang='lat' dir='ltr'><strong>lesu</strong></span> <span class='ocrx_word' id='word_1_207' title='bbox 1218 2205 1336 2260; x_wconf 77' lang='lat' dir='ltr'><strong>Christi</strong></span> <span class='ocrx_word' id='word_1_208' title='bbox 1346 2205 1423 2271; x_wconf 83' lang='lat' dir='ltr'><strong>jube</strong></span> <span class='ocrx_word' id='word_1_209' title='bbox 1438 2218 1570 2273; x_wconf 79' lang='lat' dir='ltr'><strong>surpere</strong></span> 
     </span>
     <span class='ocr_line' id='line_1_20' title="bbox 340 2299 1571 2373; baseline 0.009 -24"><span class='ocrx_word' id='word_1_210' title='bbox 340 2299 617 2367; x_wconf 80' lang='lat' dir='ltr'><strong>utortuutu,dt‘eque</strong></span> <span class='ocrx_word' id='word_1_211' title='bbox 624 2301 676 2352; x_wconf 89' lang='lat' dir='ltr'><strong>itti</strong></span> <span class='ocrx_word' id='word_1_212' title='bbox 683 2303 717 2352; x_wconf 89' lang='lat' dir='ltr'><strong>ut</strong></span> <span class='ocrx_word' id='word_1_213' title='bbox 725 2301 1100 2367; x_wconf 73' lang='lat' dir='ltr'><strong>imunetaeoboedientiae</strong></span> <span class='ocrx_word' id='word_1_214' title='bbox 1107 2307 1205 2359; x_wconf 87' lang='lat' dir='ltr'><strong>tecum</strong></span> <span class='ocrx_word' id='word_1_215' title='bbox 1207 2305 1571 2373; x_wconf 78' lang='lat' dir='ltr'><strong>prosequaturofficium.</strong></span> 
     </span>
     <span class='ocr_line' id='line_1_21' title="bbox 339 2399 1622 2468; baseline 0.006 -18"><span class='ocrx_word' id='word_1_216' title='bbox 339 2399 455 2464; x_wconf 78' lang='lat' dir='ltr'><strong>Accepto</strong></span> <span class='ocrx_word' id='word_1_217' title='bbox 468 2401 558 2464; x_wconf 87' lang='lat' dir='ltr'><strong>itaque</strong></span> <span class='ocrx_word' id='word_1_218' title='bbox 571 2400 677 2463; x_wconf 90' lang='lat' dir='ltr'><strong>baculo,</strong></span> <span class='ocrx_word' id='word_1_219' title='bbox 691 2407 800 2453; x_wconf 89' lang='lat' dir='ltr'><strong>sanctus</strong></span> <span class='ocrx_word' id='word_1_220' title='bbox 812 2402 937 2455; x_wconf 82' lang='lat' dir='ltr'><strong>Silvanus</strong></span> <span class='ocrx_word' id='word_1_221' title='bbox 949 2403 1067 2456; x_wconf 90' lang='lat' dir='ltr'><strong>intendit</strong></span> <span class='ocrx_word' id='word_1_222' title='bbox 1085 2404 1262 2468; x_wconf 81' lang='lat' dir='ltr'><strong>festinationi,</strong></span> <span class='ocrx_word' id='word_1_223' title='bbox 1276 2410 1303 2458; x_wconf 88' lang='lat' dir='ltr'><strong>et</strong></span> <span class='ocrx_word' id='word_1_224' title='bbox 1320 2403 1355 2458; x_wconf 91' lang='lat' dir='ltr'><strong>de</strong></span> <span class='ocrx_word' id='word_1_225' title='bbox 1367 2405 1458 2459; x_wconf 79' lang='lat' dir='ltr'><strong>fratris</strong></span> <span class='ocrx_word' id='word_1_226' title='bbox 1469 2405 1567 2458; x_wconf 89' lang='lat' dir='ltr'><strong>absen-</strong></span> <span class='ocrx_word' id='word_1_227' title='bbox 1585 2407 1622 2458; x_wconf 73' lang='lat'><strong>20</strong></span> 
     </span>
     <span class='ocr_line' id='line_1_22' title="bbox 339 2498 1571 2571; baseline 0.007 -23"><span class='ocrx_word' id='word_1_228' title='bbox 339 2498 375 2550; x_wconf 86' lang='lat' dir='ltr'><strong>tia</strong></span> <span class='ocrx_word' id='word_1_229' title='bbox 388 2499 528 2564; x_wconf 89' lang='lat' dir='ltr'><strong>sollicitus,</strong></span> <span class='ocrx_word' id='word_1_230' title='bbox 542 2500 593 2552; x_wconf 88' lang='lat' dir='ltr'><strong>iter</strong></span> <span class='ocrx_word' id='word_1_231' title='bbox 605 2501 727 2566; x_wconf 82' lang='lat' dir='ltr'><strong>arripuit.</strong></span> <span class='ocrx_word' id='word_1_232' title='bbox 742 2503 865 2567; x_wconf 86' lang='lat' dir='ltr'><strong>bamque</strong></span> <span class='ocrx_word' id='word_1_233' title='bbox 877 2502 909 2555; x_wconf 88' lang='lat' dir='ltr'><strong>ad</strong></span> <span class='ocrx_word' id='word_1_234' title='bbox 925 2503 1013 2556; x_wconf 91' lang='lat' dir='ltr'><strong>locum</strong></span> <span class='ocrx_word' id='word_1_235' title='bbox 1026 2505 1130 2557; x_wconf 81' lang='lat' dir='ltr'><strong>reniret</strong></span> <span class='ocrx_word' id='word_1_236' title='bbox 1141 2505 1188 2557; x_wconf 93' lang='lat' dir='ltr'><strong>ubi</strong></span> <span class='ocrx_word' id='word_1_237' title='bbox 1207 2517 1306 2570; x_wconf 91' lang='lat' dir='ltr'><strong>corpus</strong></span> <span class='ocrx_word' id='word_1_238' title='bbox 1324 2506 1466 2558; x_wconf 86' lang='lat' dir='ltr'><strong>humatum</strong></span> <span class='ocrx_word' id='word_1_239' title='bbox 1488 2505 1571 2571; x_wconf 91' lang='lat' dir='ltr'><strong>quie·</strong></span> 
     </span>
     <span class='ocr_line' id='line_1_23' title="bbox 339 2599 1572 2669; baseline 0.002 -16"><span class='ocrx_word' id='word_1_240' title='bbox 339 2601 442 2668; x_wconf 87' lang='lat' dir='ltr'><strong>scebat,</strong></span> <span class='ocrx_word' id='word_1_241' title='bbox 456 2599 532 2652; x_wconf 88' lang='lat' dir='ltr'><strong>linita</strong></span> <span class='ocrx_word' id='word_1_242' title='bbox 545 2601 668 2654; x_wconf 87' lang='lat' dir='ltr'><strong>oratione</strong></span> <span class='ocrx_word' id='word_1_243' title='bbox 681 2600 855 2667; x_wconf 83' lang='lat' dir='ltr'><strong>lacrimisque</strong></span> <span class='ocrx_word' id='word_1_244' title='bbox 868 2602 945 2665; x_wconf 86' lang='lat' dir='ltr'><strong>fusis,</strong></span> <span class='ocrx_word' id='word_1_245' title='bbox 959 2608 1167 2656; x_wconf 90' lang='lat' dir='ltr'><strong>monumentum</strong></span> <span class='ocrx_word' id='word_1_246' title='bbox 1180 2604 1320 2667; x_wconf 85' lang='lat' dir='ltr'><strong>subvertit,</strong></span> <span class='ocrx_word' id='word_1_247' title='bbox 1336 2608 1363 2656; x_wconf 92' lang='lat' dir='ltr'><strong>et</strong></span> <span class='ocrx_word' id='word_1_248' title='bbox 1375 2616 1408 2656; x_wconf 89' lang='lat' dir='ltr'><strong>cx</strong></span> <span class='ocrx_word' id='word_1_249' title='bbox 1420 2604 1493 2656; x_wconf 92' lang='lat' dir='ltr'><strong>dieto</strong></span> <span class='ocrx_word' id='word_1_250' title='bbox 1506 2616 1572 2669; x_wconf 87' lang='lat' dir='ltr'><strong>apo·</strong></span> 
     </span>
     <span class='ocr_line' id='line_1_24' title="bbox 340 2700 1572 2770; baseline 0.002 -17"><span class='ocrx_word' id='word_1_251' title='bbox 340 2700 413 2767; x_wconf 92' lang='lat' dir='ltr'><strong>stoli,</strong></span> <span class='ocrx_word' id='word_1_252' title='bbox 434 2713 548 2766; x_wconf 79' lang='lat' dir='ltr'><strong>corpore</strong></span> <span class='ocrx_word' id='word_1_253' title='bbox 570 2704 640 2752; x_wconf 90' lang='lat' dir='ltr'><strong>tacto</strong></span> <span class='ocrx_word' id='word_1_254' title='bbox 661 2700 758 2753; x_wconf 91' lang='lat' dir='ltr'><strong>baculo</strong></span> <span class='ocrx_word' id='word_1_255' title='bbox 780 2714 862 2767; x_wconf 92' lang='lat' dir='ltr'><strong>quem</strong></span> <span class='ocrx_word' id='word_1_256' title='bbox 883 2702 1001 2765; x_wconf 89' lang='lat' dir='ltr'><strong>tenebat,</strong></span> <span class='ocrx_word' id='word_1_257' title='bbox 1014 2702 1103 2754; x_wconf 84' lang='lat' dir='ltr'><strong>dixit:</strong></span> <span class='ocrx_word' id='word_1_258' title='bbox 1125 2703 1229 2768; x_wconf 83' lang='lat' dir='ltr'><strong>Surpe,</strong></span> <span class='ocrx_word' id='word_1_259' title='bbox 1252 2700 1366 2770; x_wconf 78' lang='lat' dir='ltr'><strong>freter,</strong></span> <span class='ocrx_word' id='word_1_260' title='bbox 1389 2701 1423 2753; x_wconf 87' lang='lat' dir='ltr'><strong>in</strong></span> <span class='ocrx_word' id='word_1_261' title='bbox 1444 2701 1572 2755; x_wconf 86' lang='lat' dir='ltr'><strong>nomine</strong></span> 
     </span>
     <span class='ocr_line' id='line_1_25' title="bbox 341 2799 1571 2868; baseline 0.001 -15"><span class='ocrx_word' id='word_1_262' title='bbox 341 2800 450 2854; x_wconf 85' lang='lat' dir='ltr'><strong>Putris</strong></span> <span class='ocrx_word' id='word_1_263' title='bbox 464 2801 494 2852; x_wconf 88' lang='lat' dir='ltr'><strong>et</strong></span> <span class='ocrx_word' id='word_1_264' title='bbox 507 2799 584 2853; x_wconf 75' lang='lat' dir='ltr'><strong>bitti·</strong></span> <span class='ocrx_word' id='word_1_265' title='bbox 597 2801 626 2853; x_wconf 89' lang='lat' dir='ltr'><strong>et</strong></span> <span class='ocrx_word' id='word_1_266' title='bbox 635 2799 772 2866; x_wconf 84' lang='lat' dir='ltr'><strong>Spiritus</strong></span> <span class='ocrx_word' id='word_1_267' title='bbox 784 2800 907 2866; x_wconf 88' lang='lat' dir='ltr'><strong>sancti,·</strong></span> <span class='ocrx_word' id='word_1_268' title='bbox 923 2801 977 2868; x_wconf 85' lang='lat' dir='ltr'><strong>qui</strong></span> <span class='ocrx_word' id='word_1_269' title='bbox 986 2801 1146 2855; x_wconf 82' lang='lat' dir='ltr'><strong>Lazarum</strong></span> <span class='ocrx_word' id='word_1_270' title='bbox 1156 2802 1228 2867; x_wconf 82' lang='lat' dir='ltr'><strong>jam</strong></span> <span class='ocrx_word' id='word_1_271' title='bbox 1244 2800 1390 2867; x_wconf 79' lang='lat' dir='ltr'><strong>fetentem</strong></span> <span class='ocrx_word' id='word_1_272' title='bbox 1402 2800 1571 2855; x_wconf 79' lang='lat' dir='ltr'><strong>suscitavit</strong></span> 
     </span>
     <span class='ocr_line' id='line_1_26' title="bbox 340 2897 1625 2968; baseline 0.002 -16"><span class='ocrx_word' id='word_1_273' title='bbox 340 2912 361 2952; x_wconf 92' lang='lat' dir='ltr'><strong>a</strong></span> <span class='ocrx_word' id='word_1_274' title='bbox 374 2901 515 2964; x_wconf 83' lang='lat' dir='ltr'><strong>mortuis,</strong></span> <span class='ocrx_word' id='word_1_275' title='bbox 529 2899 562 2951; x_wconf 87' lang='lat' dir='ltr'><strong>in</strong></span> <span class='ocrx_word' id='word_1_276' title='bbox 575 2899 676 2966; x_wconf 86' lang='lat' dir='ltr'><strong>ipsius</strong></span> <span class='ocrx_word' id='word_1_277' title='bbox 686 2900 824 2952; x_wconf 84' lang='lat' dir='ltr'><strong>nominis</strong></span> <span class='ocrx_word' id='word_1_278' title='bbox 834 2897 948 2954; x_wconf 83' lang='lat' dir='ltr'><strong>tortore</strong></span> <span class='ocrx_word' id='word_1_279' title='bbox 960 2900 1017 2953; x_wconf 87' lang='lat' dir='ltr'><strong>tibi</strong></span> <span class='ocrx_word' id='word_1_280' title='bbox 1029 2901 1098 2956; x_wconf 85' lang='lat' dir='ltr'><strong>tiico</strong></span> <span class='ocrx_word' id='word_1_281' title='bbox 1111 2919 1119 2955; x_wconf 90' lang='lat'><strong>.·</strong></span> <span class='ocrx_word' id='word_1_282' title='bbox 1132 2901 1236 2967; x_wconf 76' lang='lat' dir='ltr'><strong>Surae,</strong></span> <span class='ocrx_word' id='word_1_283' title='bbox 1247 2903 1277 2953; x_wconf 89' lang='lat' dir='ltr'><strong>et</strong></span> <span class='ocrx_word' id='word_1_284' title='bbox 1289 2900 1370 2968; x_wconf 87' lang='lat' dir='ltr'><strong>quod</strong></span> <span class='ocrx_word' id='word_1_285' title='bbox 1383 2913 1404 2952; x_wconf 90' lang='lat' dir='ltr'><strong>a</strong></span> <span class='ocrx_word' id='word_1_286' title='bbox 1416 2898 1570 2965; x_wconf 79' lang='lat' dir='ltr'><strong>mapiatro</strong></span> <span class='ocrx_word' id='word_1_287' title='bbox 1588 2902 1625 2954; x_wconf 72' lang='lat'><strong>25</strong></span> 
     </span>
     <span class='ocr_line' id='line_1_27' title="bbox 339 2988 1572 3067; baseline -0.002 -15"><span class='ocrx_word' id='word_1_288' title='bbox 339 3001 444 3054; x_wconf 88' lang='lat' dir='ltr'><strong>nostro</strong></span> <span class='ocrx_word' id='word_1_289' title='bbox 462 2998 496 3051; x_wconf 88' lang='lat' dir='ltr'><strong>in</strong></span> <span class='ocrx_word' id='word_1_290' title='bbox 508 2998 731 3053; x_wconf 79' lang='lat' dir='ltr'><strong>oboedientiam</strong></span> <span class='ocrx_word' id='word_1_291' title='bbox 742 2998 945 3066; x_wconf 83' lang='lat' dir='ltr'><strong>suscepimus,</strong></span> <span class='ocrx_word' id='word_1_292' title='bbox 959 3013 1078 3053; x_wconf 86' lang='lat' dir='ltr'><strong>mecum</strong></span> <span class='ocrx_word' id='word_1_293' title='bbox 1085 3011 1281 3067; x_wconf 79' lang='lat' dir='ltr'><strong>prosequere.</strong></span> <span class='ocrx_word' id='word_1_294' title='bbox 1295 2997 1421 3051; x_wconf 85' lang='lat' dir='ltr'><strong>Nondum</strong></span> <span class='ocrx_word' id='word_1_295' title='bbox 1439 2988 1572 3051; x_wconf 89' lang='lat' dir='ltr'><strong>sacerdos</strong></span> 
     </span>
     <span class='ocr_line' id='line_1_28' title="bbox 341 3097 1572 3166; baseline -0.002 -13"><span class='ocrx_word' id='word_1_296' title='bbox 341 3101 388 3154; x_wconf 87' lang='lat' dir='ltr'><strong>bei</strong></span> <span class='ocrx_word' id='word_1_297' title='bbox 402 3100 529 3152; x_wconf 84' lang='lat' dir='ltr'><strong>Silvanus</strong></span> <span class='ocrx_word' id='word_1_298' title='bbox 541 3098 624 3150; x_wconf 87' lang='lat' dir='ltr'><strong>rerba</strong></span> <span class='ocrx_word' id='word_1_299' title='bbox 636 3112 685 3151; x_wconf 91' lang='lat' dir='ltr'><strong>sua</strong></span> <span class='ocrx_word' id='word_1_300' title='bbox 698 3098 814 3164; x_wconf 88' lang='lat' dir='ltr'><strong>linierat,</strong></span> <span class='ocrx_word' id='word_1_301' title='bbox 826 3112 888 3151; x_wconf 92' lang='lat' dir='ltr'><strong>cum</strong></span> <span class='ocrx_word' id='word_1_302' title='bbox 902 3100 996 3153; x_wconf 86' lang='lat' dir='ltr'><strong>beatus</strong></span> <span class='ocrx_word' id='word_1_303' title='bbox 1008 3100 1137 3152; x_wconf 82' lang='lat' dir='ltr'><strong>silvester</strong></span> <span class='ocrx_word' id='word_1_304' title='bbox 1148 3098 1182 3151; x_wconf 91' lang='lat' dir='ltr'><strong>ad</strong></span> <span class='ocrx_word' id='word_1_305' title='bbox 1193 3112 1288 3152; x_wconf 84' lang='lat' dir='ltr'><strong>vocem</strong></span> <span class='ocrx_word' id='word_1_306' title='bbox 1298 3100 1357 3164; x_wconf 87' lang='lat' dir='ltr'><strong>ejus</strong></span> <span class='ocrx_word' id='word_1_307' title='bbox 1367 3099 1488 3166; x_wconf 87' lang='lat' dir='ltr'><strong>exsurgit</strong></span> <span class='ocrx_word' id='word_1_308' title='bbox 1496 3097 1572 3151; x_wconf 91' lang='lat' dir='ltr'><strong>inco·</strong></span> 
     </span>
     <span class='ocr_line' id='line_1_29' title="bbox 343 3196 1574 3266; baseline -0.002 -13"><span class='ocrx_word' id='word_1_309' title='bbox 343 3201 424 3253; x_wconf 86' lang='lat' dir='ltr'><strong>tumis</strong></span> <span class='ocrx_word' id='word_1_310' title='bbox 435 3206 463 3254; x_wconf 90' lang='lat' dir='ltr'><strong>et</strong></span> <span class='ocrx_word' id='word_1_311' title='bbox 475 3205 613 3265; x_wconf 71' lang='lat' dir='ltr'><strong>umquam</strong></span> <span class='ocrx_word' id='word_1_312' title='bbox 626 3211 641 3250; x_wconf 87' lang='lat' dir='ltr'><strong>a</strong></span> <span class='ocrx_word' id='word_1_313' title='bbox 654 3212 751 3252; x_wconf 89' lang='lat' dir='ltr'><strong>somno</strong></span> <span class='ocrx_word' id='word_1_314' title='bbox 763 3199 893 3251; x_wconf 88' lang='lat' dir='ltr'><strong>excitatus</strong></span> <span class='ocrx_word' id='word_1_315' title='bbox 907 3200 945 3252; x_wconf 90' lang='lat' dir='ltr'><strong>ait</strong></span> <span class='ocrx_word' id='word_1_316' title='bbox 959 3215 965 3250; x_wconf 77' lang='grc' dir='ltr'><strong><em>ε</em></strong></span> <span class='ocrx_word' id='word_1_317' title='bbox 978 3199 1135 3266; x_wconf 80' lang='lat' dir='ltr'><strong>Magnam,</strong></span> <span class='ocrx_word' id='word_1_318' title='bbox 1148 3198 1261 3266; x_wconf 83' lang='lat' dir='ltr'><strong>frater,</strong></span> <span class='ocrx_word' id='word_1_319' title='bbox 1274 3200 1312 3265; x_wconf 90' lang='lat' dir='ltr'><strong>et,</strong></span> <span class='ocrx_word' id='word_1_320' title='bbox 1325 3201 1360 3250; x_wconf 88' lang='lat' dir='ltr'><strong>ut</strong></span> <span class='ocrx_word' id='word_1_321' title='bbox 1380 3196 1482 3262; x_wconf 82' lang='lat' dir='ltr'><strong>eredo,</strong></span> <span class='ocrx_word' id='word_1_322' title='bbox 1496 3196 1574 3250; x_wconf 84' lang='lat' dir='ltr'><strong>irre·</strong></span> 
     </span>
     <span class='ocr_line' id='line_1_30' title="bbox 335 3295 1572 3370; baseline -0.007 -12"><span class='ocrx_word' id='word_1_323' title='bbox 335 3300 547 3370; x_wconf 83' lang='lat' dir='ltr'><strong>euperabitem</strong></span> <span class='ocrx_word' id='word_1_324' title='bbox 566 3298 645 3352; x_wconf 85' lang='lat' dir='ltr'><strong>milti</strong></span> <span class='ocrx_word' id='word_1_325' title='bbox 663 3299 801 3367; x_wconf 81' lang='lat' dir='ltr'><strong>pieriam</strong></span> <span class='ocrx_word' id='word_1_326' title='bbox 821 3298 1017 3365; x_wconf 78' lang='lat' dir='ltr'><strong>subtraaisti,</strong></span> <span class='ocrx_word' id='word_1_327' title='bbox 1037 3300 1092 3367; x_wconf 84' lang='lat' dir='ltr'><strong>qut</strong></span> <span class='ocrx_word' id='word_1_328' title='bbox 1112 3312 1161 3351; x_wconf 93' lang='lat' dir='ltr'><strong>me</strong></span> <span class='ocrx_word' id='word_1_329' title='bbox 1179 3299 1212 3350; x_wconf 89' lang='lat' dir='ltr'><strong>tn</strong></span> <span class='ocrx_word' id='word_1_330' title='bbox 1236 3298 1311 3352; x_wconf 86' lang='lat' dir='ltr'><strong>locis</strong></span> <span class='ocrx_word' id='word_1_331' title='bbox 1335 3295 1572 3351; x_wconf 78' lang='lat' dir='ltr'><strong>amoenissimis</strong></span> 
     </span>
     <span class='ocr_line' id='line_1_31' title="bbox 337 3396 1620 3469; baseline -0.005 -14"><span class='ocrx_word' id='word_1_332' title='bbox 337 3402 540 3469; x_wconf 80' lang='lat' dir='ltr'><strong>quiescentem</strong></span> <span class='ocrx_word' id='word_1_333' title='bbox 551 3400 702 3465; x_wconf 84' lang='lat' dir='ltr'><strong>nullaque</strong></span> <span class='ocrx_word' id='word_1_334' title='bbox 715 3397 925 3464; x_wconf 70' lang='lat' dir='ltr'><strong>trementibus</strong></span> <span class='ocrx_word' id='word_1_335' title='bbox 936 3399 1084 3453; x_wconf 85' lang='lat' dir='ltr'><strong>claritate</strong></span> <span class='ocrx_word' id='word_1_336' title='bbox 1094 3398 1266 3453; x_wconf 87' lang='lat' dir='ltr'><strong>suscitasti.</strong></span> <span class='ocrx_word' id='word_1_337' title='bbox 1280 3399 1312 3449; x_wconf 80' lang='lat' dir='ltr'><strong>Et</strong></span> <span class='ocrx_word' id='word_1_338' title='bbox 1330 3396 1476 3460; x_wconf 77' lang='lat' dir='ltr'><strong>heodicio,</strong></span> <span class='ocrx_word' id='word_1_339' title='bbox 1490 3397 1565 3461; x_wconf 88' lang='lat' dir='ltr'><strong>ilico,</strong></span> <span class='ocrx_word' id='word_1_340' title='bbox 1584 3400 1620 3449; x_wconf 75' lang='lat' dir='ltr'><strong>itt</strong></span> 
     </span>
     <span class='ocr_line' id='line_1_32' title="bbox 337 3496 1570 3567; baseline -0.004 -12"><span class='ocrx_word' id='word_1_341' title='bbox 337 3514 372 3555; x_wconf 92' lang='lat' dir='ltr'><strong>ne</strong></span> <span class='ocrx_word' id='word_1_342' title='bbox 384 3515 400 3554; x_wconf 90' lang='lat' dir='ltr'><strong>a</strong></span> <span class='ocrx_word' id='word_1_343' title='bbox 413 3501 505 3554; x_wconf 91' lang='lat' dir='ltr'><strong>labore</strong></span> <span class='ocrx_word' id='word_1_344' title='bbox 517 3513 568 3553; x_wconf 85' lang='lat' dir='ltr'><strong>suo</strong></span> <span class='ocrx_word' id='word_1_345' title='bbox 581 3501 776 3553; x_wconf 79' lang='lat' dir='ltr'><strong>frustrarentur</strong></span> <span class='ocrx_word' id='word_1_346' title='bbox 788 3512 819 3551; x_wconf 88' lang='lat' dir='ltr'><strong>ac</strong></span> <span class='ocrx_word' id='word_1_347' title='bbox 840 3513 888 3565; x_wconf 91' lang='lat' dir='ltr'><strong>per</strong></span> <span class='ocrx_word' id='word_1_348' title='bbox 899 3512 1087 3566; x_wconf 90' lang='lat' dir='ltr'><strong>quascumque</strong></span> <span class='ocrx_word' id='word_1_349' title='bbox 1104 3500 1230 3567; x_wconf 91' lang='lat' dir='ltr'><strong>regiones</strong></span> <span class='ocrx_word' id='word_1_350' title='bbox 1248 3497 1413 3550; x_wconf 89' lang='lat' dir='ltr'><strong>incedebant</strong></span> <span class='ocrx_word' id='word_1_351' title='bbox 1426 3496 1570 3550; x_wconf 89' lang='lat' dir='ltr'><strong>doctrinae</strong></span> 
     </span>
     <span class='ocr_line' id='line_1_33' title="bbox 337 3593 1572 3666; baseline -0.004 -12"><span class='ocrx_word' id='word_1_352' title='bbox 337 3601 450 3665; x_wconf 79' lang='lat' dir='ltr'><strong>fluenta,</strong></span> <span class='ocrx_word' id='word_1_353' title='bbox 463 3613 545 3666; x_wconf 93' lang='lat' dir='ltr'><strong>qnam</strong></span> <span class='ocrx_word' id='word_1_354' title='bbox 556 3612 571 3651; x_wconf 95' lang='lat' dir='ltr'><strong>a</strong></span> <span class='ocrx_word' id='word_1_355' title='bbox 584 3606 678 3652; x_wconf 91' lang='lat' dir='ltr'><strong>saneto</strong></span> <span class='ocrx_word' id='word_1_356' title='bbox 692 3599 819 3665; x_wconf 86' lang='lat' dir='ltr'><strong>magistro</strong></span> <span class='ocrx_word' id='word_1_357' title='bbox 833 3603 1002 3664; x_wconf 87' lang='lat' dir='ltr'><strong>acceperant,</strong></span> <span class='ocrx_word' id='word_1_358' title='bbox 1016 3598 1201 3666; x_wconf 88' lang='lat' dir='ltr'><strong>evangelizare</strong></span> <span class='ocrx_word' id='word_1_359' title='bbox 1216 3609 1272 3650; x_wconf 94' lang='lat' dir='ltr'><strong>non</strong></span> <span class='ocrx_word' id='word_1_360' title='bbox 1284 3593 1439 3662; x_wconf 83' lang='lat' dir='ltr'><strong>differrent,</strong></span> <span class='ocrx_word' id='word_1_361' title='bbox 1451 3598 1478 3648; x_wconf 92' lang='lat' dir='ltr'><strong>et</strong></span> <span class='ocrx_word' id='word_1_362' title='bbox 1489 3608 1572 3663; x_wconf 92' lang='lat' dir='ltr'><strong>quos·</strong></span> 
     </span>
     <span class='ocr_line' id='line_1_34' title="bbox 334 3694 1570 3767; baseline -0.005 -14"><span class='ocrx_word' id='word_1_363' title='bbox 334 3714 453 3767; x_wconf 85' lang='lat' dir='ltr'><strong>euntque</strong></span> <span class='ocrx_word' id='word_1_364' title='bbox 474 3712 560 3753; x_wconf 82' lang='lat' dir='ltr'><strong>vanae</strong></span> <span class='ocrx_word' id='word_1_365' title='bbox 581 3699 766 3765; x_wconf 88' lang='lat' dir='ltr'><strong>superstitioni</strong></span> <span class='ocrx_word' id='word_1_366' title='bbox 789 3706 815 3750; x_wconf 92' lang='lat' dir='ltr'><strong>et</strong></span> <span class='ocrx_word' id='word_1_367' title='bbox 836 3698 943 3750; x_wconf 89' lang='lat' dir='ltr'><strong>diabolo</strong></span> <span class='ocrx_word' id='word_1_368' title='bbox 962 3698 1064 3750; x_wconf 86' lang='lat' dir='ltr'><strong>servire</strong></span> <span class='ocrx_word' id='word_1_369' title='bbox 1077 3697 1227 3763; x_wconf 88' lang='lat' dir='ltr'><strong>reperiunt,</strong></span> <span class='ocrx_word' id='word_1_370' title='bbox 1240 3708 1287 3749; x_wconf 89' lang='lat' dir='ltr'><strong>eos</strong></span> <span class='ocrx_word' id='word_1_371' title='bbox 1310 3695 1344 3747; x_wconf 94' lang='lat' dir='ltr'><strong>ad</strong></span> <span class='ocrx_word' id='word_1_372' title='bbox 1363 3694 1433 3748; x_wconf 89' lang='lat' dir='ltr'><strong>viam</strong></span> <span class='ocrx_word' id='word_1_373' title='bbox 1447 3695 1570 3748; x_wconf 87' lang='lat' dir='ltr'><strong>veritatis</strong></span> 
     </span>
     <span class='ocr_line' id='line_1_35' title="bbox 336 3804 613 3866; baseline -0.011 -13"><span class='ocrx_word' id='word_1_374' title='bbox 336 3814 465 3855; x_wconf 84' lang='lat' dir='ltr'><strong>revocare</strong></span> <span class='ocrx_word' id='word_1_375' title='bbox 478 3804 613 3866; x_wconf 88' lang='lat' dir='ltr'><strong>satagunt.</strong></span> 
     </span>
    </p>

    <p class='ocr_par' dir='ltr' id='par_1_5' title="bbox 334 3895 1623 4563">
     <span class='ocr_line' id='line_1_36' title="bbox 370 3895 1623 3967; baseline -0.001 -15"><span class='ocrx_word' id='word_1_376' title='bbox 370 3902 402 3953; x_wconf 79' lang='lat'><strong>4.</strong></span> <span class='ocrx_word' id='word_1_377' title='bbox 418 3900 551 3967; x_wconf 87' lang='lat' dir='ltr'><strong>benique,</strong></span> <span class='ocrx_word' id='word_1_378' title='bbox 564 3898 629 3951; x_wconf 91' lang='lat' dir='ltr'><strong>dum</strong></span> <span class='ocrx_word' id='word_1_379' title='bbox 643 3912 692 3964; x_wconf 89' lang='lat' dir='ltr'><strong>per</strong></span> <span class='ocrx_word' id='word_1_380' title='bbox 704 3899 824 3951; x_wconf 85' lang='lat' dir='ltr'><strong>diversas</strong></span> <span class='ocrx_word' id='word_1_381' title='bbox 839 3898 930 3951; x_wconf 91' lang='lat' dir='ltr'><strong>ltaliae</strong></span> <span class='ocrx_word' id='word_1_382' title='bbox 951 3904 1042 3964; x_wconf 90' lang='lat' dir='ltr'><strong>partes</strong></span> <span class='ocrx_word' id='word_1_383' title='bbox 1055 3903 1171 3965; x_wconf 90' lang='lat' dir='ltr'><strong>uterque</strong></span> <span class='ocrx_word' id='word_1_384' title='bbox 1184 3895 1368 3964; x_wconf 87' lang='lat' dir='ltr'><strong>praedicando</strong></span> <span class='ocrx_word' id='word_1_385' title='bbox 1381 3902 1569 3964; x_wconf 86' lang='lat' dir='ltr'><strong>peragrarent,</strong></span> <span class='ocrx_word' id='word_1_386' title='bbox 1588 3900 1623 3951; x_wconf 77' lang='lat' dir='ltr'><strong>st</strong></span> 
     </span>
     <span class='ocr_line' id='line_1_37' title="bbox 338 3995 1569 4068; baseline -0.004 -15"><span class='ocrx_word' id='word_1_387' title='bbox 338 4000 455 4068; x_wconf 90' lang='lat' dir='ltr'><strong>quadam</strong></span> <span class='ocrx_word' id='word_1_388' title='bbox 468 3999 585 4054; x_wconf 84' lang='lat' dir='ltr'><strong>dierum.</strong></span> <span class='ocrx_word' id='word_1_389' title='bbox 599 4013 661 4051; x_wconf 90' lang='lat' dir='ltr'><strong>cum</strong></span> <span class='ocrx_word' id='word_1_390' title='bbox 672 4000 728 4063; x_wconf 86' lang='lat' dir='ltr'><strong>jam</strong></span> <span class='ocrx_word' id='word_1_391' title='bbox 741 3999 782 4051; x_wconf 93' lang='lat' dir='ltr'><strong>sol</strong></span> <span class='ocrx_word' id='word_1_392' title='bbox 794 3999 888 4052; x_wconf 85' lang='lat' dir='ltr'><strong>radios</strong></span> <span class='ocrx_word' id='word_1_393' title='bbox 898 3998 932 4051; x_wconf 93' lang='lat' dir='ltr'><strong>ad</strong></span> <span class='ocrx_word' id='word_1_394' title='bbox 946 4013 1072 4052; x_wconf 88' lang='lat' dir='ltr'><strong>oceasum</strong></span> <span class='ocrx_word' id='word_1_395' title='bbox 1091 3998 1258 4061; x_wconf 81' lang='lat' dir='ltr'><strong>deflexisset,</strong></span> <span class='ocrx_word' id='word_1_396' title='bbox 1272 3996 1427 4064; x_wconf 82' lang='lat' dir='ltr'><strong>indigentes</strong></span> <span class='ocrx_word' id='word_1_397' title='bbox 1440 3995 1569 4062; x_wconf 91' lang='lat' dir='ltr'><strong>bospitio,</strong></span> 
     </span>
     <span class='ocr_line' id='line_1_38' title="bbox 337 4095 1571 4166; baseline -0.004 -14"><span class='ocrx_word' id='word_1_398' title='bbox 337 4099 479 4166; x_wconf 87' lang='lat' dir='ltr'><strong>cujusdam</strong></span> <span class='ocrx_word' id='word_1_399' title='bbox 491 4099 541 4150; x_wconf 83' lang='lat' dir='ltr'><strong>riri</strong></span> <span class='ocrx_word' id='word_1_400' title='bbox 556 4097 656 4151; x_wconf 90' lang='lat' dir='ltr'><strong>nobilis</strong></span> <span class='ocrx_word' id='word_1_401' title='bbox 669 4099 851 4162; x_wconf 87' lang='lat' dir='ltr'><strong>praesentiam</strong></span> <span class='ocrx_word' id='word_1_402' title='bbox 872 4098 1008 4162; x_wconf 90' lang='lat' dir='ltr'><strong>adierunt,</strong></span> <span class='ocrx_word' id='word_1_403' title='bbox 1027 4104 1054 4151; x_wconf 90' lang='lat' dir='ltr'><strong>et</strong></span> <span class='ocrx_word' id='word_1_404' title='bbox 1074 4103 1104 4151; x_wconf 92' lang='lat' dir='ltr'><strong>ut</strong></span> <span class='ocrx_word' id='word_1_405' title='bbox 1125 4097 1294 4150; x_wconf 87' lang='lat' dir='ltr'><strong>imminentis</strong></span> <span class='ocrx_word' id='word_1_406' title='bbox 1313 4096 1401 4150; x_wconf 91' lang='lat' dir='ltr'><strong>noctis</strong></span> <span class='ocrx_word' id='word_1_407' title='bbox 1420 4095 1508 4161; x_wconf 91' lang='lat' dir='ltr'><strong>spatio</strong></span> <span class='ocrx_word' id='word_1_408' title='bbox 1520 4107 1571 4148; x_wconf 89' lang='lat' dir='ltr'><strong>eos</strong></span> 
     </span>
     <span class='ocr_line' id='line_1_39' title="bbox 335 4196 1571 4264; baseline -0.002 -14"><span class='ocrx_word' id='word_1_409' title='bbox 335 4197 408 4264; x_wconf 93' lang='lat' dir='ltr'><strong>apud</strong></span> <span class='ocrx_word' id='word_1_410' title='bbox 421 4210 450 4249; x_wconf 91' lang='lat' dir='ltr'><strong>se</strong></span> <span class='ocrx_word' id='word_1_411' title='bbox 463 4201 624 4262; x_wconf 89' lang='lat' dir='ltr'><strong>pernoctare</strong></span> <span class='ocrx_word' id='word_1_412' title='bbox 636 4197 800 4249; x_wconf 91' lang='lat' dir='ltr'><strong>concederet</strong></span> <span class='ocrx_word' id='word_1_413' title='bbox 813 4203 986 4264; x_wconf 83' lang='lat' dir='ltr'><strong>rogaverunt.</strong></span> <span class='ocrx_word' id='word_1_414' title='bbox 1009 4197 1056 4249; x_wconf 92' lang='lat' dir='ltr'><strong>llle</strong></span> <span class='ocrx_word' id='word_1_415' title='bbox 1076 4201 1178 4262; x_wconf 91' lang='lat' dir='ltr'><strong>autem,</strong></span> <span class='ocrx_word' id='word_1_416' title='bbox 1198 4197 1261 4250; x_wconf 90' lang='lat' dir='ltr'><strong>licet</strong></span> <span class='ocrx_word' id='word_1_417' title='bbox 1274 4208 1404 4263; x_wconf 89' lang='lat' dir='ltr'><strong>paganus,</strong></span> <span class='ocrx_word' id='word_1_418' title='bbox 1417 4196 1463 4261; x_wconf 93' lang='lat' dir='ltr'><strong>pio</strong></span> <span class='ocrx_word' id='word_1_419' title='bbox 1476 4200 1571 4248; x_wconf 70' lang='lat' dir='ltr'><strong>emen</strong></span> 
     </span>
     <span class='ocr_line' id='line_1_40' title="bbox 337 4295 1570 4364; baseline -0.002 -16"><span class='ocrx_word' id='word_1_420' title='bbox 337 4298 514 4351; x_wconf 85' lang='lat' dir='ltr'><strong>humanitatis</strong></span> <span class='ocrx_word' id='word_1_421' title='bbox 523 4296 614 4349; x_wconf 90' lang='lat' dir='ltr'><strong>studio</strong></span> <span class='ocrx_word' id='word_1_422' title='bbox 623 4303 814 4362; x_wconf 90' lang='lat' dir='ltr'><strong>compunctus,</strong></span> <span class='ocrx_word' id='word_1_423' title='bbox 823 4310 967 4349; x_wconf 90' lang='lat' dir='ltr'><strong>assensum</strong></span> <span class='ocrx_word' id='word_1_424' title='bbox 978 4298 1103 4363; x_wconf 88' lang='lat' dir='ltr'><strong>praebuit</strong></span> <span class='ocrx_word' id='word_1_425' title='bbox 1112 4299 1322 4364; x_wconf 86' lang='lat' dir='ltr'><strong>peregrinorum</strong></span> <span class='ocrx_word' id='word_1_426' title='bbox 1332 4295 1570 4362; x_wconf 80' lang='lat' dir='ltr'><strong>precibussancti</strong></span> 
     </span>
     <span class='ocr_line' id='line_1_41' title="bbox 334 4394 1623 4464; baseline -0.001 -14"><span class='ocrx_word' id='word_1_427' title='bbox 334 4411 399 4450; x_wconf 88' lang='lat' dir='ltr'><strong>vcro</strong></span> <span class='ocrx_word' id='word_1_428' title='bbox 412 4396 569 4450; x_wconf 91' lang='lat' dir='ltr'><strong>sacerdotes</strong></span> <span class='ocrx_word' id='word_1_429' title='bbox 581 4410 637 4450; x_wconf 92' lang='lat' dir='ltr'><strong>non</strong></span> <span class='ocrx_word' id='word_1_430' title='bbox 651 4399 754 4464; x_wconf 89' lang='lat' dir='ltr'><strong>torpori</strong></span> <span class='ocrx_word' id='word_1_431' title='bbox 776 4397 1006 4451; x_wconf 86' lang='lat' dir='ltr'><strong>commendabant</strong></span> <span class='ocrx_word' id='word_1_432' title='bbox 1027 4403 1172 4464; x_wconf 88' lang='lat' dir='ltr'><strong>praecepta</strong></span> <span class='ocrx_word' id='word_1_433' title='bbox 1191 4397 1242 4450; x_wconf 93' lang='lat' dir='ltr'><strong>sibi</strong></span> <span class='ocrx_word' id='word_1_434' title='bbox 1265 4396 1421 4461; x_wconf 91' lang='lat' dir='ltr'><strong>commissa,</strong></span> <span class='ocrx_word' id='word_1_435' title='bbox 1436 4394 1484 4448; x_wconf 87' lang='lat' dir='ltr'><strong>sed</strong></span> <span class='ocrx_word' id='word_1_436' title='bbox 1497 4394 1568 4448; x_wconf 86' lang='lat' dir='ltr'><strong>illud</strong></span> <span class='ocrx_word' id='word_1_437' title='bbox 1589 4397 1623 4449; x_wconf 82' lang='lat' dir='ltr'><strong>to</strong></span> 
     </span>
     <span class='ocr_line' id='line_1_42' title="bbox 334 4495 1572 4563; baseline -0.001 -14"><span class='ocrx_word' id='word_1_438' title='bbox 334 4496 526 4562; x_wconf 82' lang='lat' dir='ltr'><strong>propheticum</strong></span> <span class='ocrx_word' id='word_1_439' title='bbox 551 4509 613 4548; x_wconf 87' lang='lat' dir='ltr'><strong>cum</strong></span> <span class='ocrx_word' id='word_1_440' title='bbox 637 4510 744 4549; x_wconf 87' lang='lat' dir='ltr'><strong>summa</strong></span> <span class='ocrx_word' id='word_1_441' title='bbox 765 4496 971 4563; x_wconf 79' lang='lat' dir='ltr'><strong>exequebantur</strong></span> <span class='ocrx_word' id='word_1_442' title='bbox 991 4495 1157 4563; x_wconf 88' lang='lat' dir='ltr'><strong>diligentia:</strong></span> <span class='ocrx_word' id='word_1_443' title='bbox 1184 4496 1302 4561; x_wconf 84' lang='lat' dir='ltr'><strong>Clamo,</strong></span> <span class='ocrx_word' id='word_1_444' title='bbox 1323 4506 1364 4546; x_wconf 87' lang='lat' dir='ltr'><strong>ne</strong></span> <span class='ocrx_word' id='word_1_445' title='bbox 1383 4505 1492 4561; x_wconf 76' lang='lat' dir='ltr'><strong>cesses,</strong></span> <span class='ocrx_word' id='word_1_446' title='bbox 1516 4499 1572 4548; x_wconf 89' lang='lat' dir='ltr'><strong>etc.</strong></span> 
     </span>
    </p>

    <p class='ocr_par' dir='ltr' id='par_1_6' title="bbox 232 4592 1572 4663">
     <span class='ocr_line' id='line_1_43' title="bbox 232 4592 1572 4663; baseline 0.001 -18"><span class='ocrx_word' id='word_1_447' title='bbox 232 4633 234 4636; x_wconf 12' lang='grc' dir='ltr'><em>Α</em></span> <span class='ocrx_word' id='word_1_448' title='bbox 335 4594 489 4660; x_wconf 87' lang='lat' dir='ltr'><strong>supradicti</strong></span> <span class='ocrx_word' id='word_1_449' title='bbox 504 4609 568 4663; x_wconf 83' lang='lat' dir='ltr'><strong>ergo</strong></span> <span class='ocrx_word' id='word_1_450' title='bbox 582 4596 710 4659; x_wconf 86' lang='lat' dir='ltr'><strong>nominis,</strong></span> <span class='ocrx_word' id='word_1_451' title='bbox 724 4596 770 4661; x_wconf 92' lang='lat' dir='ltr'><strong>qui</strong></span> <span class='ocrx_word' id='word_1_452' title='bbox 784 4609 831 4649; x_wconf 90' lang='lat' dir='ltr'><strong>eos</strong></span> <span class='ocrx_word' id='word_1_453' title='bbox 845 4595 961 4661; x_wconf 87' lang='lat' dir='ltr'><strong>bospitio</strong></span> <span class='ocrx_word' id='word_1_454' title='bbox 976 4598 1143 4661; x_wconf 88' lang='lat' dir='ltr'><strong>susceperat,</strong></span> <span class='ocrx_word' id='word_1_455' title='bbox 1161 4600 1219 4647; x_wconf 87' lang='lat' dir='ltr'><strong>erat</strong></span> <span class='ocrx_word' id='word_1_456' title='bbox 1237 4592 1302 4660; x_wconf 80' lang='lat' dir='ltr'><strong>iilia,</strong></span> <span class='ocrx_word' id='word_1_457' title='bbox 1322 4593 1435 4646; x_wconf 91' lang='lat' dir='ltr'><strong>nomine</strong></span> <span class='ocrx_word' id='word_1_458' title='bbox 1446 4592 1572 4659; x_wconf 80' lang='lat' dir='ltr'><strong>tiodena,</strong></span> 
     </span>
    </p>
   </div>
   <div class='ocr_carea' id='block_1_3' title="bbox 0 0 1662 5482">
    <p class='ocr_par' dir='ltr' id='par_1_7' title="bbox 0 0 1662 5482">
     <span class='ocr_line' id='line_1_44' title="bbox 0 0 1662 5482; baseline 0 0"><span class='ocrx_word' id='word_1_459' title='bbox 0 0 1662 5482; x_wconf 95' lang='lat' dir='ltr'><strong> </strong></span> 
     </span>
    </p>
   </div>
  </div>
 </body>
</html>
