3316 5482
199 399 265 464 446
536 415 661 486 aaran.
680 416 782 467 conn.
801 418 976 471 unomen.
995 419 1075 469 nar.

198 588 379 645 humanitus
391 591 500 644 datum
511 604 577 646 ease
588 593 753 647 eredimus.
764 594 812 646 cui
823 596 921 648 beatus
930 595 1068 662 Philippus
1082 611 1088 647 :
1103 594 1293 663 Parumper,
1303 605 1406 663 qameso,

198 687 278 742 mibi
295 703 389 744 aures
401 693 620 757 accommodes,
634 696 669 745 ut
681 693 737 747 tibi
742 706 803 761 per
814 695 943 763 ainputa
954 695 1003 749 rei
1014 695 1126 749 seriem
1132 695 1289 762 paudum.
1301 696 1410 749 decem

196 792 251 858 est,
260 794 354 858 pater
366 791 488 858 optime,
508 805 556 845 me
573 793 679 846 omnia
700 793 870 860 dilipeuter
878 795 1026 862 prosequi
1046 807 1125 861 quae
1142 793 1269 862 quidem
1279 793 1411 848 edomet

199 890 271 942 tuas
280 890 480 953 dermerum,
492 893 529 942 ut
540 890 588 944 ita
599 891 723 944 danum
734 892 947 959 quaejussisti
955 893 1101 959 consequi
1109 905 1216 959 queas.
1226 891 1412 947 Fateorenint

196 1001 246 1041 me
258 989 317 1042 Deo
331 988 497 1056 beataeque
515 989 636 1057 Virpiui
655 990 844 1059 dedicatum,
866 994 902 1044 ut
921 991 1078 1057 majorum
1099 1003 1241 1045 meorum
1248 990 1438 1060 praeceptat

192 1099 350 1156 parerem,
364 1101 433 1142 eum
454 1088 512 1141 tibi
526 1090 717 1155 praesertim
738 1089 814 1144 baec
834 1090 989 1144 iuuenem
1009 1090 1061 1157 sit,
1082 1091 1204 1158 partim
1216 1104 1299 1158 quae
1310 1090 1417 1145 audiui

197 1200 271 1240 vera
281 1200 348 1241 esse
354 1188 537 1255 partimque
547 1188 644 1242 dubia
653 1202 759 1244 causeo
772 1202 852 1244 :uon
864 1190 949 1243 euim
960 1191 999 1255 te,
1010 1203 1080 1243 eum
1094 1189 1297 1244 doctissimus
1310 1190 1418 1258 sapt'en·

198 1286 398 1353 tissimuaque
409 1287 464 1355 sis,
473 1288 629 1354 praeterit
640 1301 762 1354 semper
776 1289 889 1356 cupere·
899 1286 1032 1355 famam
1050 1289 1107 1342 Sed
1119 1302 1218 1341 uuum
1231 1289 1317 1342 illud
1330 1293 1358 1343 te
1373 1301 1420 1343 oro

192 1387 401 1454 perpeuitum
428 1387 556 1440 Verbum
576 1399 744 1454 rerumque
763 1390 911 1455 satorem,
924 1388 1109 1453 eomunctas
1129 1401 1245 1441 manus
1263 1388 1307 1442 ad
1327 1392 1357 1442 te
1367 1390 1421 1441 ten-

198 1485 283 1552 deus,
296 1498 336 1539 ue
347 1486 400 1540 eui
411 1499 491 1552 quae
502 1486 604 1551 iussis
615 1486 889 1554 utquepraeceptis
902 1489 1002 1540 tecum
1010 1487 1131 1540 contuli
1136 1488 1271 1554 prodas
1438 1486 1461 1538 ll

231 1586 281 1639 12.
294 1586 401 1638 Primus
413 1591 514 1650 autem,
528 1586 614 1652 ipsius
635 1588 815 1640 constantiam
840 1586 1174 1653 inreprehensibilemque
1197 1584 1328 1640 lidueiam
1348 1591 1425 1654 atque

196 1685 367 1738 sanctitatem
379 1685 499 1751 intuens,
521 1685 611 1751 ipsum
631 1684 664 1738 ad
687 1686 887 1740 ordinationem
909 1686 1024 1738 invitare
1043 1686 1189 1739 excudivit.
1212 1687 1246 1738 lt
1268 1687 1328 1753 ipse
1349 1698 1427 1754 aegre

196 1783 287 1837 ferens
301 1797 389 1838 orare.
403 1784 518 1837 llalebat
530 1785 601 1837 inter
621 1797 773 1838 conversos
794 1797 872 1838 suam
893 1797 1022 1837 exercere
1035 1784 1218 1849 sanctitatem,
1230 1797 1317 1852 quam
1329 1785 1423 1854 grada-

196 1882 244 1934 tim
256 1881 291 1934 ad
303 1882 414 1948 aliquod
427 1881 532 1936 ordinis
544 1882 654 1935 culmen
667 1888 750 1950 atque
767 1883 906 1951 fastigium
923 1882 1050 1936 evadere.
1064 1886 1141 1949 Nam,
1154 1888 1184 1936 ul
1197 1888 1279 1938 antea
1292 1882 1425 1947 diximus,

195 1981 243 2033 ubi
255 1981 400 2035 caelestem
412 1982 464 2034 sibi
477 1982 570 2035 sedem
582 1988 771 2048 conspexerat,
785 1983 814 2034 in
827 1995 880 2048 qua
890 1981 999 2048 quidem
1009 1995 1200 2050 quaecumque
1211 1983 1236 2036 ei
1255 1982 1428 2038 absolvenda
1446 1984 1468 2035 ll

196 2086 289 2132 essent
300 2082 402 2146 optime
414 2081 526 2147 aceepit.
537 2082 630 2147 Neque
642 2081 715 2133 enim
728 2081 817 2147 ipsum
829 2082 864 2134 ad
876 2085 983 2133 tantum
995 2081 1100 2135 ordinis
1107 2083 1190 2148 jubar
1199 2083 1304 2136 latebat
1313 2096 1429 2149 perven-

198 2183 299 2232 turum.
313 2180 417 2246 Quippe
430 2180 587 2248 magnitudo
608 2181 759 2234 sanctitatis
774 2181 847 2247 iecit,
869 2186 899 2234 ut
917 2181 992 2234 nulla
1005 2182 1079 2235 orbis
1092 2195 1154 2247 pars
1167 2182 1274 2249 reliqua
1286 2183 1332 2249 sit,
1346 2195 1428 2250 quam

198 2291 254 2332 non
267 2278 533 2345 bujusvenerandae
553 2280 661 2332 virtutis
682 2281 823 2358 miraeque
844 2280 1040 2334 sanctimoniae
1062 2293 1156 2334 rumor
1168 2281 1331 2348 impulerit·,
1345 2283 1430 2336 immo

197 2377 231 2430 ad
253 2379 311 2444 ipsa
331 2392 441 2444 quoque
461 2382 584 2431 extrema
605 2384 694 2432 terrae
715 2385 852 2447 gestorum
879 2379 950 2432 fama
971 2381 1139 2448 pertingens,
1164 2380 1307 2447 ingentem
1325 2381 1430 2448 ubique

197 2478 327 2544 gemitum
338 2478 497 2544 luctumque
509 2478 642 2530 excitavit.
657 2479 752 2531 bivine
773 2477 884 2532 tandem
904 2479 951 2532 bei
970 2479 1141 2545 providentia
1155 2480 1257 2533 invitus
1271 2479 1306 2533 ad
1319 2480 1429 2534 ordinis
1443 2480 1468 2533 tl

196 2576 340 2629 utilitatem
354 2577 503 2643 mundique
515 2576 630 2629 salutem
644 2577 991 2643 subdiaconuspariterque
1000 2577 1132 2631 diaconus
1140 2576 1255 2632 effectus
1264 2585 1316 2631 est.
1327 2583 1429 2632 verum

197 2686 260 2727 eum
272 2675 411 2728 doctrinae
423 2674 495 2727 illius
507 2675 593 2742 gratia
603 2676 708 2728 eunetis
720 2676 893 2741 innotuisset,
905 2676 1053 2744 populique
1066 2676 1160 2729 lideles
1170 2676 1262 2745 vita[a]
1274 2677 1350 2732 illius
1363 2691 1428 2732 con·

196 2773 311 2827 tinentia
323 2774 406 2829 veluti
421 2774 478 2828 sale
489 2774 676 2842 condirentur,
691 2773 830 2839 sacerdos,
849 2774 950 2827 invitus
967 2774 1031 2827 lieet
1043 2756 1074 2828 ac
1086 2775 1204 2828 multum
1217 2788 1351 2841 renuens,
1366 2790 1429 2831 eon·

197 2880 327 2927 secratur.

232 2974 284 3027 13.
295 2976 353 3043 Egit
364 2980 458 3028 autem
469 2975 549 3028 binos
562 2987 650 3027 annos
662 2986 769 3026 summa
787 2986 849 3027 eum
868 2972 1012 3026 sanctitate
1029 2979 1112 3040 atque
1124 2973 1249 3026 ciborum
1262 2974 1427 3028 abstinentia
1443 2975 1468 3026 ἕ

196 3074 276 3126 vitam
290 3088 377 3127 suam.
399 3075 526 3126 Omnium
545 3074 626 3126 eorda
647 3072 766 3125 mirabili
788 3073 924 3138 facundia,
948 3073 1145 3138 scripturarum
1158 3072 1307 3126 dulcedine
1320 3081 1426 3138 ornata,

196 3172 229 3225 ad
243 3187 272 3226 se
284 3175 413 3240 rapiebat.
427 3176 510 3238 Quam
525 3174 619 3237 multa,
634 3173 852 3238 quampulchre,
871 3185 953 3238 quam
974 3173 1127 3226 necessaria
1146 3173 1328 3239 utilitatisque
1346 3174 1426 3239 plena

196 3273 329 3338 docuerit,
342 3274 404 3340 quis
417 3274 520 3325 reterre
533 3271 670 3325 sullleiatl
691 3275 783 3337 Neque
805 3277 868 3325 sunl
892 3277 939 3324 aut
951 3285 1012 3324 esse
1025 3276 1139 3337 possunt
1151 3272 1270 3325 obscura
1283 3286 1355 3338 quae
1369 3271 1425 3338 ipse

196 3375 373 3426 instruxerat.
396 3373 525 3425 llirabilis
547 3371 628 3437 plane
649 3373 700 3423 viri
721 3373 807 3437 gralia
829 3373 856 3423 in
878 3371 1004 3425 docendo
1026 3372 1085 3435 suit,
1108 3378 1190 3438 atque
1203 3385 1237 3424 cx
1252 3372 1293 3424 bis
1307 3385 1378 3439 quae
1392 3372 1425 3424 ad

196 3486 276 3526 aures
289 3479 395 3527 nostras
408 3485 558 3539 pervenere
570 3485 668 3539 magna
680 3471 753 3523 illius
766 3471 894 3524 sanctitas
908 3472 1039 3523 noscitur,
1432 3470 1461 3521 bd

228 3575 278 3625 14.
292 3576 359 3626 llum
374 3571 441 3625 baec
464 3577 609 3639 agerentur
628 3576 654 3623 et
670 3571 776 3623 cnristo
791 3572 961 3638 gubernante
974 3583 1105 3636 prospero
1118 3584 1201 3623 eursu
1214 3575 1315 3624 cuneta
1328 3583 1419 3625 suece-

196 3673 302 3737 derent,
316 3672 432 3724 moritur
449 3671 531 3724 irater
548 3669 722 3734 BonusllliuS,
735 3672 886 3722 conventus
900 3670 1045 3722 Servorum
1063 3672 1178 3722 Sanctae
1190 3671 1291 3723 blariae
1309 3672 1422 3737 primus,

199 3772 263 3826 dum
274 3772 283 3792 ⁶
296 3772 354 3837 ipse
367 3772 407 3823 vir
420 3771 467 3823 liei
480 3770 591 3822 Cesenis
602 3774 766 3822 versaretur.
780 3769 954 3835 collegerunt
966 3767 1062 3821 iratres
1076 3767 1110 3820 ad
1124 3769 1273 3834 capitulum
1286 3769 1424 3823 celebran-

195 3872 262 3924 dum
275 3872 303 3922 in
316 3870 384 3922 urbe
397 3870 562 3922 Florentiae.
577 3871 639 3921 Erat
651 3869 723 3920 enim
737 3873 802 3920 tunc
814 3867 944 3932 temporis
957 3867 1067 3933 quidam
1080 3867 1121 3918 vir
1130 3866 1233 3919 nobilis
1246 3881 1298 3920 nee
1313 3868 1424 3920 nlillblis

195 3972 354 4038 sapientiae,
376 3971 421 4037 qui
442 3969 576 4037 generalis
598 3967 686 4021 officio
708 3967 883 4033 fungebatur,
906 3967 949 4017 eui
970 3978 1122 4018 nomenex
1136 3965 1274 4018 Florentia
1287 3970 1423 4020 llanectus
1436 3960 1464 4013 ib

193 4079 260 4124 crat.
274 4073 384 4122 Factum
397 4074 438 4121 est
450 4070 503 4120 beo
516 4067 599 4119 dante
618 4071 648 4118 ut
659 4065 779 4118 ollicium
797 4065 975 4117 renuntiaret.
996 4065 1179 4127 Quamobrem
1200 4064 1234 4116 ad
1257 4065 1421 4132 erigendum

196 4178 222 4224 et
233 4170 267 4223 ad
280 4168 368 4220 sidera
381 4181 468 4233 usque
490 4165 679 4219 extollendum
700 4167 845 4217 Servorum
868 4162 995 4215 ordinem
1016 4164 1126 4215 beatum
1140 4163 1297 4228 Philippum
1310 4177 1420 4231 genera·

58 4286 145 4339 wod·
196 4267 250 4321 lcm
263 4269 454 4335 exoptarunt‘.
477 4267 544 4318 ilinc
565 4267 641 4318 multi
664 4270 832 4318 concurrunt
850 4262 901 4316 uiri
924 4264 1004 4329 plane
1025 4265 1114 4330 magni
1140 4262 1271 4325 faciundi,
1296 4266 1343 4318 sed
1358 4263 1422 4317 nillil

8 4355 178 4417 θῐθβῑθΐθῐὶῑ·
197 4369 329 4422 babentes
340 4367 386 4421 tali
400 4367 489 4420 olllcio
510 4366 633 4433 dignum.
647 4365 778 4430 cupiebat
798 4365 872 4416 enim
895 4363 1040 4415 universus
1053 4365 1198 4415 Servorum
1213 4368 1308 4416 coetus
1322 4365 1421 4431 Philip-

196 4481 261 4534 pum
279 4466 433 4535 generalem
455 4464 523 4527 deri,
545 4465 623 4529 eujus
644 4464 771 4515 sanctitas
793 4462 846 4512 illis
868 4462 975 4527 cognita
988 4467 1070 4527 atque
1083 4460 1196 4526 probata
1210 4467 1277 4523 erat,
1291 4458 1459 4530 cujusquell

196 4569 261 4620 olim
275 4568 426 4633 perieulum
439 4566 569 4618 fecerant.
582 4567 649 4616 Cum
662 4569 751 4616 autem
767 4564 795 4614 in
808 4560 926 4628 capitulo
945 4561 1110 4613 celebrando
1127 4569 1315 4626 versarentur,
1329 4576 1421 4616 omnes

195 4667 323 4732 aspirltu
341 4671 435 4719 saneto
455 4665 517 4729 acti,
536 4664 628 4717 comiti
649 4663 682 4715 ad
706 4661 816 4715 beatum
838 4660 992 4725 Philippum
1015 4659 1118 4712 litteras
1136 4659 1201 4713 dare
1214 4674 1271 4714 non
1284 4661 1421 4716 differunt.
