3316 5482
341 337 408 406 364
679 351 805 403 ouran.
825 350 926 401 oonn.
946 348 1121 401 asemon.
1140 349 1222 401 nar.

538 524 604 575 Tota
616 524 720 574 sacrata
733 519 796 587 poio
809 518 889 573 celsis
899 518 947 572 nbi
960 517 1053 572 floruit
1064 518 1140 587 actis,

603 619 722 674 reddidit
735 622 817 686 atque
829 619 949 672 animam
960 622 1015 671 tota
1027 622 1131 671 sacrata
1143 617 1215 684 polo.

537 719 654 789 virginis
666 719 738 773 alma
750 731 813 772 caro
826 723 867 772 esi
884 717 1015 772 tumulata
1027 717 1070 771 bis
1081 721 1142 771 octo
1155 717 1322 785 novembris,

603 833 655 873 neo
668 823 744 887 putet
755 819 783 872 in
796 819 912 885 tumulo,
925 818 1038 886 virginis
1049 818 1120 872 alma
1133 831 1196 872 caro
1209 823 1262 872 est.

537 919 653 987 Christe,
666 919 705 972 tui
720 924 761 972 est
772 918 863 986 operis
874 917 939 985 quia
951 917 1032 971 vestis
1044 926 1072 971 et
1082 919 1142 984 ipsa
1153 918 1281 984 sepulcro

601 1019 730 1072 inviolata
743 1018 821 1084 nitet,
835 1018 949 1086 christe,
962 1017 1001 1070 tui
1014 1022 1055 1072 est
1066 1018 1166 1085 operis.

537 1118 660 1186 hydrops
671 1123 698 1171 et
709 1122 767 1171 ater
778 1117 835 1171 abit
846 1129 941 1171 sacrae
952 1129 1002 1184 pro
1014 1117 1096 1170 vestis
1109 1117 1225 1184 honore,

604 1217 691 1271 morbi
705 1214 859 1285 diffugiunt,
873 1214 993 1284 hydrops
1006 1221 1033 1270 et
1044 1221 1102 1270 ater
1114 1216 1180 1270 abit.

535 1317 614 1370 zelus
626 1317 655 1370 in
667 1317 745 1370 boste
758 1317 824 1370 furit
834 1316 974 1384 quondam
987 1316 1035 1384 qui
1047 1316 1151 1369 vicerat
1162 1318 1264 1384 Evam3

601 1415 677 1484 virgo
690 1415 841 1481 triumphat
853 1427 948 1481 ovans,
962 1414 1036 1469 zelus
1050 1416 1078 1467 in
1091 1415 1169 1468 hoste
1181 1415 1256 1470 furit.

536 1516 642 1583 Aspice,
656 1520 741 1582 nupta
753 1518 817 1581 beo,
831 1528 901 1583 quae
913 1516 949 1568 sit
959 1515 1008 1568 tibi
1019 1515 1105 1582 gloria
1120 1515 1210 1581 terris,

603 1629 673 1683 quae
687 1619 796 1669 maneat
808 1615 892 1668 caelis
903 1615 1004 1682 aspice,
1018 1619 1103 1680 nupia
1115 1618 1180 1669 beo.

533 1718 645 1769 iiunera
658 1714 727 1768 laeta
740 1714 825 1781 capis,
838 1712 943 1768 festivis
957 1713 1059 1783 iuigida
1071 1714 1177 1780 taedis3

603 1826 667 1867 ecce
684 1813 759 1867 venit
771 1825 898 1880 sponsus,
912 1826 1027 1867 munera
1039 1813 1110 1867 laeta
1122 1814 1207 1881 capis.

537 1914 569 1966 iit
580 1925 649 1967 nova
662 1911 806 1966 dulcisono
818 1911 969 1966 modularis
981 1912 1102 1966 carmina
1114 1913 1229 1980 plectro,

601 2023 703 2078 sponso
717 2012 817 2079 hymno
829 2011 934 2065 exultas
946 2016 973 2065 et
985 2024 1054 2065 nova
1066 2011 1220 2066 dulcisono.

532 2112 628 2165 Nullus
640 2111 675 2164 ab
687 2111 833 2166 hitithroni
846 2111 977 2164 comitatu
988 2115 1111 2179 segregat
1123 2110 1185 2179 agni

597 2225 681 2280 qnam
693 2209 790 2265 affectu
802 2211 902 2266 tuiemt
917 2210 1009 2264 nullus
1020 2212 1056 2264 ab
1069 2210 1225 2264 hitithroni.

373 2408 461 2475 Vrra
478 2408 512 2476 S.
531 2409 675 2476 domnus
692 2427 833 2477 nnnnrrs
852 2409 1070 2477 Rnouherssrs
1085 2408 1167 2490 (cfr.
1187 2430 1298 2498 supro,
1317 2431 1351 2497 p.
1373 2411 1454 2491 355,
1469 2410 1533 2501 8⁰).

373 2605 925 2672 Nuttmpraemtssorertprompue.
1591 2608 1624 2660 w

374 2706 401 2760 1.
414 2705 459 2757 vir
470 2718 520 2772 per
531 2710 628 2758 cuncta
640 2704 873 2772 praedicandus...
887 2705 999 2759 vacabat
1008 2705 1080 2770 (vit.
1093 2706 1150 2774 ed,
1166 2705 1216 2760 lib.
1230 2705 1255 2774 1,
1267 2718 1355 2759 num.
1370 2707 1417 2759 td
1429 2706 1534 2771 medi

374 2804 406 2859 2.
420 2804 542 2871 benique
561 2803 635 2856 idem
654 2803 829 2857 venerandus
851 2803 892 2858 vir
914 2804 1044 2871 cultuque
1064 2804 1204 2873 religionis
1224 2804 1387 2871 imitandus,
1407 2809 1577 2872 praeventus

341 2905 425 2973 gratia
438 2910 464 2958 et
476 2903 664 2958 misericordia
677 2905 733 2971 bei,
746 2904 847 2957 divinis
859 2904 1023 2958 sublimatus
1032 2905 1177 2958 virtutibus
1186 2912 1213 2958 et
1222 2905 1251 2957 in
1263 2903 1414 2971 praeceptis
1425 2901 1578 2959 dominicis

341 3008 414 3058 recto
428 3005 535 3057 tramite
546 3003 686 3071 gradiens,
711 3017 768 3058 non
790 3004 879 3058 solum
900 3005 929 3057 in
950 3005 1061 3058 caelesti
1075 3005 1185 3073 regione
1197 3009 1330 3072 perpetuo
1342 3001 1446 3057 ditatus
1457 3008 1503 3056 est
1514 3018 1579 3058 mu·

341 3117 417 3168 nere,
430 3117 524 3157 verum
538 3108 566 3156 et
577 3104 606 3156 in
620 3104 756 3169 praesenti
780 3104 816 3157 ob
839 3103 988 3157 muliorum
1008 3103 1226 3158 aedificationem
1247 3102 1379 3172 longaevo
1400 3102 1496 3157 floruit
1507 3108 1578 3157 tern-
1594 3103 1627 3157 ι’)

341 3216 424 3269 pore;
437 3202 506 3256 adeo
518 3206 710 3268 utatempore
733 3202 915 3255 Valentiniani
936 3203 1055 3256 caesaris
1075 3208 1158 3270 atque
1179 3202 1306 3256 Marciani
1325 3202 1576 3271 imperatoris,qui

341 3300 744 3371 post'rheodosiumjnniorem
766 3303 941 3356 monarchiae
961 3304 1119 3371 dignitatem
1143 3303 1270 3367 obtinuit,
1292 3301 1429 3369 usquead
1448 3305 1578 3370 tempora

341 3401 485 3455 iustiniani
498 3400 604 3468 augusti
625 3406 808 3467 permaneret.
823 3403 880 3465 Quo
901 3402 981 3454 etiam
1004 3407 1127 3468 tempore
1148 3402 1244 3455 Franci
1266 3414 1329 3455 cum
1340 3401 1479 3454 clodoveo
1495 3413 1573 3469 rege,

341 3499 488 3566 postposita
502 3498 651 3564 republica,
665 3498 775 3551 militari
791 3512 873 3552 manu
894 3500 1026 3553 terminos
1040 3502 1227 3554 Romanorum
1245 3500 1441 3566 irrumpentes,
1455 3499 1577 3553 Galliam

343 3599 510 3652 invaserunt.
524 3599 623 3664 sicque
635 3610 723 3664 usque
736 3598 764 3649 in
783 3604 906 3665 tempora
924 3599 1084 3653 Theoderici
1102 3600 1183 3668 regis,
1197 3599 1244 3666 qui
1257 3598 1330 3652 iilius
1343 3599 1446 3651 exstitit
1457 3599 1578 3665 praefati
1595 3601 1628 3652 bo

343 3696 481 3763 Clodovei,
494 3703 521 3749 et
534 3695 581 3748 iiiii
594 3697 653 3763 ejus
666 3697 846 3750 Theodeberti
867 3697 1032 3764 perduravit.
1054 3701 1119 3751 ham
1138 3698 1249 3766 qnando
1263 3698 1348 3751 sacris
1359 3696 1446 3750 artius
1458 3709 1490 3750 se
1501 3710 1580 3751 man·

342 3797 445 3863 cipavit
456 3797 638 3861 documentis,
651 3796 750 3849 Gallias
772 3797 824 3850 sub
845 3798 955 3864 imperii
965 3800 1027 3865 jure
1042 3800 1181 3852 iohannes
1193 3797 1289 3853 consul
1302 3797 1422 3867 regebat.
1434 3797 1579 3864 Siquidem

343 3895 451 3950 eumad
468 3896 633 3963 perfectiora
653 3896 751 3948 Christi
776 3897 898 3951 miles...
912 3899 984 3962 (vit.
1006 3898 1064 3964 ed,
1088 3896 1139 3951 lib.
1162 3897 1187 3965 1,
1199 3909 1284 3950 num.
1298 3899 1315 3950 5
1322 3908 1356 3962 p.
1369 3907 1411 3970 m.
1424 3894 1581 3963 usquead

344 3997 422 4066 fin).

377 4095 408 4147 3.
424 4095 490 4147 iiiuc
503 4093 584 4159 panio
597 4097 668 4161 post,
682 4093 926 4148 continentibus...
947 4096 1043 4164 (ibid,
1061 4109 1147 4150 num.
1167 4098 1203 4162 6),
1215 4094 1323 4149 Christo
1335 4093 1387 4147 sibi
1400 4093 1430 4147 in
1443 4095 1576 4149 omnibus
1594 4096 1628 4149 35

348 4194 476 4261 propitio,
489 4192 536 4260 qui
550 4192 578 4245 in
591 4191 683 4245 cordis
695 4194 754 4259 ejus
767 4194 955 4260 requiescebat
964 4196 1098 4249 cubiculo.

378 4293 411 4344 4.
425 4295 569 4345 Praeterea
580 4304 654 4356 oum,
666 4297 698 4343 ut
709 4291 838 4361 diximus,
853 4306 881 4346 se
894 4295 1050 4360 primitus...
1070 4294 1165 4362 (ibid,
1178 4306 1265 4347 num.
1281 4294 1335 4359 Η).
1347 4295 1419 4346 haec
1432 4293 1510 4347 illius
1522 4294 1581 4361 opi·

347 4392 405 4445 fleis
417 4403 500 4458 opera
513 4394 577 4443 sunt
588 4391 636 4457 qui
649 4390 720 4444 filios
732 4392 815 4444 lsrael
828 4392 862 4445 ab
874 4393 967 4460 ignitis
979 4393 1103 4448 liberavit
1114 4392 1289 4461 serpentibus
1301 4397 1330 4446 et
1341 4405 1444 4460 aquarn
1456 4393 1493 4448 dc
1504 4399 1585 4460 petra

347 4490 433 4543 steriii
446 4487 574 4555 produxit
586 4488 752 4542 sitientibus.

380 4589 412 4641 5.
425 4590 530 4655 operae
543 4586 660 4652 pretium
673 4586 810 4655 ducimus,
824 4590 847 4641 si
859 4603 995 4645 summam
1014 4594 1073 4660 ejus
1088 4593 1269 4648 humilitatem
1282 4591 1333 4646 sub
1345 4590 1515 4658 compendio
1525 4596 1586 4646 ian·
1603 4594 1635 4646 ib
