3316 5482
451 85 547 170 amc,
561 116 647 168 nna.
665 114 781 166 annm.
801 133 846 146 -
861 113 1015 165 APPlth.
1034 117 1082 167 nn
1098 116 1176 169 con.
1195 115 1270 170 saon.
1410 105 1477 173 359

241 288 309 343 vitio
321 288 381 356 ipse
399 285 577 355 devotissime
588 300 617 340 se
632 285 763 353 subdens,
786 286 858 340 coxit
879 299 976 340 carnes
988 287 1088 342 cotidie
1106 293 1133 344 et
1145 289 1278 356 operariis
1291 291 1473 361 ministrabat,

242 388 336 442 locum
357 387 514 442 accendens
533 392 562 441 et
581 400 680 455 aquam
700 391 849 453 apportans
866 391 894 440 et
913 399 977 441 rasa
998 387 1090 443 denuo
1120 389 1285 458 emundans,
1304 392 1476 447 existimante

243 487 345 541 abbate
367 486 447 540 illum
468 487 521 541 boc
538 485 679 553 juvamine
703 485 820 538 ministri
842 499 980 554 peragere.
1004 486 1112 541 Accidit
1133 502 1251 556 namque
1276 491 1394 558 quadam
1420 490 1476 560 die,

243 586 310 640 dum
322 587 408 640 abbas
420 599 498 640 more
509 585 589 640 solito
601 592 759 654 peragraret
771 585 978 653 monasterium,
994 591 1025 640 nt
1036 588 1169 654 aspiceret
1181 589 1258 642 illum
1271 589 1384 644 tratrem
1396 596 1472 645 stan·

202 685 230 738 5
246 690 300 740 tem
310 686 387 754 Juxta
399 686 548 740 caldarium
561 686 679 752 fervens,
692 689 899 752 praeparantem
914 686 1043 740 victualia
1057 686 1217 755 artificibus,
1231 691 1258 742 et
1277 688 1392 757 intrans,
1409 690 1479 745 vidit

244 786 335 838 omnia
346 797 411 839 vasa
424 783 605 838 mundissima
615 788 643 839 et
654 784 743 839 solum
756 788 906 851 scopatum.
921 785 991 838 Dixit
1010 785 1035 840 ei
1050 785 1130 839 hilari
1150 787 1247 841 vultu:
1264 789 1287 843 0
1306 789 1352 842 mi
1362 787 1475 859 freter,

244 881 327 940 benc
337 883 561 939 oboedientiam
572 882 654 937 milri
673 881 802 951 scarabeo
814 895 856 950 es,
877 896 972 950 qnam
984 896 1033 938 me
1044 883 1209 953 ignorante
1230 899 1366 959 eaereee.
1379 887 1477 942 sedai

242 984 364 1039 estatis
376 983 468 1038 miles
482 982 598 1038 Christi
609 984 735 1050 penem
759 985 788 1037 te
811 983 957 1052 antevadit,
979 984 1068 1039 mitte
1087 999 1218 1040 menum
1236 987 1271 1040 in
1293 985 1476 1043 bullientem

242 1096 362 1152 cenem
372 1085 403 1138 et
415 1095 514 1137 enum
525 1082 667 1153 frustum
678 1083 717 1136 de
728 1082 799 1136 imis
812 1081 892 1136 mibi
911 1082 1046 1138 amaea.
1069 1085 1119 1148 Qui
1140 1085 1230 1138 statim
1254 1086 1315 1140 sine
1327 1099 1404 1141 mora
1416 1087 1475 1142 mit·

197 1178 227 1234 to
242 1187 304 1236 tens
316 1195 430 1236 manum
440 1181 474 1235 ad
486 1182 572 1235 imum
586 1182 692 1248 lebetis,
713 1182 844 1234 abstraxit
860 1182 976 1235 frustum
999 1181 1146 1250 fervidum,
1167 1183 1207 1236 nil
1219 1185 1342 1240 sentiens
1354 1186 1474 1241 calorem

241 1280 372 1336 terrentis
384 1294 481 1349 aquae.
494 1283 551 1346 Quo
563 1282 632 1347 viso,
645 1280 731 1335 abbas
749 1280 830 1347 jussit
849 1280 950 1348 deponi
971 1280 1090 1335 frustum
1109 1287 1137 1335 et
1157 1283 1263 1336 nemini
1284 1284 1335 1339 lroc
1347 1283 1471 1338 indicare

239 1382 351 1436 viventi.
364 1382 445 1435 lllum
462 1394 527 1436 vero
549 1381 662 1435 tratrem
683 1379 859 1447 postmodum
879 1381 1006 1435 abbatem
1027 1382 1182 1437 audivimus
1203 1384 1303 1438 tactum
1325 1390 1353 1439 et
1371 1383 1473 1440 deinde

240 1482 401 1550 episcopum
413 1481 611 1536 wintoniensis
623 1480 755 1535 ecclesiae
767 1481 901 1535 veraciter
912 1481 1041 1535 vidimus.
1388 1474 1391 1483 '

272 1583 305 1639 ’7.
322 1584 388 1636 Erat
398 1595 518 1651 namque
526 1580 710 1637 ethelwoldus
732 1594 847 1649 magnus
859 1581 1025 1649 aedificator,
1049 1586 1076 1637 et
1088 1581 1155 1635 dum
1178 1584 1350 1639 essetabbas
1361 1589 1389 1639 et
1408 1597 1472 1638 cum

193 1685 224 1737 ¹5
239 1687 313 1736 esset
325 1682 479 1749 episeopus.
494 1680 571 1736 tinde
579 1680 697 1735 tetendit
708 1680 733 1734 ei
746 1680 900 1734 communis
918 1680 1091 1735 adversarius
1104 1681 1218 1737 insidias
1232 1699 1239 1736 ε
1254 1684 1290 1737 ita
1312 1689 1343 1737 ut
1354 1681 1473 1752 quadam

238 1780 295 1848 die,
307 1780 375 1834 dum
388 1782 417 1834 in
429 1785 567 1835 structura
576 1779 723 1847 laboraret,
736 1780 834 1848 ingens
847 1780 933 1846 postis
945 1793 1029 1848 super
1041 1794 1105 1835 eum
1118 1781 1238 1850 caderet,
1251 1787 1279 1837 et
1291 1783 1320 1836 in
1332 1782 1471 1851 quandam

238 1880 348 1934 foveam
357 1878 465 1947 dejecit,
475 1877 664 1946 confregitque
675 1890 764 1944 paene
777 1891 874 1932 omnes
886 1883 974 1932 costas
986 1881 1046 1947 ejus
1058 1892 1093 1933 ex
1112 1893 1168 1935 nno
1182 1881 1275 1947 latere,
1291 1885 1318 1934 et
1329 1881 1383 1934 nisi
1395 1882 1473 1936 fovea

239 1993 305 2034 eum
315 1979 476 2047 susciperet,
486 1981 559 2032 totus
566 1981 751 2045 quassaretur.
762 1978 1003 2031 convaluittamen
1014 1978 1050 2033 de
1058 1979 1108 2032 bac
1120 1979 1304 2035 molestialteo
1314 1981 1471 2049 auxiliante,

239 2083 269 2133 et
282 2078 365 2148 elegit
375 2092 438 2133 enm
450 2076 599 2146 ltadgarus,
613 2076 787 2130 felicissimus
796 2090 843 2130 rex
852 2077 1010 2145 Anglorum,
1021 2077 1056 2133 ad
1069 2079 1254 2146 episcopatum
1275 2080 1471 2134 wintoniensis

187 2183 219 2235 it)
236 2179 370 2233 ecclesiae
381 2183 529 2246 antequam
549 2178 664 2232 ecclesia
687 2177 871 2243 dedicaretur,
885 2182 912 2230 et
928 2190 962 2231 eo
980 2178 1096 2244 jubente
1109 2179 1245 2233 ordinavit
1257 2178 1336 2233 iilum
1357 2183 1472 2234 bunsta·

238 2292 305 2346 nus,
318 2279 539 2346 archiepiscopus
551 2278 768 2332 liorovernensis
779 2278 920 2332 ecclesiae.

274 2377 306 2432 8.
325 2381 407 2440 lirant
428 2385 519 2433 autem
531 2384 596 2432 tnne
617 2379 647 2430 in
665 2378 940 2456 veteriflmonasterio,
953 2378 1001 2431 ubi
1024 2378 1153 2432 cathedra
1166 2379 1327 2447 episcopalis
1347 2380 1472 2456 habetur,

238 2477 313 2532 male
325 2479 480 2548 morigerati
492 2479 595 2545 clerici,
608 2478 726 2532 elatione
737 2482 766 2531 et
777 2477 923 2531 insolentia
936 2490 968 2531 ac
980 2478 1088 2531 luxuria
1109 2479 1260 2545 praeventi,
1273 2479 1343 2532 adeo
1361 2484 1391 2532 ut
1403 2492 1472 2533 norr-

239 2577 311 2632 nulli
323 2591 418 2633 eorum
429 2578 642 2646 dedignarentur
654 2577 751 2630 missas
764 2590 813 2631 suo
825 2577 923 2631 ordine
935 2577 1084 2644 celebrare,
1107 2578 1281 2644 repudiantes
1292 2591 1391 2633 uxores
1403 2592 1473 2647 quas

187 2680 222 2734 itt
239 2676 337 2732 illicite
349 2679 484 2732 duxerant
494 2682 522 2731 et
533 2676 601 2730 alias
610 2677 784 2752 accipientes,
797 2677 876 2745 gulae
889 2682 916 2731 et
925 2677 1049 2731 ebrietati
1056 2678 1159 2745 jugiter
1167 2677 1262 2731 dediti.
1275 2677 1351 2743 Quod
1360 2679 1474 2734 minime

240 2776 889 2841 terensvirsanctusathelwoldusdatalicentia
899 2776 1472 2846 aregeliadgaro,expuliteitissimenetan-

239 2878 293 2933 dos
303 2878 537 2945 blasphematores
556 2876 604 2929 liei
623 2876 657 2930 de
677 2877 863 2943 monasterio,
877 2882 904 2929 et
916 2875 1056 2929 adducens
1080 2877 1229 2930 monachos
1248 2874 1283 2930 de
1299 2876 1472 2945 abandonia,

240 2978 340 3033 locarit
350 2977 417 3043 illic,
430 2977 530 3044 quibus
543 2975 601 3042 ipse
614 2976 700 3030 abbas
712 2980 739 3028 et
751 2976 896 3043 episcopus
906 2974 1020 3029 exstitit.
1033 2975 1136 3029 Accidit
1147 2979 1248 3042 autem,
1262 2976 1328 3029 dum
1346 2977 1473 3030 monachi

238 3078 384 3132 venientes
406 3074 441 3129 de
459 3073 623 3128 abandonia
648 3079 752 3128 starent
770 3075 804 3128 ad
824 3075 977 3143 ingressum
1002 3075 1146 3142 eeclesiae,
1167 3073 1283 3129 clericos
1303 3076 1377 3129 intus
1395 3075 1475 3131 linire

187 3179 223 3231 w
240 3175 365 3241 missam,
384 3172 607 3227 communionem
621 3172 747 3226 canendo
760 3185 768 3224 ε
780 3172 896 3226 Sereite
916 3171 1045 3227 Domino
1057 3173 1093 3226 in
1112 3173 1223 3228 tinwre
1234 3176 1264 3227 et
1282 3174 1424 3228 eoeuitete
1441 3173 1472 3228 ei

239 3287 313 3330 cum
331 3275 482 3339 tremore,-
494 3270 718 3339 apprehendite
730 3271 945 3339 disciplinam,
958 3285 998 3326 ne
1004 3272 1146 3340 pereatis
1165 3272 1204 3326 de
1215 3272 1365 3338 eiejnata
1375 3290 1384 3340 ;
1396 3273 1473 3341 quasi

239 3373 365 3426 dicerent
373 3393 379 3422 :
387 3370 615 3426 Nosnoieimna
624 3368 684 3424 Deo
693 3369 812 3424 servire
821 3382 877 3425 nec
886 3370 1090 3438 disciplinam
1099 3371 1165 3437 eine
1175 3372 1287 3438 tenere,
1300 3383 1353 3426 eoa
1362 3372 1474 3425 saitem

240 3470 347 3538 facite,
359 3483 399 3523 ne
409 3469 492 3524 cient
501 3481 557 3523 nos
563 3468 714 3536 pereatis.
725 3469 849 3522 llonaclri
861 3482 937 3536 vero,
948 3470 1091 3523 audientes
1104 3476 1215 3523 cantum
1226 3483 1333 3536 eorum,
1343 3470 1473 3524 dixerunt

241 3575 351 3624 mutuo:
364 3569 426 3624 Cer
435 3581 599 3624 moramur
607 3567 956 3634 semsteceebertamur
969 3569 1103 3636 ingredi.
1117 3570 1186 3623 ltisit
1204 3582 1315 3637 quoque
1332 3583 1379 3624 rex
1388 3584 1473 3637 quen·

188 3671 226 3727 35
242 3670 307 3723 dam
313 3669 502 3723 ministrorum
508 3681 622 3722 suorum
633 3668 854 3731 famosissimum,
863 3668 1033 3721 vulfstannrn
1044 3669 1186 3736 vocabulo,
1195 3682 1257 3722 cum
1268 3670 1396 3737 episcopo
1408 3688 1416 3737 ;
1426 3670 1473 3737 qui

240 3770 316 3837 regia
327 3769 488 3823 auctoritate
497 3767 636 3821 mandavit
644 3767 751 3821 clericis
760 3767 886 3821 ocissime
895 3767 962 3821 dare
973 3768 1061 3821 locum
1074 3767 1216 3822 monachis
1225 3774 1272 3822 aut
1282 3769 1472 3823 monachicum

240 3868 381 3934 suscipere
393 3866 525 3920 babitum.
540 3865 633 3930 Atilii,
647 3869 806 3919 execrantes
818 3866 1007 3919 monachicam
1018 3866 1111 3931 vitam,
1125 3866 1189 3919 ilico
1201 3868 1329 3920 exierunt
1342 3866 1377 3920 de
1387 3867 1473 3921 eccle·

241 3967 300 4033 sia;
314 3966 362 4020 sed
382 3969 475 4019 umen
488 3965 662 4032 postmodum
674 3970 729 4019 tres
750 3978 782 4018 ex
804 3965 859 4018 illis
879 3966 1004 4019 conversi
1017 3971 1081 4019 sunt
1101 3964 1136 4018 ad
1157 3967 1309 4034 regularem
1330 3979 1474 4020 conversa·

239 4068 356 4133 tionem,
370 4066 473 4119 scilicet
485 4064 630 4131 Eadsinus,
644 4064 792 4130 vulisinus,
802 4065 960 4117 wilstanus
969 4067 1034 4117 llam
1049 4065 1181 4119 hactenus
1192 4066 1221 4118 in
1233 4070 1314 4134 gente
1326 4066 1472 4134 anglorum

187 4171 224 4223 tu
242 4180 276 4222 ea
287 4169 449 4232 tempestate
462 4179 517 4219 non
531 4165 703 4218 habebantur
715 4165 842 4219 monachi
855 4165 907 4217 nisi
922 4165 950 4216 in
963 4165 1101 4218 Glastonia
1116 4170 1143 4217 et
1154 4164 1327 4218 Abundonia.

275 4265 307 4320 9,
325 4266 428 4318 Dehine
440 4263 560 4330 deniqne
573 4276 605 4316 ex
627 4263 728 4317 invidia
741 4264 903 4317 clericorum
923 4263 1016 4316 datum
1030 4267 1071 4317 est
1082 4263 1209 4329 episcopo
1228 4275 1365 4316 venenum
1378 4263 1473 4317 bibere

240 4364 419 4431 insuaaula,
432 4364 527 4430 inqua
549 4377 610 4416 eum
632 4364 784 4429 hospitibus
797 4363 958 4430 prandebat,
972 4368 1001 4415 ut
1022 4362 1069 4416 illo
1082 4363 1226 4429 exstincto,
1246 4361 1331 4416 liberc
1351 4363 1474 4429 pristinis
