3316 5482
229 312 292 381 104
572 325 697 376 caran.
716 325 818 376 doun.
839 326 1013 377 usercen.
1032 326 1113 377 nar.

324 501 361 578 5ο
378 500 445 601 [De
463 498 579 576 mitra
596 497 718 576 sancti
737 497 872 575 Hilarii
890 496 967 596 (fol.
993 497 1158 596 lii-lili.

254 634 376 688 Narratio
398 631 532 697 fabulosa,
545 643 670 684 connexa
692 643 754 683 curn
771 629 825 683 alia
846 630 937 683 tabula
956 629 990 683 de
1003 632 1179 684 contentione
1192 628 1287 684 ililarii
1309 630 1339 682 in
1352 627 1469 696 synodo

224 736 346 787 Romana
366 744 428 784 cum
449 734 540 784 Leone
560 731 591 781 ll.
605 731 634 782 P.
652 728 747 782 ariano
765 729 818 794 (ed.
844 730 907 784 Cat.
925 731 1036 798 Brum,
1059 736 1124 784 tom.
1147 731 1168 790 1.
1190 745 1217 796 p.
1240 731 1350 795 157118).
1373 732 1462 794 Quam

223 838 325 899 tamen,
337 837 368 884 ut
380 844 476 885 omnes
497 828 659 882 traditiones
677 829 749 881 circa
767 831 793 880 S.
808 829 939 882 Hilarium
961 843 1069 896 sparsas
1081 829 1250 898 colligamus,
1263 830 1308 883 bic
1321 828 1465 883 edendam

225 933 394 986 censuimus.
408 928 467 982 vid.
480 927 607 996 append.

322 1029 360 1106 6ο
385 1029 480 1132 [Vita
499 1027 620 1106 sancti
639 1026 786 1128 Hilarii]
803 1026 880 1127 ilci.
903 1027 1070 1128 l8l-lll).

256 1166 357 1217 lterum
379 1162 422 1214 lric
437 1161 570 1227 repetitur
581 1161 651 1213 liber
662 1173 672 1213 l
683 1159 759 1214 vitae
779 1163 805 1212 S.
826 1160 917 1213 lillarii
936 1175 951 1213 a
972 1163 1120 1214 Fortunato
1132 1160 1222 1215 editae
1236 1161 1297 1227 (cfr.
1311 1174 1397 1229 supra
1412 1163 1458 1229 ll),

224 1262 273 1316 sed
285 1261 371 1329 magis
382 1260 464 1312 etiam
478 1258 635 1325 perturbato
648 1257 746 1311 ordine
759 1259 924 1312 narrationis
936 1264 962 1311 et
975 1261 1076 1312 inserta
1086 1260 1172 1312 sancti
1185 1260 1299 1326 epistola
1313 1260 1349 1313 ad
1360 1262 1465 1314 Abram

224 1361 307 1414 liliam
330 1373 417 1413 suam.
431 1361 462 1411 lit
482 1358 656 1426 subjungitur
675 1357 732 1422 (iol.
751 1359 803 1423 22³)
825 1359 948 1424 ejusdem
962 1359 1037 1412 vitae
1058 1358 1148 1411 index.
1161 1360 1338 1425 —sequitur
1359 1359 1466 1414 deinde

225 1460 434 1515 encomiasticus
450 1459 616 1512 llactctuc
636 1457 675 1509 cle
696 1456 773 1524 vila,
792 1458 830 1509 de
852 1457 1006 1525 doctrina,
1028 1458 1066 1510 cle
1086 1456 1216 1524 meritis,
1233 1457 1272 1510 de
1290 1457 1465 1513 miraculis

224 1561 306 1616 beati
318 1559 439 1613 Hilarii
450 1558 507 1622 (iol.
520 1558 640 1623 air-tlt),
654 1558 682 1608 in
695 1569 749 1623 quo
765 1559 791 1607 S.
806 1557 922 1610 ililarius
935 1557 1049 1625 singulis
1062 1561 1218 1610 sanctornm
1230 1555 1376 1611 ordinibus
1389 1571 1464 1612 com·

227 1665 349 1728 paratur,
363 1659 467 1726 angelis
480 1658 593 1723 scilicet,
606 1656 776 1723 patriarchis,
790 1657 939 1722 prophetis,
952 1656 1092 1722 apostolis,
1105 1655 1280 1723 martyribus,
1296 1657 1463 1712 confessori·

227 1761 303 1814 ribus
315 1761 343 1812 et
354 1757 521 1820 doctoribus,
537 1755 698 1822 virginibus,
713 1759 765 1807 etc.

324 1859 361 1933 1ο
383 1854 575 1957 [Miracula
592 1853 714 1931 sancti
733 1852 868 1930 Hilarii
887 1853 1043 1932 saeculo
1061 1849 1113 1960 ru]
1136 1852 1212 1952 (fol.
1233 1853 1423 1954 lif-ddi„

258 1990 395 2056 scriptore
410 1999 520 2041 coaevo.
535 1985 648 2051 inedita,
663 1989 771 2052 praeter
783 1985 920 2038 ultimum.
935 1985 991 2038 lid.
1005 1986 1075 2039 inira
1088 1986 1211 2053 append.

565 2376 775 2490 Appendix
804 2375 854 2462 ad
882 2376 964 2465 cod.
993 2375 1115 2466 5316.

281 2594 457 2661 NARRA'PIO
481 2612 651 2691 anabudan
675 2613 718 2660 DE
742 2612 848 2660 adiuuit
873 2593 906 2659 S.
927 2595 1065 2662 Hilaitu
1088 2611 1131 2658 ΑΒ
1156 2595 1403 2660 Hlbbuulttubo

291 2720 420 2768 cacano
443 2721 478 2768 ru
504 2722 653 2769 concrum
677 2703 871 2768 Tunouausr
899 2719 1073 2768 assuurra
1098 2699 1179 2789 (Cir.
1201 2720 1312 2786 supra,
1336 2703 1398 2787 5⁰).

258 2892 325 2944 Cum
338 2891 463 2957 pluribus
473 2892 573 2945 uostris
585 2892 840 2958 praedecessoribus
853 2891 919 2945 viris
930 2889 1113 2958 prudentibus
1126 2889 1208 2943 luerit
1219 2887 1336 2942 intentio
1349 2887 1455 2942 labulo·

64 2995 74 3014 ·
87 3007 125 3046 aa
143 2994 199 3061 ple
231 3007 275 3046 sas
289 2993 483 3059 narrationes',
496 2999 526 3046 ut
538 3006 572 3046 ex
591 2993 643 3046 boc
661 2994 719 3046 laus
732 2994 821 3046 inanis
833 2993 1029 3060 acquireretur,
1043 2989 1115 3057 quod
1137 2989 1216 3055 eulpa
1229 3000 1285 3041 non
1297 2989 1397 3052 caruit,
1410 3001 1460 3042 nos

62 3073 112 3126 pro
124 3073 197 3114 erre.

229 3093 318 3159 potius
329 3104 400 3159 quae
413 3105 476 3145 vera
489 3098 553 3144 sunt
565 3099 592 3145 et
603 3106 674 3159 quae
687 3106 702 3145 a
714 3092 779 3144 uiris
792 3092 911 3158 antiquis
929 3091 1053 3157 personis
1069 3089 1234 3142 authenticis
1251 3086 1408 3154 didicimus,
1421 3086 1455 3141 ad
1471 3087 1483 3139 Ε

226 3192 358 3244 honorem
380 3191 544 3243 ricuvensis
564 3189 684 3242 matricis
705 3190 836 3242 ecclcsiae
860 3190 967 3242 silendo
991 3188 1141 3254 praeterire
1163 3200 1219 3239 non
1239 3186 1399 3239 debemus:
1421 3185 1456 3237 de

226 3289 306 3340 mitra
318 3288 422 3341 seilicet
437 3286 597 3354 pontificali,
612 3301 681 3355 quae
693 3301 761 3341 auro
772 3288 882 3354 intexta,
898 3287 1049 3356 margaritis
1061 3292 1167 3349 ornata,
1182 3287 1210 3337 in
1223 3285 1321 3338 eadem
1335 3283 1454 3338 ecclesia

227 3400 274 3452 pro
290 3389 419 3440 thesauro
432 3392 597 3452 reservatur,
610 3402 680 3455 quae
695 3388 772 3441 mitra
786 3387 935 3455 apostolica
957 3388 1057 3441 rectius
1078 3386 1241 3453 appellatur.
1255 3388 1391 3451 Tempore
1403 3385 1454 3438 sci·

227 3485 291 3537 licet
303 3484 350 3538 illo
362 3498 416 3552 quo
429 3485 558 3538 dominus
571 3485 780 3551 liildebrandus,
793 3489 930 3538 Romanae
942 3486 1074 3538 ecclcsiae
1086 3484 1229 3551 diaeonus,
1242 3485 1321 3551 cujus
1332 3481 1454 3549 prudeu-

226 3584 263 3636 tia
275 3591 302 3637 et
314 3584 414 3637 llorens
426 3585 581 3651 eloquentia
602 3591 683 3651 atque
705 3586 776 3653 rigor
792 3586 912 3651 justitiae
925 3590 980 3638 toto
1003 3585 1069 3638 orbe
1087 3584 1194 3650 claruit,
1207 3583 1305 3636 Gallias
1323 3581 1452 3648 visitarit,
1470 3583 1482 3633 l

227 3685 343 3737 Turonis
363 3685 392 3736 in
414 3685 529 3737 ecclesia
550 3686 640 3738 Sancti
661 3686 766 3737 blartini
787 3687 947 3738 auctoritate
967 3685 1072 3738 domini
1094 3698 1180 3750 papae
1200 3681 1355 3750 Alexandri,
1370 3695 1453 3750 aquo

226 3781 346 3835 directus
358 3782 444 3834 luerat
457 3786 484 3835 et
496 3783 539 3834 cui
552 3788 644 3848 postea
663 3783 691 3834 in
713 3785 879 3848 apostolatus
897 3783 962 3836 sede
981 3785 1120 3850 successit,
1135 3784 1281 3837 concilium
1301 3782 1453 3836 celebratu-

227 3896 282 3948 rus,
296 3882 397 3934 Turoni
410 3880 559 3934 adveniens
571 3895 586 3934 a
598 3889 734 3935 conventu
746 3883 876 3935 ecclesiae
889 3889 916 3936 el
928 3885 1063 3938 Turouico
1073 3884 1174 3950 populo
1187 3884 1291 3936 bonore
1309 3888 1453 3950 susceptus

226 3988 266 4032 est
278 3979 431 4047 magnilica.
445 3981 493 4032 llic
505 3981 603 4047 estqui
616 3981 756 4046 apostolici
769 3982 897 4034 culminis
914 3982 1005 4035 sedern
1025 3983 1150 4047 adeptus,
1163 3983 1308 4049 Gregorius
1320 3984 1452 4050 septimus

226 4085 266 4133 est
283 4088 465 4148 nuncupatus,
480 4081 525 4148 qui
540 4081 656 4134 ilenrico
675 4083 730 4148 regi
748 4082 923 4135 alamannico
941 4081 1098 4135 violentiam
1115 4085 1254 4136 Romanae
1272 4085 1408 4141 ecclesiae
1425 4091 1479 4142 etl

226 4181 267 4233 sui
280 4182 356 4249 regni
369 4181 492 4235 ecclesiis
504 4180 633 4233 inserenti
645 4185 672 4234 et
683 4182 712 4233 in
725 4181 764 4234 eis
782 4181 997 4235 dominationem
1010 4187 1037 4234 et
1059 4182 1246 4235 investituram
1260 4196 1310 4248 per
1322 4185 1451 4240 baculum

226 4280 388 4345 pastoralem
400 4287 427 4332 et
443 4279 558 4332 anulum
575 4284 670 4333 contra
687 4281 832 4333 canonicas
850 4282 1005 4334 sanctiones
1022 4282 1162 4347 quaerenti
1180 4281 1294 4334 uiriliter
1306 4284 1406 4338 restitit
1424 4289 1451 4339 et

225 4382 371 4445 postremo,
385 4383 444 4444 post
464 4379 565 4430 multas
585 4380 722 4446 angustias
743 4385 857 4445 postque
875 4379 994 4443 plurium
1015 4379 1192 4433 aduersorum
1211 4382 1351 4447 passiones
1369 4385 1449 4438 exilio

224 4480 325 4542 trusus,
339 4476 469 4530 catholica
491 4478 662 4531 confessione
683 4490 861 4544 perseverans
884 4479 946 4532 fidei
968 4480 1107 4533 consessor
1128 4481 1204 4532 obiit.
1225 4480 1271 4534 llic
1291 4495 1353 4535 cum
1375 4482 1449 4536 diem

223 4575 367 4629 concilium
379 4575 496 4629 Turonis
508 4578 663 4631 celebrandi
673 4577 862 4645 disposuisset,
873 4592 971 4646 magno
981 4585 1116 4633 conventu
1127 4581 1318 4647 episcoporum
1328 4587 1355 4635 ot
1363 4582 1445 4637 abba·
1462 4582 1483 4635 il
