3316 5482
386 343 454 411 286
732 358 859 410 cursu.
878 358 980 410 couu.
999 358 1173 410 uunrouu.
1192 359 1272 410 usu.

385 531 429 584 De
444 528 602 595 solvenda,
621 528 720 595 inquit,
739 527 917 593 istiusmodi
934 528 1073 597 pecunia
1098 527 1135 581 in
1152 540 1222 582 meo
1234 530 1379 596 ponatur
1391 527 1588 597 providentie

386 629 598 683 tantummodo
609 628 693 683 inter
703 640 756 682 uos
768 628 1001 684 indissolubilia
1013 632 1242 696 componantur
1253 626 1393 696 foedera.
1412 628 1513 683 ocium
1523 627 1589 681 redu

384 729 518 796 mulione,
539 729 637 794 mulas,
655 728 792 796 phaleras,
814 734 960 796 ceteraque
982 727 1123 796 equitandi
1145 733 1318 794 ornaments,
1342 732 1400 783 tum
1420 729 1525 798 eperia
1542 726 1589 781 duri

385 841 467 895 quam
480 827 531 880 sibi
544 828 744 893 convenientia,
758 827 853 881 adesse
871 828 960 893 jussit.
975 829 1069 894 ltaque
1083 827 1210 881 mulabus
1227 827 1358 893 escensis,
1372 827 1432 894 ipsu
1443 826 1545 894 praetio
1554 837 1589 893 ptr

383 930 469 980 totum
482 927 659 981 danismanni
672 928 823 980 exercitum
835 927 971 996 insignem
983 927 1124 981 ductorem
1148 926 1268 988 deducit,
1282 927 1340 992 ipsa
1352 938 1465 981 causam
1476 928 1532 995 ejus
1540 924 1610 995 sgitt

382 1027 467 1094 Ecce,
475 1026 573 1094 inquit,
583 1026 704 1080 adduco
712 1025 794 1079 uobis
802 1025 966 1092 nominem,
977 1028 1050 1079 ante
1063 1024 1223 1094 infestum,
1234 1037 1319 1081 nune
1329 1025 1423 1080 valde
1431 1024 1590 1093 mmmm,

383 1128 458 1181 ante
480 1129 590 1181 contra
606 1138 673 1194 rsus,
696 1138 780 1180 nunc
800 1138 862 1192 pro
878 1125 962 1179 vobis
984 1125 1028 1179 dd
1044 1124 1160 1179 bellum
1178 1124 1467 1193 promptissimum.
1491 1123 1592 1181 isteot

382 1224 544 1280 mansimus
554 1226 760 1291 Francorum,
773 1224 867 1279 demis
884 1223 1141 1290 christianorum,
1153 1225 1243 1279 salvs
1261 1223 1402 1279 omnium
1418 1224 1454 1278 in
1471 1237 1505 1280 se
1519 1220 1593 1291 voti·

388 1323 538 1377 dentium.
566 1322 700 1376 Virtutes
723 1322 789 1388 eius
810 1324 936 1377 nonest
961 1335 1038 1390 opus
1054 1321 1137 1376 voirs
1158 1323 1359 1392 praedicare,
1377 1322 1528 1391 quoniam
1547 1319 1596 1391 iptt‘

383 1424 507 1492 cooperti
522 1423 596 1477 estis
613 1437 708 1491 quom
726 1423 992 1490 circum[s]pectus
1011 1422 1162 1491 consiliis,
1181 1423 1327 1491 miamin
1343 1422 1491 1479 bellando
1508 1421 1597 1492 tortis,
1609 1417 1632 1471 n

386 1533 480 1588 quam
498 1520 533 1574 in
552 1521 693 1577 omnibus
710 1522 777 1576 suis
794 1520 939 1589 fidelibus
955 1520 998 1574 sit
1014 1521 1112 1575 utilis.
1131 1521 1318 1587 Huiusmodi
1333 1521 1602 1578 victoriosissimus

382 1616 523 1686 bellator,
536 1622 647 1675 nostra
658 1619 816 1675 mediante
834 1621 991 1685 sollertia,
1003 1620 1093 1675 modo
1112 1622 1213 1674 vester
1223 1620 1285 1674 erit
1295 1622 1326 1675 et
1342 1633 1405 1675 non
1418 1618 1604 1675 adversario

381 1734 464 1790 mem,
477 1724 582 1777 vestra
593 1722 674 1777 bella
686 1722 842 1791 pupnabil
853 1722 996 1791 vobisque
1015 1721 1234 1790 triumphabit.
1248 1723 1309 1789 Epa
1327 1722 1441 1791 incepi,
1454 1735 1509 1777 vos
1520 1719 1608 1790 perir

382 1820 459 1889 situ·
471 1834 524 1890 epo
538 1823 764 1890 lucratnssum,
778 1836 830 1878 uos
839 1822 1161 1877 videteneomiltatis.
1170 1821 1294 1876 Devotio
1307 1819 1608 1888 ditiusmodisodalis

376 1919 558 1986 plurimum
569 1921 654 1974 valet
670 1921 705 1973 in
722 1921 831 1988 bellis;
847 1921 989 1976 devotum
1006 1921 1104 1991 facite
1116 1920 1209 1975 illum
1229 1922 1260 1974 el
1277 1920 1313 1974 in
1332 1919 1481 1975 mondus
1495 1919 1609 1975 habetis
1623 1920 1649 1973 ts

382 2015 1285 2088 triumphumddodicumestquoddebetis;sedmascimum
1296 2017 1609 2088 estqnodrectpsetis,

380 2128 505 2184 umores,
519 2116 640 2185 liberos,
654 2120 808 2187 coenatos,
824 2121 987 2188 parentes,
995 2120 1152 2188 patriam,
1165 2119 1363 2182 munitiones,
1383 2117 1452 2173 sive
1464 2118 1612 2188 quicpmd

380 2214 505 2271 hostilis
521 2217 655 2272 victorio
677 2217 738 2271 sibi
757 2220 834 2273 solet
853 2219 1025 2274 vindicare.
1043 2219 1173 2274 Medicis
1192 2218 1341 2287 impensis
1357 2231 1488 2273 murum
1505 2221 1613 2274 contra

380 2312 495 2370 horum
502 2315 671 2384 parabitis.
686 2317 771 2377 Quod
783 2318 955 2372 Boimundi
970 2318 1204 2374 necessitatibus
1225 2316 1417 2386 impenditis,
1430 2319 1614 2387 centuplum

380 2412 418 2482 de
429 2414 513 2469 noste
522 2415 691 2483 reer'pietis.
703 2416 855 2485 Quicquid
864 2420 1001 2472 vestrum
1012 2431 1096 2472 nunc
1106 2417 1306 2486 edistimatis,
1317 2416 1434 2485 absque
1441 2417 1615 2472 Boimundi
1627 2416 1654 2471 st

374 2513 537 2580 praesidio
549 2515 703 2570 incertum
720 2519 766 2570 est
783 2519 890 2571 utrum
911 2531 984 2572 cros
1004 2517 1102 2573 nostis
1113 2517 1295 2586 possideat‚·
1313 2516 1491 2573 Boimundo
1506 2517 1614 2573 &vote

379 2613 535 2669 volutum
545 2613 756 2683 bettiperanle,
764 2619 886 2671 uestrae
896 2617 1030 2671 dicionis
1040 2619 1133 2671 erunt
1142 2617 1312 2671 immensae
1321 2615 1458 2671 hostium
1469 2616 1611 2672 diuitiae.

376 2711 439 2767 Pro
452 2711 632 2780 lidusmodi
645 2715 866 2781 promissionis
883 2716 1072 2771 certitudine
1087 2730 1189 2771 meum
1200 2718 1296 2784 capnt
1306 2714 1390 2769 vobis
1401 2715 1547 2784 devoveo,
1565 2729 1612 2771 me

374 2811 477 2880 ipsam
491 2812 574 2868 vobis
586 2813 759 2869 obsidendo.
772 2816 885 2884 Itaque
896 2815 1107 2884 unnsquisque
1118 2815 1288 2870 seeundum
1296 2827 1371 2868 sites
1382 2813 1559 2882 facultates
1571 2815 1613 2870 ad

372 2912 616 2980 redemptionem
623 2913 794 2968 Boimundi
802 2928 842 2968 ec
850 2919 952 2970 oestro
959 2916 1122 2984 opulentia
1129 2928 1221 2969 suam
1228 2915 1368 2982 supplete
1375 2914 1530 2982 inopiam.
1540 2916 1611 2971 Oun-
1624 2914 1651 2967 st

373 3009 587 3078 foederatione
598 3012 778 3066 inviolabili
785 3026 855 3067 cnm
868 3015 1000 3069 mancis
1009 3015 1101 3083 quasi
1112 3015 1147 3067 in
1160 3027 1259 3067 unam
1268 3015 1392 3081 pentem
1404 3012 1610 3082 incorporari

374 3111 539 3177 coepimus.
553 3110 644 3166 Nunc
655 3123 728 3179 erpo
740 3113 884 3179 primum
900 3115 1063 3168 uincamus
1083 3126 1134 3167 eos
1154 3112 1295 3167 donandi
1317 3112 1523 3181 lideratitate,
1535 3125 1610 3182 quot

375 3206 535 3262 nobiscnm
545 3209 677 3262 victores
689 3207 868 3264 habebimus
880 3211 916 3264 in
927 3211 1106 3265 certamine.

409 3308 458 3359 1¹7.
481 3308 640 3373 Huiusmodi
653 3309 841 3363 exhortatione
853 3313 950 3363 Persae
963 3316 1072 3378 praeter
1084 3310 1194 3364 solitum
1207 3309 1241 3363 ad
1257 3307 1477 3363 munificentiam
1494 3312 1607 3366 animati

376 3410 450 3470 sunt,
462 3411 624 3474 tantumque
634 3422 684 3474 per
695 3408 832 3476 insignem
844 3410 986 3463 mulierem
1001 3409 1123 3463 donandi
1136 3422 1283 3462 accensum
1296 3413 1338 3461 est
1346 3407 1470 3462 studium
1482 3416 1524 3475 ut,
1535 3410 1607 3464 datis
1622 3408 1650 3462 ³⁰

377 3506 664 3573 trihusbyzantiorum
685 3508 818 3574 millibus,
839 3509 1007 3562 camelorum
1025 3514 1236 3575 ceterorumque
1257 3508 1419 3561 animalium
1435 3514 1514 3563 tuuis
1535 3508 1612 3563 iteret

376 3603 499 3667 collecta,
521 3609 550 3658 ut
574 3618 669 3659 eorum
693 3607 851 3660 venditione
872 3613 900 3661 et
923 3608 1069 3661 Danisman
1091 3619 1140 3674 pro
1168 3606 1357 3672 redemptione
1377 3607 1610 3675 quinquemillia

376 3703 565 3770 byzantiorum
572 3705 709 3771 acciperet
717 3710 743 3758 et
751 3705 903 3760 Boimundo
915 3708 973 3760 iere
983 3706 1151 3761 tantumdem
1162 3712 1326 3772 superesset.
1338 3705 1518 3761 Aseiscuntur
1527 3708 1610 3762 etiam

376 3801 411 3855 de
423 3803 517 3856 amicis
539 3804 683 3857 Boimundi
693 3806 772 3871 juxta
784 3809 881 3858 nutum
903 3806 1082 3859 Danismanni
1103 3807 1206 3874 quique
1228 3805 1406 3872 potentiores,
1420 3806 1564 3874 ictumque
1583 3812 1610 3860 et

374 3901 565 3955 confirmatum
577 3909 619 3956 est
636 3904 812 3957 sacramentis
825 3911 852 3957 et
871 3904 1014 3959 obsidibus
1027 3905 1179 3960 secundum
1200 3905 1274 3974 teges
1287 3910 1470 3973 utrorumque
1491 3906 1605 3961 iuviola-
1620 3906 1650 3958 it

376 4002 431 4059 vile
444 4009 471 4054 et
484 4001 675 4056 indissolubile
688 4003 801 4070 foedus3
814 4003 942 4058 videlicet
962 4010 991 4058 ut
1014 4004 1180 4059 Boimundus
1192 4010 1219 4059 et
1239 4005 1386 4058 danisman
1399 4004 1472 4058 aiter
1493 3990 1610 4061 alienum

374 4102 483 4169 juvaret
493 4109 589 4156 eontra
601 4116 699 4156 omnes
711 4116 789 4156 suam
811 4105 958 4171 potentiam
973 4110 1000 4157 et
1012 4106 1145 4160 honorem
1168 4104 1292 4158 detinere
1305 4117 1337 4158 ac
1357 4103 1486 4171 dilatare,
1500 4106 1531 4161 in
1547 4119 1612 4161 vera

378 4198 441 4266 tide,
455 4201 559 4268 absque
569 4200 633 4255 dolo
646 4202 727 4268 meio,
741 4203 893 4256 secundum
905 4205 979 4271 quod
991 4206 1072 4258 sciret
1085 4210 1166 4271 utque
1179 4208 1279 4270 posset.
1294 4203 1443 4257 danisman
1455 4207 1610 4267 nemiuem,

377 4299 546 4353 Boimundus
558 4313 623 4354 vcro
634 4301 797 4355 christianos
810 4303 924 4368 excepit,
936 4316 987 4356 nec
997 4309 1092 4357 eontra
1105 4317 1153 4357 eos
1162 4302 1258 4356 ioedus
1268 4302 1359 4356 iacere
1368 4302 1499 4371 compelli
1513 4306 1609 4372 potuit.

411 4399 460 4452 18.
480 4402 776 4467 Solutusncaptivitste
787 4402 965 4469 Boimundus,
974 4405 1003 4456 in
1012 4404 1177 4470 adjutorium
1187 4403 1366 4457 Dauismunui
1378 4415 1462 4469 marn
1475 4405 1611 4460 maximas
1625 4405 1655 4459 il

378 4503 465 4565 potest
477 4500 593 4553 militurn
611 4506 756 4569 congregat
774 4503 876 4569 copias,
890 4515 947 4555 non
969 4503 1057 4557 solum
1074 4517 1109 4557 ex
1129 4504 1186 4557 suis
1208 4503 1256 4555 sed
1277 4501 1429 4555 amicorum
1450 4504 1610 4569 praesidiis.

377 4599 542 4653 Reluxsntur
553 4600 635 4654 etiam
647 4600 675 4654 in
688 4601 739 4654 hoc
752 4601 856 4656 bellum
868 4615 1056 4670 quoscumque
1068 4603 1216 4657 danisman
1234 4602 1397 4658 christianos
1409 4600 1443 4657 iu
1453 4604 1612 4672 captivitate
