3316 5482
261 368 355 420 anu.
373 367 457 420 rtur.
475 367 592 419 ruam.
611 388 657 401 -
672 367 825 421 menso.
844 368 892 418 uu
908 368 986 419 ooo.
1004 365 1081 422 saur.
1220 348 1289 418 285

49 537 134 591 Dente
144 537 409 606 cananaeorum,
421 539 551 606 adiutor
563 539 598 594 in
609 538 905 608 opportunitatibus,
920 538 955 593 in
967 537 1178 595 eminentium.
1198 539 1291 599 wem

52 635 179 704 vidisti,
193 637 295 692 etiam
314 638 467 706 apparuit
485 636 583 704 mibi,·
595 639 704 693 eodem
718 651 867 707 persona,
880 639 989 694 eadem
1010 639 1100 708 visio,
1122 638 1236 693 uestitu
1256 639 1291 691 ut

53 735 116 789 nia
138 735 285 806 candido,
298 737 397 792 oculis
405 737 616 807 stellantibus,
630 740 722 792 cuttu
744 738 917 794 rubicnmo
939 741 970 794 et
991 742 1028 794 ut
1048 740 1097 795 soi
1116 737 1289 806 splendido,

52 839 186 892 παίωνα
193 850 360 907 praemiis,
381 840 526 906 totusque
536 839 704 908 mirificus.
722 839 797 894 dnm
817 840 917 895 nitius
933 853 1027 895 suum
1045 832 1183 895 detibeio
1194 838 1293 894 consi·

15 936 35 989 5
56 936 148 1006 tium,
160 936 414 994 aliudnecratio
426 938 506 993 cinit
515 950 572 995 nec
584 940 707 1007 tempus
716 938 817 1007 eeipit
825 951 882 994 nee
891 939 1018 994 utititas
1026 936 1291 1007 enspeecamuod

56 1047 132 1092 aero
142 1038 332 1094 mim-nosci
343 1036 444 1094 buttes
461 1039 593 1106 patriae
604 1037 640 1091 in
659 1051 798 1093 meorum
808 1039 940 1093 ruinam
958 1038 1076 1094 ciuium
1092 1037 1221 1104 ascisco,
1233 1037 1292 1091 itte

58 1136 152 1191 estin
161 1136 485 1206 conoquiriotttnm
496 1137 1188 1206 obtitnsjnra,intertinaeontrameconcitat
1199 1135 1291 1191 betto.

57 1235 130 1292 ttea
141 1235 227 1291 nibil
238 1236 368 1292 interest
379 1236 490 1306 onibus
501 1250 552 1292 me
563 1250 601 1293 ac
619 1249 703 1293 naeoe
713 1236 883 1306 defendam
894 1237 1079 1306 praesidiis,
1091 1249 1163 1293 eum
1179 1237 1292 1292 eontra

50 1335 112 1403 jue
121 1338 152 1392 et
162 1334 216 1406 fae
228 1337 395 1393 iaceentus
405 1337 469 1392 nm
481 1337 689 1394 contumetiis.

10 1438 38 1492 ib
91 1438 145 1492 15.
164 1436 245 1504 uixit,
258 1437 438 1507 etiugressus
449 1437 548 1492 turrim
568 1437 616 1492 ubi
630 1437 798 1493 boimundus
817 1439 989 1505 servabatur,
1000 1438 1091 1506 primo
1109 1436 1244 1506 quaesiuit
1255 1449 1292 1491 au

57 1535 173 1591 libenti
184 1536 312 1592 velletea
321 1550 405 1607 quam
415 1550 497 1605 saepe
511 1537 562 1592 sibi
572 1541 754 1605 proposuerat
760 1538 933 1605 condicione,
942 1537 1071 1594 uidelicet
1078 1542 1109 1592 ut
1119 1537 1292 1592 Antiochiam

59 1637 114 1692 sibi
126 1638 258 1694 moueret
277 1644 306 1694 et
325 1652 494 1708 unoquoque
513 1652 610 1694 meuse
633 1640 662 1693 iu
683 1652 761 1695 suam
780 1639 933 1694 custodiam
953 1638 1057 1693 rediret
1077 1616 1160 1707 atoue
1179 1638 1294 1706 iusuper

60 1737 291 1793 inaestimabilem
313 1739 459 1807 pecuniam
471 1739 649 1806 persolveret,
663 1740 741 1808 eujus
763 1751 899 1793 summam
912 1740 1070 1807 persolvere
1089 1752 1142 1793 neo
1162 1737 1295 1792 omuibus

58 1837 158 1892 amicis
170 1838 227 1892 suis
242 1844 315 1893 esset
334 1837 502 1906 possibilia.
515 1842 591 1893 'tuuc
613 1838 781 1893 uoimuuuus
800 1839 908 1906 iuquit:
925 1837 1040 1893 drame
1060 1840 1105 1893 est
1122 1837 1291 1906 captivitas
1350 1835 1359 1856 ·
1394 1833 1401 1847 “
1418 1870 1426 1889 .

10 1938 42 1992 ta
57 1937 173 2017 menis,
185 1937 240 1992 sed
251 1937 337 1992 nibil
345 1938 481 2007 pravius
492 1951 588 2006 qnam
608 1938 708 1993 illudi
718 1938 863 2007 captiose.
879 1938 965 1999 Quod
976 1937 1115 2008 quaesta
1130 1938 1213 1992 aient
1224 1937 1292 2006 ipse

58 2036 1287 2108 meti,impossibile·estiteritiemequodfacis,faecitius,corcere,cotenis,
1350 2035 1361 2058 ·
1395 2031 1402 2044 “

58 2136 185 2206 flam,
207 2135 337 2206 minore,
361 2137 499 2204 inediia,·
519 2136 662 2205 denique,
677 2130 718 2191 *ei
739 2137 906 2204 eoeneum
925 2137 1104 2193 necandum
1125 2137 1292 2205 suppliciis

60 2235 169 2292 bestiis
180 2247 230 2289 me
248 2234 442 2291 obiciendum
461 2249 528 2290 cese
543 2235 754 2306 comminatis,
768 2237 893 2291 omnino
907 2248 970 2304 pro
988 2250 1060 2292 ntea
1082 2237 1294 2305 redemptione

60 2333 235 2391 anncnmi
245 2335 352 2390 urbem
363 2348 428 2390 non
440 2335 579 2404 reddent,
592 2348 649 2391 nee
660 2335 744 2391 inter
754 2349 813 2390 nos
823 2349 929 2391 omnes
940 2335 1021 2391 banc
1037 2349 1194 2391 summam
1206 2336 1294 2391 babe-

10 2435 43 2490 t)
60 2447 145 2490 mue.
154 2434 196 2487 Ad
207 2433 450 2490 baeebanismuu:
465 2435 554 2501 Quid,
567 2436 667 2505 iuquit,
679 2435 709 2488 si
718 2435 944 2503 redemptionis
956 2435 1100 2504 pretium
1113 2436 1293 2504 allevietur,

60 2536 160 2603 atque
170 2534 209 2588 de
219 2533 282 2603 fide
292 2536 323 2589 et
334 2534 480 2589 amicitia
491 2535 574 2589 inter
584 2547 642 2590 nos
663 2536 789 2603 anatur,
801 2534 954 2601 quatinus
973 2534 1122 2603 fratemea
1133 2539 1163 2589 et
1179 2535 1295 2605 firmis·

60 2634 147 2688 nmo
162 2632 319 2689 societatis
338 2634 556 2688 vicisntmiine
575 2634 611 2688 in
630 2633 773 2688 omnibus
791 2634 910 2689 nostris
925 2634 1084 2702 periculis
1103 2647 1159 2702 epo
1179 2636 1243 2702 tuo,
1262 2636 1296 2688 tu

60 2733 255 2788 certissimus
266 2734 430 2789 menoatro
444 2734 693 2802 praesidiatiiie
713 2735 892 2800 boimundus,
911 2733 1064 2790 secundum
1083 2735 1294 2801 promissionem

61 2834 152 2887 sancti
163 2834 297 2888 Leouardi
318 2834 451 2888 divinitus
463 2834 603 2889 bominem
625 2835 747 2889 locutum
768 2835 933 2903 intellegens
948 2853 954 2888 :
968 2835 1040 2902 Hoc,
1054 2835 1153 2902 iuquit,
1170 2837 1200 2889 et
1216 2832 1297 2887 mibi

10 2932 43 2987 to
54 2932 212 3001 possibile
221 2936 251 2988 et
265 2933 322 2988 tibi
327 2934 506 3002 plurimum
528 2938 606 2989 esset
617 2935 732 2988 utitis'.
743 2935 863 2988 &mnne
878 2934 976 2988 simul
984 2950 993 3000 ;
1006 2933 1076 3001 onie
1087 2937 1198 2989 contra
1214 2933 1294 2988 tuost

61 3031 97 3087 si
107 3044 163 3100 epo
174 3032 232 3086 tibi
243 3034 374 3103 amicus,
387 3035 457 3102 puis
479 3034 607 3088 audebit
617 3047 682 3088 eese
705 3033 933 3088 adversarius?
945 3034 1057 3087 Manus
1074 3036 1148 3088 tuae
1158 3034 1194 3087 in
1204 3033 1301 3089 cerni·

61 3132 153 3187 esbus
171 3132 380 3201 inimieorum,
402 3134 432 3187 si
449 3134 572 3188 amicus
588 3132 693 3202 fueris
709 3135 917 3189 iboncornm.
939 3134 1049 3188 omnes
1067 3133 1125 3187 tibi
1143 3133 1299 3189 obstantes

63 3229 258 3301 humsiiabis,
270 3233 300 3286 ei
307 3245 364 3288 nos
375 3233 591 3302 supplicantes
603 3233 748 3288 exaudis.
761 3232 1016 3289 incurvabuntur
1027 3235 1102 3287 ante
1113 3234 1142 3287 te
1150 3232 1206 3301 qui
1215 3246 1300 3289 nnnc

63 3329 201 3385 cewieee
212 3343 287 3385 suas
297 3331 541 3398 cripuntcontro
554 3335 591 3386 te.
610 3333 813 3398 Totiemoras,
825 3330 976 3400 qnoniam
985 3331 1167 3386 aduersarii
1178 3331 1227 3385 tui
1237 3343 1300 3386 non

10 3430 46 3484 bb
63 3431 246 3483 morantur.
262 3430 348 3490 Quod
365 3430 422 3485 tibi
433 3431 618 3496 moliuntur,
632 3434 667 3485 tu
679 3432 714 3484 in
725 3444 776 3486 eos
794 3435 949 3499 retorque.
967 3431 1099 3485 &eurus
1114 3433 1180 3484 esto
1190 3432 1220 3484 et
1231 3432 1299 3485 nub

69 3530 197 3584 latentes
213 3529 344 3598 dubites,
368 3532 527 3599 quoniam,
545 3534 606 3587 Deo
618 3546 680 3598 pro
702 3531 789 3587 nobis
814 3534 931 3600 opunte,
951 3531 1058 3586 omnia
1083 3531 1118 3584 in
1135 3531 1298 3586 contraria

61 3631 197 3697 praemi·
215 3630 393 3699 opinionem
404 3631 592 3686 ·Solimanni
607 3633 729 3687 cedant.
751 3633 830 3686 Ante
849 3631 979 3685 ruinam
999 3632 1164 3685 exaltatur
1183 3644 1256 3699 cor;
1270 3632 1301 3686 et

68 3730 152 3799 quod
173 3729 230 3784 tibi
245 3730 449 3800 minitantur,
462 3730 573 3787 cadent
595 3731 630 3785 in
649 3733 794 3799 loqueum
812 3742 904 3798 quem
921 3730 1061 3785 tendunt.
1077 3731 1301 3798 Quipraedori

67 3828 208 3896 veniunt,
217 3830 340 3897 praeda
361 3833 455 3884 erunt
465 3848 474 3898 ,·
486 3830 631 3884 emittent
639 3831 775 3898 propria
792 3830 850 3898 qni
869 3829 1036 3884 intericiunt
1046 3841 1161 3896 rapere
1178 3830 1299 3885 dimna.

18 3928 50 3982 ii
67 3928 203 3997 Franpit
214 3929 296 3983 Deus
315 3943 404 3984 omne
414 3930 590 3998 superbum,
596 3931 745 3998 justoque
765 3929 820 3983 Dei
825 3929 949 3995 judicio
960 3928 1073 3983 cadent
1087 3927 1122 3982 in
1133 3932 1298 3997 conspectu

69 4031 124 4082 tua
132 4028 251 4096 pndio.
264 4029 343 4097 Non,
356 4032 392 4082 ut
402 4028 604 4098 minitantur,
618 4030 682 4097 ipsi
694 4032 758 4097 tua,
772 4030 826 4083 sed
839 4031 873 4082 tu
885 4028 1014 4082 iliorum
1025 4028 1215 4083 munitiones
1229 4042 1298 4097 pos·

68 4126 202 4195 eidebis,·
213 4129 398 4196 meliorique
413 4131 522 4184 eventu
534 4142 628 4196 quam
634 4130 790 4197 polliceor
801 4127 968 4182 cannabis.

104 4227 156 4280 16.
175 4226 258 4294 igitur
267 4227 423 4292 danisman,
434 4227 463 4280 iu
472 4228 586 4281 summis
595 4228 653 4280 suis
662 4226 792 4293 periculis
804 4227 854 4279 hae
865 4240 913 4292 spe
922 4226 1101 4294 exhilaratus,
1114 4230 1300 4279 mensuratam

68 4327 216 4394 pecuniam
237 4339 287 4394 pro
308 4325 547 4394 redemptionem
568 4328 620 4393 ipsi
642 4326 792 4380 boimundo
814 4327 923 4393 placuit,
945 4327 1068 4393 quinque
1091 4327 1195 4380 scilicet
1215 4327 1300 4380 millia

1353 2924 1365 2951 ⁴
1376 2925 1432 2979 ric.

17 4427 52 4479 to
67 4426 268 4493 byzantiorum,
290 4426 446 4491 paciscitur,
459 4430 487 4478 et
506 4426 589 4478 stiam
601 4431 632 4478 ut
644 4438 742 4478 aurum
762 4423 835 4476 istud
857 4424 960 4490 absque
981 4437 1080 4492 magno
1093 4426 1134 4477 sui
1156 4424 1299 4491 dispendio
1391 4482 1394 4489 ,

66 4525 225 4592 acquireret
237 4523 389 4590 pollicetur.
403 4525 435 4575 tt
451 4536 524 4577 uxor
534 4525 722 4592 bauismauui,
735 4527 789 4576 tam
803 4522 949 4575 Boimuudi
961 4535 1042 4590 quam
1063 4523 1155 4577 mariti
1167 4521 1298 4576 fidissima

65 4624 250 4691 consiliatrix,
260 4623 385 4678 consulta
401 4621 576 4679 aboimuudo
586 4623 653 4690 quid
662 4623 697 4678 ue
706 4622 863 4690 hujusmodi
873 4623 1007 4689 pecuniae
1017 4623 1144 4690 pactione
1152 4628 1295 4679 censeret:
