3316 5482
227 351 294 418 400
566 366 692 419 cartu.
712 368 814 419 cono.
833 367 1008 420 mnemon.
1027 367 1108 420 nar.

224 533 317 587 civitas
330 536 442 589 Tusciae
453 547 524 603 quae
535 541 648 590 vocatur
658 539 766 591 Lucana
781 533 808 589 ⁸:
822 536 856 590 ad
869 550 962 604 quam,
975 536 1041 590 dum
1053 540 1181 604 pergeret
1192 538 1316 603 Romam,
1335 536 1428 604 bospitio

223 633 349 700 peruenit
361 636 382 687 ⁸.
395 636 453 699 Quo
472 634 572 688 mulier
589 635 724 702 quaedam
741 644 857 689 'caecum
879 635 966 688 tilium
986 633 1136 700 adducens,
1156 647 1257 702 aquam
1278 636 1313 689 de
1325 634 1429 689 manbrs

222 733 281 799 eJus
293 734 455 800 postulabat.
468 736 552 799 Quam
565 734 611 788 ille
624 733 751 801 protinus
763 733 774 793 ⁸,
787 747 943 800 exsecrans,
965 734 1094 788 recedere
1115 734 1213 801 coegit.
1233 733 1302 789 lnde
1313 747 1376 789 rero
1386 745 1430 802 pro

221 833 319 899 tectus,
333 839 458 889 metuens
470 848 506 888 ne
520 834 598 888 illum
610 835 621 862 ⁸
635 835 734 889 mulier
753 840 864 903 propter
885 847 984 902 aquam
998 832 1007 859 ⁸
1030 838 1202 902 sequeretur,
1215 834 1429 902 quandocumque

222 933 337 999 lavabat,
351 947 451 1002 aquam
463 934 579 988 faciebat
589 934 667 989 tundi
680 936 709 989 in
721 939 832 989 terram.
844 935 896 989 Sed
908 934 1017 1001 mulier,
1029 947 1045 988 a
1056 934 1137 1002 longe
1148 938 1254 999 secuta,
1267 934 1378 989 tandem
1387 935 1431 1001 ipso
1444 933 1457 985 t

220 1033 360 1086 nesciente
372 1046 471 1101 aquam
483 1034 645 1101 impetravit,
658 1033 693 1088 de
706 1047 761 1101 qua
774 1033 847 1087 tilius
859 1035 919 1100 ejus
927 1033 1021 1087 lumen
1033 1032 1154 1100 recepit;
1168 1045 1254 1100 quem
1266 1032 1433 1087 redeuntibus

82 1142 168 1197 ·00a,
222 1132 378 1186 ltomomeis
389 1131 526 1188 videntem
538 1133 668 1188 ostendit.
683 1136 737 1188 lloc
745 1139 886 1200 praeterea
897 1134 906 1152 '
916 1146 998 1200 saepe
1007 1136 1035 1185 et
1046 1133 1075 1185 in
1087 1132 1148 1185 aliis
1159 1138 1271 1200 gestum
1280 1137 1332 1199 est,
1345 1133 1435 1187 sicutet

46 1214 198 1329 Ρὲἓῐέῗὲῗ
224 1230 260 1285 de
271 1231 390 1299 quadam
401 1234 461 1300 ejus
475 1233 573 1286 ancilla
583 1234 704 1301 contigit,
715 1246 785 1301 quae
798 1233 827 1286 in
836 1233 951 1287 ecelesia
963 1233 1049 1300 ipsius
1062 1244 1118 1286 non
1130 1231 1211 1300 longe
1223 1233 1259 1286 ab
1271 1232 1438 1298 munliacol·

58 1341 123 1394 pum
130 1339 186 1395 boe
220 1327 312 1382 lumen
325 1331 428 1397 recepit
440 1329 461 1383 ⁸.
481 1331 535 1385 Sed
556 1338 622 1385 tuuc
636 1331 748 1399 quidem
759 1330 941 1398 deprehendit
960 1330 1029 1384 ille⁸
1050 1331 1209 1383 ministrum
1227 1343 1321 1398 suurn,
1340 1330 1440 1386 nomine

40 1403 204 1528 famil?
221 1428 393 1496 llatbaldum‚
406 1430 453 1497 qui
464 1442 564 1497 aquam
576 1428 706 1496 dederat;
720 1444 803 1498 quem
824 1431 948 1498 protinus
962 1443 978 1483 a
998 1443 1027 1483 se
1048 1430 1136 1496 ejecit.
1150 1431 1219 1482 cum
1240 1434 1336 1483 tamen
1347 1430 1440 1484 nobilis
1453 1428 1476 1481 m

134 1580 142 1597 ,
184 1512 192 1528 ’
221 1527 263 1582 vir
273 1528 331 1582 ltbo
342 1530 479 1584 seniorem
492 1530 655 1597 deprecatus
667 1535 708 1584 est
719 1534 750 1584 ut
761 1532 878 1598 ejectum
890 1532 1034 1597 reciperet,
1048 1527 1238 1583 ratiocinando
1250 1529 1379 1584 videlicet
1390 1542 1445 1584 cum

219 1629 387 1682 conveniens
399 1635 481 1697 atque
492 1629 588 1683 dicens
600 1631 664 1697 quia
677 1631 792 1684 tortasse
802 1644 851 1696 per
863 1630 1038 1684 indiscretam
1060 1628 1239 1682 bumilitatem
1259 1630 1349 1696 magis
1360 1642 1446 1696 pecca·

218 1732 261 1781 ret
273 1741 336 1782 cum
349 1727 440 1782 datam
453 1729 505 1782 sibi
527 1734 637 1796 propter
658 1728 781 1784 infirmos
794 1729 817 1757 ¹⁸
839 1730 953 1798 qratiam
976 1728 1081 1783 eisdem
1103 1727 1220 1781 infirmis
1239 1740 1302 1781 eam
1322 1734 1447 1797 negarem

217 1829 364 1881 convenire
376 1828 465 1894 potius
477 1834 516 1895 ut,
530 1828 640 1896 quando
653 1829 736 1883 miser
747 1829 846 1897 aliquis
859 1830 1040 1883 ammonitum
1051 1841 1081 1882 sc
1090 1831 1214 1894 testatur,
1233 1826 1263 1880 in
1276 1828 1324 1881 bei
1335 1827 1448 1896 disposi-

216 1926 321 1980 tionem
332 1939 442 1981 causam
455 1929 613 1994 dimitteret,
626 1929 745 1982 maxime
758 1929 888 1997 quiajam
901 1929 1044 1996 probatum
1054 1931 1126 1981 esset
1136 1927 1212 1994 quod
1224 1939 1275 1994 per
1285 1940 1351 1981 eum
1360 1926 1449 1981 diviua
1462 1924 1487 1978 lt

216 2027 303 2094 gratia
315 2027 335 2053 ¹¹
350 2027 507 2095 plerosque,
521 2028 584 2081 licet
596 2026 617 2054 ¹¹
631 2029 690 2096 ipso
699 2029 849 2098 nesciente,
860 2033 978 2082 sanaret.
991 2027 1038 2082 Vir
1050 2029 1157 2082 bomini
1170 2026 1193 2054 ⁸⁸
1202 2025 1338 2082 Geraldus
1348 2032 1448 2093 tamen,

216 2126 283 2180 llaec
295 2127 419 2193 audiens,
442 2127 524 2180 llebat
544 2132 626 2196 atque
648 2128 759 2183 dicebat
770 2129 834 2196 quia
855 2129 925 2183 torte
943 2129 1033 2183 illusio
1055 2128 1192 2182 diabolica
1213 2127 1236 2154 ⁸⁸
1248 2126 1340 2193 potius
1361 2124 1448 2192 ⁸⁸est,

213 2230 295 2293 atque
308 2225 331 2252 ¹⁸
343 2227 470 2293 decipere
482 2241 512 2281 se
532 2228 623 2294 vellet,
643 2233 675 2281 ut
695 2229 718 2280 si
741 2229 845 2283 bonum
864 2227 976 2297 aliquod
992 2229 1014 2257 ¹⁷
1033 2228 1139 2295 iecerit,
1157 2227 1209 2282 sub
1231 2227 1284 2281 bac
1304 2226 1448 2280 occasione

213 2324 363 2392 deperiret.

246 2425 297 2479 12.
310 2426 400 2479 sancti
411 2426 550 2480 Laurentii
563 2425 771 2480 sollemnitatem
784 2427 813 2480 in
822 2427 978 2495 supradicta
990 2427 1093 2494 capella
1103 2428 1184 2480 cum⁸
1199 2425 1368 2491 celebrabat,
1378 2424 1448 2477 inter
1462 2423 1487 2476 m

209 2527 316 2577 ceteros
328 2529 429 2589 numm,
442 2525 488 2591 qui
501 2525 536 2579 ad
549 2524 642 2578 diem*
656 2525 756 2578 testum
773 2530 970 2593 convenerant,
988 2526 1124 2594 quaedam
1142 2524 1323 2579 daemoniaca
1341 2521 1440 2576 mulier

209 2623 312 2677 aderat.
325 2625 398 2688 Quae
411 2624 588 2677 scilicetcum
607 2626 734 2678 atrociter
752 2630 906 2691 vexaretur,
929 2627 1061 2694 rogabant
1082 2606 1224 2680 adstantes
1250 2623 1394 2679 seniorem
1416 2626 1443 2674 ut

209 2734 269 2775 eam
281 2722 464 2778 benediceret.
481 2724 557 2788 Quod
569 2736 633 2777 cum
644 2723 690 2777 ille
703 2723 820 2791 fecisset,
834 2726 925 2778 statim
937 2725 1037 2779 mulier
1055 2728 1077 2792 ⁸,
1090 2726 1176 2792 ejecto
1188 2722 1338 2788 daemone,
1351 2725 1444 2775 sanata

211 2825 263 2875 esi.

248 2919 299 2973 1³.
313 2920 445 2988 pergebat
453 2920 601 2988 aliquando
621 2924 744 2976 ltomam.
767 2922 903 2976 Veniens¹
918 2928 1010 2977 autem
1021 2920 1032 2948 ⁸
1045 2922 1079 2976 ad
1094 2922 1231 2976 civitatem
1243 2931 1317 2988 quae
1330 2922 1441 2972 vocatur
1455 2918 1484 2970 23

209 3021 272 3072 Asta
282 3017 302 3082 ⁸,
315 3019 411 3073 domos
424 3019 599 3073 ecclesiarum
622 3021 811 3087 perlustrabat.
834 3023 946 3075 lnterim
958 3036 1024 3077 vero
1037 3022 1106 3076 duos
1118 3022 1223 3087 exejus
1235 3019 1382 3088 sagmariis
1394 3017 1439 3070 tur

210 3119 321 3185 quidam
333 3119 474 3186 surripuit.
495 3119 545 3184 Qui
559 3120 672 3173 veniens
692 3121 726 3173 ad
747 3121 885 3187 quendam
907 3121 1034 3187 rivulum,
1057 3133 1153 3189 cogere
1173 3132 1221 3173 eos
1241 3131 1299 3171 nom
1312 3117 1442 3184 potuitut

211 3217 268 3271 ullo
280 3217 362 3271 modo
375 3217 493 3271 rivulum
505 3219 669 3272 transissent
678 3220 698 3287 ⁸,
712 3233 856 3287 quousque
868 3222 902 3274 ab
919 3219 1178 3275 bominibusdomni
1195 3217 1304 3274 Geraldi
1319 3228 1442 3283 compre·

208 3319 311 3371 bensus
323 3323 374 3372 est.
389 3319 439 3382 Qui
451 3317 471 3384 ⁸,
485 3319 602 3386 receptis
614 3320 765 3387 sagmariis,
779 3319 849 3373 nihil
861 3321 949 3374 iurem
963 3321 1049 3374 laesit.

241 3418 291 3471 14.
304 3417 417 3482 Quidam
431 3416 556 3470 infirmus
569 3418 597 3470 in
610 3418 713 3483 patria⁴
729 3421 789 3484 ejus
801 3418 811 3445 ¹
824 3426 1009 3484 remanserat;
1021 3420 1098 3487 cuius
1110 3432 1204 3473 vocem
1218 3418 1246 3472 in
1257 3429 1324 3472 aera
1334 3415 1443 3470 audivit
1458 3413 1487 3465 bd

207 3514 344 3569 dicentem
357 3516 381 3569 ei
392 3513 402 3539 ⁸
414 3515 488 3582 quod
500 3517 597 3570 obiret.
610 3521 695 3581 Quam
707 3531 802 3571 vocem
811 3519 858 3571 ille
870 3531 1079 3586 recognoscens,
1093 3516 1235 3585 requisivit
1247 3529 1315 3570 suos
1326 3515 1441 3584 quidde

206 3614 381 3680 Ragabaldo⁴
396 3620 510 3668 nossent
523 3631 529 3668 :
541 3615 580 3668 sic
592 3616 665 3668 onim
684 3616 831 3669 vocabatur
850 3615 984 3670 infirmus.
1006 3619 1038 3669 dt
1056 3617 1117 3669 illi:
1141 3616 1281 3681 Quando,
1295 3616 1440 3684 inquiunt,

206 3713 339 3782 domine,
353 3713 408 3770 boc
417 3715 478 3769 iter
490 3715 630 3782 appresto·
639 3717 836 3784 smmtts,jam
853 3716 910 3770 ille
929 3716 1119 3785 aeprotabat.
1135 3718 1203 3769 Tum
1216 3717 1321 3782 senior,
1335 3716 1441 3771 voeatis

204 3958 237 3970 -
250 3929 260 3956 ⁸
272 3932 308 3995 (v.
322 3931 362 3994 l..)
373 3932 402 3982 L.
424 3929 524 3983 dicitur
536 3933 561 3996 1,
579 3934 604 3984 3.
619 3958 650 3973 ·-
663 3932 794 3985 ⁸devenit
806 3933 832 3997 1,
848 3937 873 3986 3.
887 3961 917 3971 -
931 3932 940 3958 ⁸
953 3932 1080 3998 primitus
1092 3937 1117 3985 δ.
1130 3960 1163 3972 -
1175 3930 1185 3956 ⁸
1199 3946 1229 3986 se
1240 3934 1266 3985 2.
1281 3961 1312 3972 -
1326 3931 1336 3958 ⁸
1350 3936 1389 4000 (p.
1403 3936 1439 3998 a.)

204 4016 301 4079 07111,
317 4017 344 4066 3.
357 4041 388 4052 -
408 4012 417 4038 ⁸
432 4015 524 4080 (quem
537 4013 840 4081 redeuntibus-recepit)
858 4028 916 4068 mm.
930 4017 955 4080 1,
969 4020 994 4068 5.
1007 4043 1040 4053 -
1054 4015 1133 4070 ὀνκ.
1156 4020 1182 4069 3.
1196 4045 1227 4055 -
1246 4015 1269 4043 ⁸⁸
1285 4017 1322 4082 (p.
1342 4017 1373 4081 i.)
1390 4030 1439 4083 pro

204 4094 319 4148 infirmis
331 4099 355 4147 b.
370 4122 402 4132 -
414 4094 434 4120 ⁸¹
449 4106 507 4148 om.
519 4096 543 4147 1.
557 4122 589 4133 -
601 4094 623 4121 “
636 4108 694 4148 om.
709 4098 733 4149 l.
747 4125 779 4135 -
790 4095 813 4121 ⁸⁸
824 4098 864 4165 (v.
879 4096 920 4162 ll.)
932 4109 991 4151 om.
1004 4098 1030 4164 2,
1043 4101 1108 4150 1.-
1120 4097 1143 4124 ¹⁸
1156 4098 1186 4162 (i.
1199 4096 1238 4165 d.)
1250 4098 1279 4151 d.
1293 4100 1312 4150 i.
1325 4100 1353 4165 2,
1366 4102 1393 4152 3.
1408 4127 1438 4138 -

207 4177 230 4204 ¹⁸
243 4190 301 4232 om.
313 4179 339 4242 1,
351 4179 377 4230 3.
390 4204 423 4214 -
436 4175 459 4203 ⁸⁸
472 4181 556 4244 utque
572 4180 598 4243 1,
609 4182 633 4231 3.
646 4206 680 4217 -
690 4177 712 4204 ⁸⁸
725 4179 828 4247 aliquid
842 4182 866 4247 2,
879 4182 905 4232 ὅ.

235 4262 328 4312 Num.
343 4260 528 4313 12.-⁴om.
543 4261 923 4326 2‚5.—⁸om.l.-³om.
938 4266 962 4317 Ξ.

236 4342 440 4394 Num.18.-
461 4342 627 4396 ⁸Venientes
647 4346 673 4408 1,
695 4348 720 4397 5.
732 4372 766 4383 -
777 4344 787 4370 ¹
798 4358 856 4398 om.
870 4348 895 4398 1.
911 4346 965 4384 -⁸
984 4348 1076 4400 ustam
1096 4349 1121 4400 1.
1144 4375 1176 4386 -
1195 4347 1435 4416 ‘tongere-trans.)

203 4425 316 4477 minime
328 4424 444 4476 transire
457 4424 533 4476 licuit
544 4426 569 4490 2,
584 4426 698 4478 transire
712 4440 767 4480 non
780 4428 867 4493 potuit
879 4431 904 4480 t.
918 4456 950 4465 -
964 4425 973 4450 ⁸
986 4441 1045 4481 om.
1061 4431 1084 4480 l.

236 4509 329 4561 Num.
347 4507 399 4561 14.
412 4535 444 4544 -
457 4507 464 4533 ¹
477 4506 630 4571 pantana.
643 4537 676 4546 -
688 4507 698 4532 ⁸
708 4522 766 4562 om.
781 4511 806 4577 Ξ,
828 4513 853 4562 5.
875 4538 909 4549 -
922 4512 931 4539 ⁸
947 4523 1006 4564 om.
1020 4512 1046 4578 1,
1059 4514 1085 4565 5.
1099 4539 1132 4550 -
1150 4510 1160 4537 ⁸
1175 4512 1292 4567 lnbaldo
1304 4516 1331 4582 2,
1342 4515 1430 4568 Raim-

203 4589 284 4644 baldo
298 4593 323 4644 ὅ.
