3316 5482
450 355 545 408 sunu.
564 353 647 405 nur.
666 351 783 403 raum.
800 369 847 381 -
862 348 1016 400 arruns.
1035 348 1082 398 ab
1098 346 1177 397 con.
1196 343 1271 394 5³15.
1417 326 1476 392 llll

284 523 446 581 demanimam
468 523 616 579 audientis.
629 522 798 577 clericomm
809 519 933 574 omnium
957 518 994 572 ita
1007 530 1100 571 curam
1118 517 1230 585 gerebat
1241 519 1271 568 ut
1292 513 1406 567 clericos
1419 525 1483 580 pau·

283 637 342 690 peres
350 640 409 695 quos
422 626 538 680 vidisset
551 623 683 678 diuitibus
704 621 830 686 sociaret,
843 624 874 673 ut
895 617 1047 672 secundum
1068 616 1227 683 Apostolum
1241 615 1340 668 borum
1361 613 1482 678 inopiam

282 721 366 779 illorum
381 723 550 779 abundantia
561 722 727 776 sublevaret.
741 720 884 773 laicorum
895 731 961 772 cura
974 718 1010 770 ita
1023 717 1063 770 illi
1075 721 1135 770 erat
1145 721 1176 768 ut
1196 716 1219 767 si
1231 715 1339 781 aliquos
1352 714 1483 766 intereos

281 822 389 880 studiosos
405 825 505 893 inlege
526 822 634 880 bomini
658 821 835 889 repperisset,
857 819 943 872 nimia
963 818 1144 871 admiratione
1165 816 1293 884 diligeret
1316 818 1343 867 et
1360 814 1417 867 suis
1435 827 1482 868 cos

258 920 271 972 t
283 924 382 979 amicitiis
392 925 544 992 copularet.
558 923 726 977 iudaeorum
739 933 805 974 vero
817 921 853 972 ita
874 918 915 971 illi
927 931 993 971 cura
1014 922 1081 982 erat,
1095 917 1178 969 immo
1199 916 1280 969 etiam
1299 927 1368 982 quos
1388 915 1482 980 opinio

278 1018 394 1092 bombat,
404 1029 434 1078 ut
442 1022 591 1078 comedens
600 1027 627 1076 et
638 1021 738 1076 bibens
750 1033 812 1073 cum
823 1020 873 1085 eis,
884 1017 1031 1071 etmonltis
1043 1016 1170 1070 dulcibus
1183 1014 1336 1067 amaritudo
1345 1014 1374 1066 in
1385 1026 1481 1066 corum

276 1121 338 1176 mixta
346 1125 465 1178 moribus
474 1122 645 1185 obdulearet
656 1126 684 1175 et
695 1120 730 1173 ad
740 1119 822 1172 iidem
834 1119 932 1172 christi
942 1118 1076 1184 plurimos
1085 1129 1119 1169 ert
1129 1116 1162 1168 iis
1170 1120 1345 1181 convertens,
1353 1115 1481 1181 baptismi

274 1221 364 1285 iudam
382 1220 633 1288 consequebantur,
647 1226 675 1272 et
696 1219 780 1272 elatos
793 1217 921 1283 superbia
933 1216 1041 1269 Clrrlsto
1061 1214 1181 1268 humiles
1203 1214 1329 1267 iaciebat.
1342 1215 1476 1267 lldlereus

272 1318 456 1384 pharisaeorum
465 1319 667 1373 accusationem
680 1318 709 1371 iu
719 1316 851 1384 medium,
862 1329 917 1384 qua
929 1315 1076 1387 culpabant
1090 1315 1237 1366 bominum
1249 1327 1312 1366 cum
1325 1313 1479 1380 publicanis

240 1410 261 1463 li
272 1420 292 1469 ct
300 1419 483 1485 peecatoribus
496 1416 707 1471 manducantem
719 1423 802 1484 atquc
811 1416 960 1483 bibentem,
976 1419 1002 1466 et
1013 1411 1095 1466 simul
1108 1413 1253 1466 bominum
1266 1413 1480 1479 respondentem

265 1518 428 1584 memorabat,
446 1516 542 1571 dicens
566 1530 573 1568 :
595 1516 665 1569 Non
684 1515 826 1582 inciperet
841 1514 896 1582 qui
913 1511 988 1567 sani
1005 1514 1080 1565 sunt
1103 1510 1233 1578 medico,
1251 1510 1305 1566 sed
1325 1511 1381 1578 qui
1396 1512 1480 1566 male

260 1607 368 1685 dolent,
382 1619 410 1668 et
423 1614 509 1668 :Non
521 1612 593 1666 oeni
603 1614 834 1680 vocorejustos,
846 1612 901 1666 sed
908 1614 1089 1680 peccatores
1102 1610 1145 1665 ad
1152 1610 1393 1678 poenitentiam.

281 1714 357 1767 beet
367 1714 427 1765 111.
446 1710 523 1766 Unde
536 1715 564 1764 et
576 1716 719 1764 accusatus
735 1711 806 1777 apud
828 1709 1055 1776 [Ch]ildebertum
1067 1722 1159 1777 regem
1178 1712 1342 1762 Francorum
1356 1722 1388 1762 eo
1405 1710 1480 1776 quod

251 1812 620 1868 cumludaeisetsarracenis
630 1810 788 1864 comederet
796 1815 823 1863 et
832 1811 938 1864 biberet
947 1817 975 1863 et
984 1823 1101 1863 munera
1110 1810 1150 1862 eis
1159 1807 1285 1862 donaret.
1295 1810 1371 1862 'lunc
1380 1810 1480 1862 timens

213 1899 234 1953 ¹⁵
246 1913 382 1975 praelatus
393 1925 442 1965 rex
454 1923 490 1963 ue
502 1911 624 1977 aliquam
636 1909 762 1963 fraudem
780 1914 876 1962 contra
888 1910 978 1976 ipsum
991 1909 1147 1974 moliretur,
1161 1908 1280 1961 Parisius
1293 1921 1357 1961 eum
1370 1909 1480 1962 civitate

244 2008 275 2066 in
286 2011 438 2066 Franciain
448 2009 561 2063 erilium
571 2009 639 2061 mitti
649 2009 807 2075 praecepit;
822 2009 915 2075 ibique
925 2021 974 2073 per
987 2013 1042 2060 tres
1054 2021 1144 2060 anuos
1152 2008 1182 2060 in
1191 2007 1303 2060 exilium
1313 2007 1374 2060 luit.
1387 2009 1480 2075 ltaque

242 2109 366 2165 Parisius
374 2110 475 2161 missus
484 2107 607 2160 exilioau
615 2107 722 2160 uirtutis
730 2113 918 2174 augmentum,
928 2107 1029 2174 gratias
1038 2107 1102 2175 agit,
1110 2107 1157 2173 qui
1167 2112 1359 2174 quantumpro
1366 2107 1478 2161 nomine

239 2210 346 2263 coristi
359 2208 469 2276 longius
480 2205 639 2260 discedebat
648 2206 683 2260 de
695 2206 753 2260 solo
766 2208 887 2273 proprio,
902 2210 1009 2260 tantum
1021 2207 1178 2260 merebatur
1190 2206 1249 2261 fieri
1264 2207 1379 2260 vicinior
1391 2207 1476 2260 caelo.

237 2309 370 2376 Quadam
380 2321 447 2362 uero
459 2306 505 2362 die
516 2313 593 2361 sexta
614 2307 691 2374 leria,
704 2309 771 2361 liora
784 2307 839 2361 diei
861 2308 950 2372 tertia,
963 2308 1030 2360 dum
1041 2320 1135 2362 coram
1156 2307 1277 2374 praelato
1290 2319 1354 2374 rege
1375 2307 1479 2373 positus

188 2397 216 2450 ἵ)
235 2409 376 2473 adstaret,
389 2407 518 2475 coguovit
527 2406 629 2473 spiritu
641 2413 734 2460 sancto
744 2407 796 2460 sibi
807 2407 944 2460 revelante
956 2406 1031 2473 quod
1044 2406 1186 2460 ecclesiam
1198 2420 1280 2474 quam
1290 2411 1480 2459 construxerat

235 2507 343 2563 Ucetia
353 2509 459 2574 positus
469 2508 498 2560 iu
511 2507 616 2560 bonore
625 2507 740 2573 apostoli
750 2507 825 2560 Fauii
837 2507 905 2560 miro
915 2520 998 2574 opere
1004 2509 1062 2575 (per
1070 2513 1126 2561 tres
1134 2507 1247 2574 quidem
1256 2520 1345 2561 annos
1354 2508 1383 2559 in
1393 2508 1479 2574 ipsius

234 2606 453 2661 constructione
474 2605 594 2658 fabricae
605 2611 755 2671 occupatus
775 2606 835 2675 luit,
853 2606 934 2660 tertio
955 2620 1028 2660 anno
1050 2610 1104 2660 lieo
1125 2606 1232 2660 laurente
1252 2605 1384 2674 perfecit),
1398 2619 1478 2659 arcus

235 2705 374 2775 ejusdem
386 2704 519 2758 ecclesiae
531 2702 674 2757 cecidisset
687 2720 694 2755 :
708 2704 782 2757 uude
794 2708 823 2759 el
835 2711 955 2758 maestus
967 2706 1054 2759 iactus
1065 2707 1241 2759 contristatus
1254 2711 1304 2760 est.

276 2806 370 2858 Loci.
383 2805 457 2858 1111.
468 2806 581 2870 Propter
590 2805 661 2858 lianc
670 2804 864 2857 revelationem
877 2804 944 2857 vidit
954 2818 1017 2859 eum
1028 2818 1076 2858 rex
1086 2805 1191 2858 tristem
1202 2811 1229 2859 ct
1239 2805 1380 2872 inquirere
1389 2804 1479 2869 coepit

187 2890 213 2943 Β
234 2904 310 2972 quid
324 2904 442 2957 liaberet
452 2903 496 2957 uel
508 2916 558 2956 cur
579 2902 665 2956 tristis
676 2909 770 2958 staret.
784 2905 831 2957 cui
845 2904 940 2958 beatus
963 2905 1107 2959 Ferreolus
1119 2906 1187 2958 dixit
1205 2921 1212 2958 ι
1231 2905 1370 2959 Ecclesia
1383 2917 1477 2972 quam

232 3002 411 3058 omniruaei
423 3000 574 3056 urceolam
583 3001 697 3056 bonore
706 3002 889 3057 beatiPauli
897 3004 1041 3072 apostoli,
1052 3004 1105 3057 ubi
1111 3017 1224 3071 corpus
1233 3017 1336 3058 meum
1345 3003 1478 3057 humare

232 3115 442 3173 ropaoerom,
455 3103 545 3156 modo
556 3103 693 3168 eiusdem
706 3116 801 3157 arcere
810 3105 959 3158 ecclesiae
971 3105 1091 3159 cecidit.
1105 3109 1162 3170 Quo
1174 3106 1278 3170 audito,
1291 3119 1337 3159 rex
1349 3106 1476 3170 obstupe·

233 3201 334 3256 factus
356 3202 495 3268 simulque
515 3201 687 3267 ammiratus,
709 3204 841 3256 accersito
864 3205 970 3257 notario
989 3203 1073 3269 diem,
1087 3212 1195 3271 tompus
1216 3206 1367 3272 horamque
1389 3206 1477 3257 notari

233 3301 397 3368 praecepit,
408 3305 490 3367 atque
502 3301 552 3353 sub
564 3301 639 3354 omui
648 3301 785 3354 celeritate
797 3303 923 3355 ilceciam
933 3303 1054 3368 mittens,
1063 3302 1208 3370 diligenter
1217 3303 1319 3370 inquiri
1329 3304 1475 3370 praecepit.

187 3386 212 3439 ’ὓ
235 3402 294 3466 Qui
309 3401 370 3466 ipsa
386 3399 432 3452 die
445 3405 473 3452 et
488 3399 586 3453 eodem
603 3407 726 3466 tempore
739 3402 860 3467 horaque
882 3404 1002 3469 repperit
1022 3403 1155 3456 ecclesiae
1171 3416 1264 3456 arcum
1277 3404 1389 3457 ilceciae
1409 3403 1476 3456 oeci·

233 3499 321 3553 disse
340 3512 397 3567 qua
409 3500 451 3552 uir
468 3500 576 3552 llomini
588 3500 685 3553 beatus
707 3501 848 3554 Ferreolus
869 3502 1016 3567 episcopus
1028 3503 1149 3556 Parisius
1170 3504 1274 3569 positus
1287 3517 1335 3570 per
1347 3504 1476 3569 Spiritum

233 3605 374 3654 sencmm
387 3611 417 3650 se
437 3600 612 3666 cognovisse‘
624 3604 737 3652 testatus
759 3607 809 3652 est.
829 3603 905 3653 Tunc
926 3601 1063 3666 praelatus
1084 3615 1142 3669 rex,
1156 3608 1186 3655 ut
1206 3602 1331 3671 cognouit
1352 3604 1415 3669 quia
1435 3604 1477 3657 vir
1531 3608 1619 3663 ὀοα.

235 3698 290 3752 liei
311 3703 398 3763 esset,
416 3699 585 3752 orationibus
602 3701 661 3766 ejus
678 3713 708 3752 se
728 3701 934 3765 commendans,
955 3708 1030 3769 rogat
1047 3708 1077 3755 ut
1098 3716 1146 3769 pro
1168 3716 1197 3756 se
1217 3705 1328 3770 suisque
1348 3705 1476 3758 omnibus
1492 3676 1651 3744 ⁰⁰⁸¹¹⁰Vi⁵⁵⁰

235 3797 365 3852 Domino
386 3810 482 3864 prcccs
502 3797 617 3851 tundere
637 3799 805 3867 dignaretur,
826 3807 908 3867 atque
929 3803 1021 3855 multis
1041 3816 1103 3856 euni
1128 3805 1288 3858 muneribus
1299 3805 1400 3870 ditans,
1413 3819 1475 3859 cunr

187 3880 211 3933 ἢ
236 3907 347 3965 magno
360 3896 466 3948 bonore
484 3901 512 3949 et
524 3897 615 3950 multis
636 3899 734 3965 opibus
748 3900 853 3952 remisit
864 3913 927 3953 eum
940 3900 973 3953 ad
987 3901 1080 3954 sedem
1099 3915 1186 3956 suurn.
1201 3906 1220 3956 0
1238 3916 1301 3956 rere
1313 3905 1354 3957 uir
1370 3905 1474 3969 beatus,

234 3992 344 4063 inquo
362 3994 442 4048 dolus
454 4009 510 4049 non
528 3996 589 4063 ruit,
603 3999 741 4051 nemiuem
754 3998 899 4064 damnans,
919 4001 1056 4053 neminem
1069 4001 1206 4070 judicans
1222 4001 1289 4054 nulli
1311 4004 1413 4056 malum
1426 4016 1475 4070 pro

234 4096 319 4149 malo
331 4095 460 4149 reddens
474 4099 626 4164 Numquam
639 4099 668 4150 in
681 4099 754 4152 illius
767 4113 815 4152 ore
828 4100 881 4152 nisi
892 4102 1023 4167 Christus,
1038 4115 1188 4169 numquam
1202 4103 1230 4154 in
1242 4103 1315 4156 illius
1327 4103 1410 4157 corde
1423 4104 1475 4157 nisi

236 4195 345 4258 pletas,
359 4195 411 4247 nisi
424 4208 488 4262 pax,
504 4196 556 4248 nisi
569 4198 754 4252 misericordia
768 4204 835 4252 erat.

279 4296 368 4347 beot.
380 4296 419 4347 V.
433 4298 499 4348 Cum
511 4297 545 4349 de
557 4298 638 4351 exilio
659 4311 798 4365 regressus
811 4300 935 4353 introiret
948 4303 1072 4354 llceeiam
1090 4303 1252 4361 civitatens,
1264 4315 1371 4356 summo
1385 4303 1477 4356 favore
1494 4303 1503 4324 ·
1517 4300 1564 4354 ita
1579 4313 1652 4356 corr

187 4380 217 4432 ⁴0
240 4392 415 4454 plaudebant
427 4407 523 4448 omnes
532 4396 643 4460 pariter,
654 4409 687 4449 eo
700 4398 774 4463 quod
787 4399 901 4451 ecclesia
914 4401 1061 4465 recepisset
1074 4400 1239 4467 pontificem,
1252 4415 1316 4469 prex
1328 4407 1476 4468 pastorem,
1492 4368 1653 4486 affige&

240 4498 318 4543 etac
330 4493 351 4543 si
364 4506 460 4548 omnes
480 4506 543 4547 cum
557 4496 614 4560 ipso
627 4501 693 4549 tunc
714 4497 848 4550 redissent
872 4498 905 4550 ad
930 4501 1102 4563 patriamne
1125 4501 1184 4552 sine
1200 4501 1247 4554 illo
1266 4501 1359 4553 exules
1377 4501 1476 4555 fuisso·
1517 4498 1629 4576 'priua

243 4585 394 4644 dedebant.
419 4594 587 4661 congregato
609 4594 701 4660 itaquo
715 4594 818 4660 synodo
839 4597 878 4659 [in
901 4597 1026 4662 ecclesia]
1048 4600 1134 4651 sancti
1155 4599 1312 4654 'llicodoriti
1331 4600 1479 4668 multisque
1511 4566 1636 4619 summ·
