3316 5482
219 333 286 400 170
557 346 682 400 aaran.
701 345 804 397 eobo.
823 346 998 399 moroan.
1020 347 1099 400 nar.

216 519 296 568 anua
308 513 337 568 in
351 515 406 581 illa,
419 513 585 569 verecundia
602 520 629 569 et
648 528 747 584 magno
767 528 866 582 pavore
888 517 992 584 repleti,
1005 522 1142 571 venerunt
1161 521 1189 570 et
1208 517 1450 572 cecideruntaute

215 614 300 682 pedes
309 617 377 684 elus,
385 614 566 682 deprecantes
575 616 654 670 illurn
665 621 696 670 ut
707 615 861 684 indulgeret
870 617 909 670 eis
922 617 974 670 boe
985 616 1059 685 quod
1071 620 1239 671 contraeunt
1253 618 1449 684 cogitaverunt

216 727 295 784 agere
306 715 420 781 malum,
430 714 552 770 dicentes
565 731 572 769 ε
583 716 792 783 Peccavimus,
807 715 941 784 dorium,
947 716 1145 783 peccavimus
1161 715 1229 772 tibi.
1241 718 1354 786 Parce,
1367 717 1448 771 obse

215 815 496 885 eramur,peccatis
505 815 630 884 nostris,
640 827 852 883 nepereamus
861 815 897 869 in
905 815 967 882 eis,·
975 815 1051 882 quia
1063 816 1093 870 si
1102 815 1254 870 tcianobic
1262 816 1374 870 statim
1383 829 1447 871 nou

213 914 374 970 subveniat
386 915 613 983 misericordia,
627 917 726 969 morte
737 915 909 969 moriamur
920 927 1025 969 omnes
1036 917 1131 984 mala,
1146 918 1177 970 et
1185 915 1250 984 sitii
1266 915 1372 970 nostri
1384 916 1446 971 etto
1460 917 1477 970 i

215 1013 300 1083 fante
311 1014 456 1084 defletam
464 1027 547 1082 prae
557 1014 674 1082 inopia.
689 1016 805 1069 sanetus
817 1018 908 1068 autem
919 1016 1080 1082 Lanarius,
1092 1017 1159 1068 naec
1174 1015 1299 1081 audiens,
1309 1013 1447 1069 intellexit

215 1120 243 1167 et
254 1127 360 1168 memor
371 1114 422 1168 tuit
434 1126 589 1168 sermonem
609 1114 717 1168 bomini
734 1113 821 1168 nostri
840 1116 905 1167 lesu
923 1114 1020 1167 christi
1043 1114 1072 1167 in
1092 1113 1233 1183 evangelio
1254 1113 1384 1181 dicentis,
1395 1112 1445 1167 ubi

212 1213 251 1267 ait
263 1229 270 1267 :
283 1212 315 1268 Si
325 1225 388 1267 non
399 1213 586 1267 remiseritis
599 1211 773 1268 bominibus
787 1215 921 1281 peccata
939 1225 1056 1282 eorum,
1069 1225 1126 1268 nec
1140 1213 1238 1267 Pater
1255 1215 1358 1267 aester
1374 1225 1440 1268 eae·

216 1310 303 1366 iestis
314 1311 450 1367 dimittet
460 1309 544 1366 uobis
550 1314 683 1380 peccata
699 1314 814 1383 vestra,
827 1318 854 1367 et
866 1327 873 1367 ε
886 1313 919 1368 St
935 1311 1130 1380 dimiseritis,
1143 1311 1321 1365 dimittetur
1336 1311 1442 1379 eodm

215 1411 283 1466 etin
295 1411 580 1478 orationedominica,
593 1412 641 1466 ubi
656 1412 781 1466 illedixit
795 1426 803 1465 :
816 1412 989 1467 utaimita
1007 1411 1095 1466 nobis
1106 1410 1210 1465 debita
1226 1410 1444 1478 austrasiani
1461 1411 1487 1465 n

214 1513 243 1565 et
255 1524 311 1566 aas
322 1511 512 1566 dimittimus
524 1512 713 1567 debitoribus
725 1513 861 1580 nastris,·
874 1517 901 1566 et
912 1512 985 1580 quod
1002 1510 1075 1565 idem
1090 1512 1220 1565 boninus
1231 1513 1311 1566 lesus
1322 1511 1446 1565 Christus

214 1610 318 1664 dimisit
337 1611 446 1679 judaeis
464 1611 687 1680 crucifigentibus
708 1626 782 1680 eum,
800 1611 897 1667 dicens
914 1613 1042 1679 :Putem
1061 1611 1185 1665 dimitte
1205 1610 1283 1679 iilis,
1302 1610 1381 1679 quia
1397 1623 1448 1665 ne·

214 1710 319 1766 sciunt
331 1710 406 1778 qaid
417 1709 553 1779 faciunt.
564 1714 636 1766 llaec
648 1716 739 1767 autem
758 1717 883 1766 scrutans
900 1716 928 1765 et
948 1713 1070 1780 cogitans
1082 1712 1111 1763 in
1124 1711 1207 1765 corde
1224 1723 1285 1778 suo,
1297 1709 1370 1763 dixit
1380 1710 1422 1765 eis
1436 1727 1443 1764 :

219 1810 369 1878 Omiseri,
383 1811 575 1879 confitemini
581 1815 713 1879 peccata
731 1814 848 1881 restra,
859 1815 890 1867 et
906 1815 994 1866 orate
1000 1824 1063 1880 pra
1080 1810 1314 1879 vocameapsis,
1327 1812 1366 1864 ut
1382 1811 1444 1865 sai

215 1910 340 1979 remini,
354 1911 430 1979 quia
441 1910 543 1967 oratio
564 1911 695 1966 assidua
710 1914 831 1980 pnrpat
851 1910 1010 1966 bominum
1026 1914 1168 1979 peccata,
1187 1912 1217 1965 et
1235 1909 1365 1978 cipitata
1381 1910 1446 1964 ieta
1462 1911 1487 1965 li

214 2013 303 2066 tracte
313 2013 343 2065 et
353 2011 499 2066 martina
510 2011 716 2078 disjejunate,
730 2015 842 2066 etcum
854 2010 1009 2079 fratribus
1022 2011 1099 2065 meis
1110 2009 1244 2079 vipiiabo
1260 2008 1444 2077 etjeiunabo

215 2110 369 2165 vobiscum
379 2127 388 2177 ,·
395 2112 505 2178 postea
510 2111 709 2179 praecipiam
720 2110 804 2165 cobis
815 2112 892 2180 quid
904 2124 997 2180 apere
1008 2110 1154 2166 debeatis.
1174 2110 1215 2163 llli
1234 2122 1310 2176 vero,
1322 2110 1445 2163 necessi·

215 2215 269 2264 tate
281 2211 377 2277 coacti,
392 2210 484 2264 omnia
496 2223 568 2277 quae
588 2223 603 2263 a
624 2214 718 2265 sancto
737 2211 872 2266 leonorio
893 2210 1084 2265 commendata
1105 2209 1237 2264 suntillis
1249 2222 1299 2277 per
1316 2209 1446 2263 ordinem

215 2310 431 2376 compleverunt.
444 2312 502 2364 lloc
513 2311 593 2378 tacto,
606 2311 786 2365 veneruntad
798 2317 922 2365 sanctuni
934 2313 1109 2379 Leonoriurn,
1129 2311 1166 2365 ita
1179 2311 1301 2365 dicentes
1316 2308 1446 2364 :inclite

214 2413 245 2466 et
257 2410 370 2465 dilecte
381 2411 437 2464 Dei
447 2413 556 2466 sancte
566 2411 707 2480 Moneri,
715 2415 936 2480 precamurte,
947 2411 1217 2479 misererenostri,
1240 2410 1316 2479 quia
1332 2420 1443 2478 pecea-
1461 2409 1487 2462 st

215 2510 316 2564 vimus
328 2508 394 2578 tibi,
405 2512 435 2563 et
445 2510 563 2565 erimus
575 2511 685 2565 amodo
698 2511 745 2564 tui
755 2513 839 2566 servi
849 2525 906 2565 nos
925 2525 1031 2567 omnes
1048 2515 1077 2566 et
1097 2512 1160 2581 filii
1179 2509 1292 2579 nostri,
1304 2512 1336 2564 et
1354 2512 1444 2564 terra

213 2612 323 2664 nostra
336 2611 401 2663 tota
420 2609 463 2663 sit
481 2612 546 2664 tua.
561 2612 632 2665 llaec
646 2611 805 2664 autemillis
821 2610 985 2679 dicentibus,
999 2613 1038 2665 ait
1056 2611 1109 2663 illis
1123 2627 1129 2663 :
1144 2609 1320 2665 Humiliate
1339 2620 1404 2676 aas,
1414 2608 1445 2662 et

212 2708 390 2764 benedicam
402 2708 494 2779 coba,
508 2710 583 2777 quia
595 2711 718 2764 Paulus
738 2711 786 2764 ait
801 2712 979 2778 apostolus:
998 2711 1224 2765 Humiliamini
1243 2707 1299 2762 sub
1315 2705 1440 2775 potenti

211 2822 310 2863 manu
330 2808 394 2877 Dei,
413 2815 447 2863 ut
465 2821 519 2864 aas
541 2810 660 2864 caaitet
683 2810 718 2863 in
740 2812 875 2878 tempore
896 2810 1121 2864 tribulationis.
1139 2813 1235 2864 Postea
1253 2807 1318 2862 iecit
1337 2819 1438 2875 aquam

209 2909 383 2963 benedictam
395 2915 422 2962 et
433 2909 549 2976 aspersit
565 2923 649 2976 super
669 2922 716 2963 eos
734 2916 760 2964 et
778 2910 918 2964 benedixit
938 2912 986 2975 eis,
1001 2910 1118 2964 dicens:
1135 2909 1266 2965 Orescite
1284 2910 1314 2961 et
1334 2907 1440 2960 mutti-
1459 2908 1487 2960 ti

203 3009 377 3077 plicamini
389 3011 419 3063 et
431 3011 518 3063 terra
530 3011 634 3063 vestra
645 3013 675 3064 et
686 3023 755 3064 mea
764 3011 808 3064 sit
819 3011 929 3065 amodo
942 3009 1062 3078 fertilis
1072 3012 1103 3064 et
1114 3007 1294 3078 fructifera,
1308 3008 1345 3060 ut
1356 3005 1439 3074 quod

211 3107 248 3161 in
268 3106 367 3162 tribas
386 3107 481 3161 annis
496 3108 694 3178 perdidistis,
709 3109 744 3161 in
763 3121 826 3163 reno
845 3111 1044 3177 recuperetis,
1059 3110 1125 3162 tam
1136 3110 1175 3162 de
1195 3110 1299 3162 terrae
1316 3109 1442 3160 uestrae

212 3205 369 3276 fructibus
389 3210 524 3274 quernei
544 3206 583 3261 de
602 3207 679 3261 aliis
690 3208 876 3263 substantiis
888 3209 1038 3264 omnibus.
1052 3211 1083 3262 ut
1098 3209 1135 3261 ita
1147 3208 1247 3261 iacturn
1259 3211 1310 3272 est,
1324 3212 1356 3260 ut
1367 3210 1440 3260 terra

214 3305 324 3358 illorum
338 3304 456 3358 reddidit
466 3305 495 3358 in
507 3318 564 3360 uno
576 3318 649 3359 anno
661 3311 765 3360 unium
778 3311 911 3375 quantum
923 3309 952 3359 in
964 3307 1052 3360 tribus
1064 3306 1144 3360 annis
1156 3305 1309 3373 denegavit.

247 3405 302 3458 26.
315 3408 384 3459 lium
397 3405 513 3473 quadarn
526 3405 571 3459 die
588 3410 699 3460 sanetus
711 3407 861 3461 Leonorius
884 3407 1031 3474 separatim
1043 3420 1059 3461 a
1075 3406 1205 3459 tratribus
1217 3404 1247 3457 in
1258 3416 1315 3457 uno
1328 3403 1443 3458 sedebat
1459 3402 1487 3457 11

215 3505 285 3572 loco,
295 3518 358 3558 ecce
370 3505 521 3571 respiciens
529 3505 596 3558 vidit
605 3510 734 3574 quattuor
741 3508 814 3562 viros
823 3507 858 3560 ad
868 3521 898 3562 se
906 3507 1131 3561 venienteslres
1139 3518 1235 3559 eorum
1244 3508 1324 3556 erant
1330 3501 1444 3570 leprosi,

215 3611 328 3674 quartus
339 3610 441 3672 auam,
454 3607 522 3659 nibil
544 3606 607 3659 mali
625 3608 740 3675 nahem,
754 3614 864 3674 propter
881 3608 1057 3676 cupiditatem
1072 3607 1247 3673 elemosynae
1268 3602 1445 3671 accipiendae

128 3774 133 3785 .
215 3705 323 3760 dicebat
334 3719 363 3760 se
375 3707 500 3759 similiter
521 3705 660 3773 leprosum
672 3721 743 3761 esse.
756 3709 871 3761 Sanetus
882 3721 946 3762 reru
967 3707 1127 3773 Leonorius,
1141 3705 1291 3771 respiciens
1306 3714 1365 3769 eos,
1379 3701 1446 3755 dixit

215 3805 269 3859 illis
281 3821 288 3858 ε
302 3805 425 3860 Estisne
436 3805 493 3861 toti
506 3808 656 3874 quattuor
670 3808 785 3876 leprosi
795 3807 854 3862 tilii
863 3812 953 3861 autern
965 3806 1162 3874 respondentes
1174 3805 1318 3858 dixerunt:
1327 3801 1444 3871 Utique,

216 3903 350 3959 domine.
362 3906 478 3958 sanetus
490 3905 641 3960 Leonorius
652 3906 723 3959 dixit
735 3922 742 3958 ι
755 3908 793 3960 In
808 3907 933 3960 nomine
951 3906 1076 3960 Domini
1086 3906 1149 3960 mei
1159 3905 1233 3958 lesu
1248 3901 1377 3966 Christi,
1390 3899 1447 3969 qui
1461 3894 1487 3952 ii

214 4003 318 4057 decem
337 4004 474 4071 leprosos
486 4003 529 4057 ad
540 4017 632 4058 suam
644 4004 896 4060 misericordiam
913 4005 1070 4059 venientes
1082 4003 1258 4068 mundavit,
1271 4013 1320 4054 me
1335 4000 1443 4068 depre-

215 4104 308 4157 cante
317 4105 347 4156 et
359 4103 416 4158 ilar
428 4104 618 4171 concedente,
631 4105 846 4172 unusquisque
857 4107 994 4159 oestrum
1014 4103 1069 4158 hoc
1087 4103 1167 4171 quad
1180 4113 1244 4156 non
1262 4099 1352 4154 taba
1363 4098 1448 4154 acet-

215 4201 296 4268 piat.
309 4201 347 4254 ld
367 4202 437 4256 banc
456 4215 550 4257 rocem
570 4204 610 4256 iili
627 4210 683 4259 tres
701 4205 801 4273 leprosi
823 4205 912 4258 statim
930 4202 1053 4257 inundati
1071 4207 1153 4268 sunt;
1174 4204 1288 4267 quartus
1308 4211 1386 4265 uero,
1399 4198 1447 4265 uui

218 4314 301 4355 sanus
318 4307 377 4355 erat
389 4307 417 4356 et
436 4316 466 4356 se
479 4303 618 4370 leprosum
630 4306 689 4372 ipse
700 4306 817 4372 dicebat,
829 4306 892 4359 ilico
910 4303 1022 4358 effectus
1034 4308 1075 4356 est
1086 4303 1228 4368 leprosus;
1241 4305 1269 4353 et
1288 4300 1325 4352 ita
1337 4303 1369 4352 ut
1385 4311 1447 4352 san·

219 4406 279 4455 ctus
291 4401 441 4457 Leonorius
453 4402 520 4456 dixit
532 4404 631 4458 iactum
644 4411 686 4459 est
698 4421 705 4458 :
719 4406 766 4473 qui
779 4406 922 4458 sanitatem
936 4417 992 4457 non
1005 4403 1151 4468 habebant,
1161 4403 1326 4466 receperunt
1337 4412 1411 4465 earn,
1421 4404 1449 4453 et
1463 4400 1487 4451 it

219 4503 266 4569 qui
278 4503 379 4556 malurn
393 4517 449 4558 non
462 4505 587 4572 babebat,
596 4519 705 4572 semper
718 4506 813 4559 babuit
824 4506 937 4571 lepram.
951 4504 990 4556 lili
1004 4507 1094 4557 autem
1108 4503 1154 4569 qui
1168 4499 1290 4554 mundati
1303 4505 1369 4552 sunt
1379 4500 1449 4553 ceci·

219 4601 320 4660 derum
331 4602 366 4656 ad
378 4603 462 4677 pedes
475 4605 562 4662 sancti
574 4605 711 4677 beonorii,
725 4605 867 4661 laudantes
879 4608 907 4659 et
919 4602 1115 4662 benedicentes
1126 4612 1229 4657 nomen
1240 4597 1348 4654 bonini
1360 4598 1448 4653 nostri
