3316 5482
206 354 275 422 572
546 366 672 418 curan.
691 366 795 416 conn.
814 365 990 416 meroen.
1012 364 1093 416 nar.

240 538 272 592 8.
285 537 361 603 Quod
374 550 437 590 cum
450 536 571 589 solutum
584 536 681 588 luisset
692 540 719 588 et
729 535 877 600 detectum,
890 533 965 586 idem
977 534 1121 601 episcopus
1133 533 1289 588 insinuavit
1299 534 1358 600 regi
1370 534 1437 602 qued

206 645 288 705 caput
299 637 448 690 beatissimi
462 635 629 689 contessoris
640 635 778 701 acciperet
790 640 817 687 et
829 635 856 686 in
870 647 934 688 ease
947 647 1030 688 aureo
1042 634 1205 701 deponeret,
1218 634 1297 702 quod
1308 642 1369 688 erat
1379 634 1436 688 ilico

207 744 408 806 praeparatum.
430 735 483 789 Sed
506 748 565 802 rex,
588 734 688 787 nolens
707 748 760 787 nec
781 747 959 801 praesumens
979 739 1061 800 caput
1078 735 1287 788 sanctissimum
1300 735 1435 802 attingere,

208 837 276 890 dixit
287 837 416 903 episcopo
429 834 502 903 quod
515 836 631 902 ipsemet
642 834 710 887 illud
723 835 861 901 acciperet
872 839 899 887 et
912 834 1080 887 transferret.
1094 835 1172 886 Tunc
1185 833 1318 887 nonnulli
1330 833 1435 887 elerico-

210 950 271 990 rum
284 937 313 989 in
325 937 409 989 cboro
422 936 595 1002 psallentium
608 934 645 1003 [a]
658 948 721 1002 rege
734 940 761 988 et
772 935 900 1001 episcopo
917 934 1064 1000 petierunt,
1082 933 1157 1000 quod
1175 934 1217 986 eis
1234 938 1320 1000 caput
1335 934 1435 1001 patroni
1448 934 1461 984 t

210 1038 252 1090 sui
265 1037 454 1106 gloriosissimi
475 1041 683 1089 monstraretur.
705 1037 854 1090 Assumens
871 1041 963 1087 autem
986 1035 1131 1099 episeopus
1154 1045 1187 1086 ex
1207 1032 1352 1087 voluntate
1372 1032 1437 1100 regia

210 1142 292 1204 caput
302 1136 517 1202 sanctissimum,
538 1135 659 1189 ostendit
680 1134 747 1188 illud
768 1135 876 1188 clericis
897 1132 943 1187 llic
960 1133 1112 1186 astantibus
1130 1137 1157 1186 et
1174 1132 1290 1186 eosdem
1311 1131 1437 1186 allocutus

210 1235 274 1304 [est]
287 1237 315 1289 in
329 1237 402 1289 hunc
415 1235 546 1289 modum:
562 1234 775 1300 Dilectissimi,
796 1233 905 1289 sciatis
922 1245 982 1301 pro
1004 1231 1164 1287 constanti
1183 1232 1268 1299 qteod
1279 1243 1349 1286 ecce
1361 1234 1438 1284 teneo

210 1335 307 1401 caput
320 1332 493 1387 beatissimi
514 1330 701 1400 confessoris
722 1334 816 1400 atque
833 1332 965 1400 patroni
975 1331 1095 1397 nostri,·
1113 1332 1143 1385 et
1159 1331 1323 1397 reliquum
1335 1341 1439 1396 corpus

210 1433 277 1500 eius
289 1432 404 1486 ibidem
415 1435 557 1486 reneaaet
568 1432 753 1485 involutum.
765 1435 842 1485 Tunc
854 1431 1041 1485 exultantibus
1051 1431 1151 1484 animis
1163 1429 1323 1496 solutisque
1335 1428 1439 1483 vocibus
1453 1430 1475 1479 it

216 1532 255 1586 Te
267 1520 545 1585 Deum'taudamva
566 1529 756 1596 psallentibus,
779 1531 923 1597 episcopus
943 1534 1025 1597 caput
1044 1530 1074 1582 in
1095 1541 1257 1583 vaseaureo
1271 1526 1439 1582 nobilissimo

212 1629 362 1695 transtulit,
376 1642 439 1697 rege
451 1642 514 1682 cum
527 1629 679 1681 baronibus
691 1629 735 1681 bie
747 1635 891 1695 praesente
903 1636 932 1681 et
942 1627 1014 1682 circa
1026 1628 1053 1680 id
1067 1627 1224 1681 necessaria
1237 1639 1326 1680 manu
1337 1624 1440 1694 propria

213 1729 396 1783 ministrante.
418 1732 497 1782 blane
520 1735 613 1782 autem
634 1729 715 1796 iacto,
733 1736 858 1782 sanctum
880 1735 961 1795 caput
978 1729 1007 1781 in
1019 1741 1082 1781 vase
1094 1727 1251 1794 appositum
1264 1739 1353 1793 super
1362 1726 1441 1791 majus

212 1829 298 1882 altare
308 1833 471 1895 posuerunt,
484 1834 513 1882 et
523 1830 630 1882 cunctis
644 1829 817 1895 pulsantibus
830 1829 916 1896 signis
932 1833 959 1881 et
977 1827 1117 1894 campanis
1136 1826 1321 1893 accensisque
1333 1826 1441 1879 lumina·

213 1928 299 1996 ribus,
312 1927 447 1995 usquead
470 1929 565 1981 boram
588 1929 693 1995 primae
713 1929 816 1981 ibidem
839 1928 1023 1994 reliquerunt.
1045 1925 1248 1979 convenientes
1269 1930 1364 1979 autern
1384 1925 1444 1978 bora
1458 1923 1481 1976 ll

213 2027 316 2095 primae
332 2027 366 2081 ad
379 2027 523 2081 ecclesiam
536 2041 583 2080 rex
595 2028 806 2095 illustrissimus,
825 2027 932 2081 nobiles
949 2032 976 2080 et
993 2026 1118 2092 praelati,
1131 2031 1260 2078 sanctum
1271 2028 1359 2092 caput
1372 2035 1440 2077 acce

212 2133 312 2193 perunt
322 2134 349 2181 et
361 2127 395 2180 ad
408 2128 612 2194 processionem
623 2142 673 2194 per
685 2128 828 2182 ecclesiam
839 2127 1061 2194 deportaverunt.
1075 2126 1221 2191 licitoque
1234 2138 1367 2179 sermone
1378 2125 1441 2176 lacto

212 2226 247 2280 ad
260 2227 393 2294 poputum
405 2234 432 2281 et
442 2227 533 2283 oillcio
545 2228 580 2281 de
593 2229 674 2281 beato
686 2228 845 2281 confessore
858 2226 1031 2281 sollemniter
1043 2224 1191 2291 celebrato,
1204 2222 1442 2292 unusquisquam

212 2327 323 2394 propria
335 2329 509 2381 remeavito
532 2329 689 2383 beatissime
713 2330 835 2394 tlartine,
858 2328 902 2394 pie
923 2333 1015 2394 pastor
1036 2332 1063 2379 et
1074 2331 1199 2394 patrone,
1213 2331 1241 2379 te
1253 2325 1442 2393 deprecamur,

211 2425 320 2511 adiutor
332 2414 562 2494 promptissimus
575 2428 713 2495 supplices
725 2434 751 2481 te
763 2427 867 2481 devotis
877 2427 1016 2480 mentibus
1027 2425 1207 2491 deprecamur
1220 2429 1253 2477 ut
1265 2425 1350 2478 nobis
1362 2425 1441 2477 lamo·
1455 2422 1481 2474 tt

211 2524 245 2577 lis
257 2525 311 2578 tuis
325 2526 531 2579 translationem
552 2529 591 2581 tui
613 2529 789 2581 sacratissimi
811 2528 907 2594 capitis
927 2527 1027 2579 festum
1054 2525 1208 2578 colentibus
1220 2524 1360 2578 auxilium
1373 2530 1444 2577 tuum

212 2624 425 2679 misericorditer
436 2625 557 2693 digneris
569 2608 763 2693 impendere...

372 3037 646 3130 GDLXXXIV.
666 3039 791 3127 (lodex
811 3037 1000 3148 signatus
1021 3059 1134 3124 num.
1158 3033 1288 3126 9733.

248 3261 317 3314 Olim
331 3264 360 3314 b.
374 3263 414 3314 bt.
428 3261 463 3314 de
475 3261 613 3327 blontello,
627 3259 727 3312 deinde
739 3258 833 3324 suppl.
847 3258 893 3310 lat.
907 3258 965 3309 litt.

246 3361 382 3414 Foliorum
396 3364 438 3422 st,
453 3362 518 3413 min.
532 3361 771 3426 (castenetto),
785 3357 865 3409 lincis
878 3357 977 3422 plenis,
990 3362 1116 3408 exaratus
1135 3367 1206 3407 saec.
1221 3355 1264 3407 lll.

248 3461 358 3513 Praeter
370 3461 426 3513 lere
440 3461 574 3527 integrum
588 3459 688 3510 librum
701 3456 821 3525 Gregorii
834 3456 1001 3509 Turonensis
1013 3456 1056 3508 De
1065 3455 1171 3520 ptorio
1183 3456 1377 3520 martyrum,
1387 3465 1446 3505 oon·

216 3559 284 3611 tinet
297 3558 420 3625 eJ'usdem
433 3559 572 3624 scriptoris
586 3564 689 3623 partem
704 3557 765 3608 libri
778 3568 795 3608 u

315 3657 381 3758 [De
407 3655 616 3734 virtutibus
634 3655 756 3733 sancti
774 3653 940 3754 Martini]
957 3652 1034 3751 (fol.
1055 3650 1251 3749 5οΓ-57ξ).*

250 3792 358 3844 Scilicet
370 3792 404 3844 ab
417 3791 493 3843 initio
507 3804 582 3842 num.
596 3792 626 3841 bl
641 3789 675 3842 ad
689 3789 796 3841 initium
810 3802 887 3840 num.
899 3789 941 3840 60.

385 4203 639 4292 GDLXXXV.
663 4202 788 4289 (lodex
808 4201 997 4309 signatus
1019 4223 1131 4286 num.
1156 4196 1284 4286 9734.

252 4423 321 4476 Olim
336 4425 364 4473 n.
381 4440 391 4470 r
406 4420 481 4472 Colet
496 4436 505 4467 r
519 4418 577 4483 (lot.
594 4423 626 4483 lt,
639 4418 686 4469 ubi
700 4418 781 4469 etiam
795 4416 892 4483 legitur
906 4428 981 4466 num.
994 4414 1046 4477 bd),
1060 4410 1161 4466 deinde
1174 4413 1266 4477 suppl.
1283 4410 1329 4464 lat.
1343 4411 1381 4461 ti.

254 4522 390 4574 Foliorum
402 4522 444 4583 es,
459 4520 530 4571 med.
543 4518 762 4582 (dadb’txbsib),
776 4516 913 4568 columnis
926 4516 1008 4580 binis,
1022 4521 1149 4567 exaratus
1161 4526 1232 4565 sace.
1248 4514 1302 4564 xll.

255 4621 331 4675 Prior
344 4633 406 4689 pars
417 4619 520 4672 codicis
531 4616 589 4684 tl'ol.
604 4618 694 4682 luitis)
704 4622 831 4683 excerpta
852 4615 975 4667 continet
993 4628 1026 4666 ox
1045 4614 1102 4665 vita
1122 4611 1209 4665 sancti
1221 4611 1328 4665 llartini
1340 4612 1437 4662 auctore
