3316 5482
344 315 410 381 326
696 329 821 381 curru.
841 328 942 380 cono.
962 328 1135 379 moroan.
1154 325 1235 379 aar.

344 501 449 554 menta
456 502 587 567 propter
600 498 819 566 insipientiam
829 501 925 552 tuam.
934 498 973 550 id
983 511 1065 564 quem
1075 498 1172 551 beatus
1184 496 1333 552 Flosoellus
1344 511 1352 550 ε
1364 497 1586 566 Oinveterate,

343 599 443 668 inquit,
455 599 615 654 anulorum
626 598 677 651 vir
688 600 718 651 et
730 600 835 665 stulte,
844 597 956 666 peiora
971 595 1027 649 tibi
1038 595 1215 650 advenient.
1225 596 1316 663 opem
1327 609 1417 652 nune
1429 609 1453 651 a
1466 596 1588 652 cbristo

345 700 448 767 babeo,
461 703 490 753 et
510 702 648 753 metuam
669 698 753 753 vinei
768 711 789 752 a
808 697 862 751 tet
880 698 943 766 llqo
954 710 1091 765 namque
1109 697 1178 751 dieo
1191 696 1249 750 tibi
1260 709 1321 764 per
1337 698 1484 752 salutem
1504 696 1585 753 oltri-

345 801 524 854 stianorum
547 798 622 866 quia
651 810 714 852 non
737 796 837 866 facies
863 796 943 850 mibi
965 810 1116 864 umquam
1131 795 1317 865 sacrificare
1340 796 1440 850 idolis
1464 797 1586 852 daerno

344 901 480 955 ntorum.
495 899 588 954 Crede
599 899 646 952 vel
658 911 743 951 nune
761 897 856 951 dietis
874 897 960 950 meis.
977 899 1088 950 Praeses
1107 894 1177 949 dixit
1199 895 1307 955 :Quae
1326 899 1372 950 est
1394 896 1491 951 salue
1503 896 1614 953 olori-b

344 1001 547 1057 titanorum?
559 1000 648 1053 vietor
661 999 809 1053 Floscetlus
832 999 899 1051 dixit
912 1015 918 1051 :
929 1000 1001 1065 ebes
1018 988 1260 1065 desperantium,
1279 998 1439 1053 exultatio
1451 996 1583 1067 atilium

344 1113 427 1167 rum,
440 1099 601 1152 auxilinm
613 1110 719 1152 eorum
731 1098 870 1165 quisunt
890 1097 959 1151 sine
978 1097 1148 1164 adjutorio.
1167 1098 1224 1150 Sed
1242 1109 1306 1151 non
1320 1099 1397 1150 sunt
1408 1096 1583 1153 ebristiurti

344 1199 408 1252 nisi
418 1199 474 1267 qui
485 1198 527 1251 ad
543 1197 698 1252 Christum
707 1196 903 1265 eonsuqinnt,
916 1197 1020 1250 lumen
1029 1210 1146 1264 verum,
1156 1198 1211 1264 qui
1219 1210 1252 1250 se
1260 1199 1446 1265 quaerentes
1459 1210 1583 1266 semper

345 1299 435 1352 videt.
449 1298 507 1353 Hie
518 1300 564 1351 est
574 1299 663 1351 salus
675 1296 931 1351 christianorum.
945 1300 1058 1350 Praeses
1069 1297 1139 1350 dixit
1151 1313 1158 1350 :
1172 1296 1261 1351 Nilril
1273 1296 1468 1351 verberando
1478 1296 1581 1352 oerot‘s

339 1397 505 1466 proficies,¹
517 1397 647 1462 sedjam
658 1396 808 1463 sacrifiea
820 1399 850 1450 et
863 1399 892 1450 te
902 1397 1007 1464 ipsum
1018 1396 1056 1450 ob
1070 1396 1118 1450 liis
1130 1410 1212 1464 quae
1229 1395 1286 1450 tibi
1304 1396 1475 1450 imminent
1487 1397 1581 1451 matu
1598 1399 1625 1450 to

344 1497 522 1551 miserando
535 1496 642 1563 libera,
656 1499 690 1549 ut
697 1497 885 1563 posteadeos
894 1499 1014 1550 nostros
1023 1497 1162 1550 adorans
1169 1495 1339 1562 qlorifiees.
1361 1496 1581 1551 Verumtamen

343 1599 392 1652 die
403 1596 492 1664 milti,
507 1597 666 1662 Floseelle‚
687 1610 748 1650 non
763 1596 897 1650 lassaris
908 1610 929 1649 a
941 1596 1058 1650 icastris
1070 1597 1182 1664 paetus
1193 1597 1206 1649 i
1217 1596 1307 1650 Victor
1325 1597 1479 1650 Floseellus
1491 1596 1579 1650 dixit:

340 1697 409 1750 Non
421 1695 539 1762 utique,
562 1693 683 1749 Christo
703 1707 752 1749 me
772 1694 943 1761 amarante
965 1694 1022 1760 qui
1045 1697 1073 1748 te
1092 1693 1204 1747 vincet.
1226 1693 1347 1748 Etenim
1368 1696 1580 1762 tempestoeet

339 1807 473 1862 reanum
484 1794 570 1847 istud
581 1795 726 1848 celeriter
738 1794 837 1848 cadet.
1457 1782 1459 1786 ⁴

374 1895 423 1946 16.
438 1898 513 1946 Tune
526 1882 638 1960 stuoens
650 1895 831 1948 constantiam
852 1895 913 1960 cius
935 1894 1102 1959 valerianus,
1116 1895 1238 1948 narrauit
1258 1894 1351 1948 omnia
1371 1894 1515 1950 Antonino
1529 1895 1575 1947 im·
1593 1896 1622 1948 ts

340 1995 460 2060 peratori
473 1999 626 2062 quaegesta
640 1995 748 2047 itteram
762 2011 768 2045 :
783 1995 900 2061 quisuis
917 2008 980 2047 eum
1001 1995 1169 2061 praesentari
1188 1995 1270 2061 iussit
1291 1994 1443 2048 obtutibus.
1457 1996 1576 2048 Sanetus

342 2106 406 2160 ergo
420 2093 569 2147 Flosecllus
581 2106 642 2146 eum
655 2092 689 2146 ad
702 2093 896 2159 imperatorem
909 2092 1065 2160 duceretur,
1085 2106 1234 2147 conversus
1246 2093 1281 2147 ad
1294 2096 1379 2147 Deum
1391 2094 1466 2147 intra
1479 2100 1577 2148 semet

342 2193 430 2260 ipsum
443 2193 511 2245 dixit
524 2209 531 2244 :
548 2192 675 2247 Gratias
689 2192 745 2245 tibi
756 2205 823 2260 eqo,
837 2192 975 2258 Domine,
986 2179 1042 2260 qui
1050 2207 1099 2247 me
1110 2191 1279 2261 confortas.
1293 2193 1432 2262 Domine,
1439 2196 1577 2262 praua

342 2292 423 2346 milti
434 2305 513 2361 quae
524 2305 544 2345 a
557 2293 727 2359 repostum.
747 2295 852 2345 corona
865 2305 984 2360 namque
994 2295 1051 2360 jam
1066 2294 1091 2345 ci
1105 2294 1340 2348 manifestabatur.
1355 2295 1437 2348 Venit
1446 2299 1541 2348 anum
1550 2294 1576 2347 ei

182 2398 190 2416 ¹
204 2396 270 2465 quid
282 2399 306 2451 Ξ.
342 2406 404 2457 vox,
418 2392 512 2445 dicens
528 2393 620 2446 :Pete
633 2393 714 2459 qnod
724 2394 733 2411 ·
744 2392 801 2446 vis.
816 2394 849 2445 tt
861 2392 906 2445 ille
920 2409 926 2444 ε
940 2393 1119 2460 Dominam
1132 2393 1164 2447 in
1176 2397 1263 2447 terra
1275 2395 1463 2462 istaeorqrus
1474 2407 1579 2449 meum
1594 2395 1624 2447 to

338 2495 412 2561 post
429 2494 575 2559 palmam
595 2491 753 2559 martyrii,
775 2495 803 2544 te
820 2495 951 2561 reqente‚
975 2493 1032 2546 diu
1043 2506 1105 2547 non
1116 2496 1334 2556 commoretur,
1347 2495 1378 2548 et
1389 2494 1579 2563 quicumque

344 2594 378 2645 in
391 2592 595 2645 tribulatione
610 2603 720 2644 rumen
738 2604 841 2644 meum
859 2592 1050 2646 invocaverit
1061 2593 1156 2661 iuste,
1176 2594 1236 2648 cito
1253 2607 1323 2647 eum
1341 2594 1512 2649 evaudias.
1531 2596 1580 2649 lie·

345 2695 456 2762 spondit
468 2695 491 2746 ei
505 2707 576 2746 vox:
590 2692 782 2759 Fiattibi,·et
793 2693 914 2754 addidit:
925 2694 998 2748 Pete
1011 2694 1158 2760 quodvis.
1172 2698 1287 2747 sanctus
1300 2695 1346 2748 bet
1361 2694 1514 2749 Floseellus
1522 2695 1578 2748 ait:

348 2795 484 2861 Domine,
497 2794 551 2860 tae
563 2795 598 2846 ut
607 2806 676 2847 eum
688 2806 741 2861 eqo
749 2805 811 2859 pro
823 2795 853 2845 te
864 2793 1055 2859 rrvartyrlum
1073 2806 1228 2861 accepero,
1247 2794 1380 2848 credant
1393 2806 1457 2862 per
1467 2807 1517 2847 me
1528 2793 1583 2862 qui

346 2895 401 2950 liae
412 2894 548 2948 viderint
560 2896 589 2946 et
601 2893 763 2947 audierint
780 2906 891 2946 nomen
912 2896 1056 2946 sanetum
1077 2887 1174 2948 tivum.
1197 2893 1267 2947 bixit
1287 2894 1313 2946 ei
1326 2893 1451 2947 divinum
1466 2907 1579 2960 respon·
1596 2894 1624 2945 23

346 3011 406 3049 sum
421 3012 427 3047 ε
441 2995 513 3049 aiut
526 2994 583 3047 tili
595 2995 675 3061 quad
682 2994 802 3061 petisti.
1484 2994 1489 3004 “

379 3096 428 3148 1⁵7.
443 3097 474 3147 Et
486 3094 659 3147 adduxerunt
671 3100 794 3146 sanetum
816 3097 879 3146 ante
898 3095 1066 3147 Antoninum
1088 3095 1291 3161 imperatorem.
1314 3095 1467 3159 imperator
1484 3100 1577 3149 autem

343 3195 425 3262 jussit
437 3207 533 3246 omnes
546 3194 709 3246 christianos
722 3195 768 3259 qui
782 3194 810 3245 in
824 3193 924 3258 palatio
936 3200 1016 3245 crant
1028 3193 1170 3246 discedere
1182 3197 1229 3245 aut
1246 3193 1444 3247 abrenuntiare
1467 3195 1582 3248 militiae

347 3307 429 3361 quam
442 3297 552 3345 sanctus
564 3293 749 3345 detestabatur
761 3291 919 3344 Flosoellus.
941 3294 1039 3344 Boutae
1059 3305 1124 3344 voro
1147 3293 1293 3345 memoriae
1313 3292 1404 3344 virum
1417 3293 1580 3348 ltoscetlum

346 3395 380 3446 ad
393 3406 422 3445 se
434 3397 557 3445 vocatum
571 3391 731 3456 exspoliarit
744 3392 864 3443 vestibus
875 3391 975 3457 quibus
987 3396 1046 3443 erat
1059 3392 1329 3458 indutus,etvestivit
1338 3405 1402 3445 eum
1413 3392 1576 3459 stolalinea,
1597 3393 1626 3446 ib

347 3493 512 3559 tradiditque
524 3504 588 3543 cum
601 3491 673 3542 toras
686 3490 713 3542 in
727 3490 862 3555 plateam3
877 3495 902 3543 et
922 3490 1120 3543 interfecerunt
1141 3505 1204 3543 cnm
1226 3491 1277 3544 sub
1300 3491 1344 3544 die
1363 3492 1583 3558 quintodecimo

347 3595 526 3648 kalendarum
548 3591 709 3643 octobrium.
732 3592 816 3653 Quem
837 3603 966 3642 coronam
990 3591 1108 3657 martyrii
1131 3596 1335 3657 exspectantem
1358 3591 1431 3645 inter
1450 3605 1585 3660 corporea

348 3705 500 3763 poenarum
513 3690 656 3755 supplicia,
667 3690 738 3741 inter
750 3687 838 3741 luctus
851 3690 1075 3754 christianorum,
1090 3696 1182 3743 sancta
1205 3693 1264 3758 ejus
1282 3692 1374 3744 anima
1393 3705 1455 3745 eum
1473 3693 1582 3762 angelo·

350 3808 409 3847 rum
423 3791 581 3845 laetantium
595 3789 748 3856 agminibus
761 3801 774 3840 a
789 3791 942 3854 praesentia
955 3790 1209 3842 circumastantium
1223 3791 1363 3844 terebatur
1377 3791 1406 3844 in
1419 3792 1539 3847 eaelum.
1554 3794 1584 3846 in

351 3893 396 3946 illa
409 3896 498 3946 autem
513 3891 578 3942 bora
592 3887 707 3941 eredidit
720 3889 747 3940 iu
761 3888 897 3940 Christum
910 3890 943 3941 de
954 3890 1193 3942 circumstantibus
1205 3891 1323 3943 maxima
1333 3891 1492 3957 multitudo,
1503 3893 1585 3947 etiam
1602 3893 1632 3946 st

165 4000 275 4069 quidam
285 4002 332 4063 t,5.
353 4007 414 4047 eum
424 3991 589 4058 quibusdam
599 3986 770 4054 imperatoris
780 3988 941 4041 satellitibus
951 3994 978 4041 et
987 3988 1127 4041 sodalibus
1135 3989 1298 4056 quibusdam
1309 3990 1319 4012 ·
1329 3991 1416 4057 ipsius
1426 3994 1514 4046 saneti
1526 4008 1589 4047 nec·

182 4103 191 4120 ·
204 4113 317 4153 consan—
354 4107 410 4146 non
420 4099 446 4144 et
459 4089 669 4156 consanguineis
683 4091 709 4152 '3
724 4092 750 4140 et
762 4089 887 4153 baptizati
901 4094 965 4141 sunt
978 4102 1048 4155 aqua
1061 4090 1231 4154 baptismatis
1244 4091 1272 4143 in
1286 4092 1399 4144 nomine
1410 4101 1525 4147 sunone
1535 4096 1590 4148 Tri-

164 4167 256 4235 {minei
272 4169 295 4230 ¹’
308 4169 332 4217 3.
354 4194 456 4246 nitatis.
478 4191 582 4256 Quique
604 4203 700 4242 omncs
721 4188 911 4241 beatificabant
931 4190 1028 4241 Christi
1054 4197 1210 4257 martyrem,
1231 4191 1373 4244 dieentes:
1400 4193 1523 4248 Beatus
1547 4209 1589 4259 es,

355 4292 510 4357 Floseelle,
525 4289 579 4356 qui
589 4289 751 4355 reliquisti
762 4288 974 4341 antidotarium
987 4292 1016 4342 et
1024 4304 1157 4357 poncpas
1171 4290 1384 4356 imperatoris.

388 4392 437 4444 18.
451 4390 593 4443 (lintistiani
607 4395 709 4452 autem,
723 4390 878 4442 auterentes
890 4390 950 4456 ejus
963 4390 1165 4456 corrrusculum
1190 4391 1395 4444 attseondorunt
1417 4407 1481 4446 cum
1498 4397 1592 4449 auium
1608 4397 1638 4448 to

354 4493 452 4545 denoto
466 4492 525 4544 loeo
537 4490 629 4556 quieto
643 4495 669 4541 et
681 4489 745 4541 sotis
759 4490 828 4541 bene
841 4495 946 4542 ornato.
971 4491 1132 4553 Quiesconte
1145 4496 1235 4543 autem
1250 4490 1351 4543 ibidem
1372 4492 1460 4559 ipsius
1477 4509 1593 4563 eorpus·

215 4594 291 4648 'sia
351 4593 413 4645 culo
425 4595 541 4657 quatuor
554 4593 581 4641 et
594 4601 626 4641 co
639 4589 756 4653 amplius
770 4588 920 4648 mensibus,
935 4590 1092 4643 ceramoniti
1108 4590 1135 4642 in
1150 4590 1255 4644 somnis
1272 4593 1427 4644 nautores‘
1445 4594 1592 4651 christiani
