3316 5482
401 343 494 394 amu.
512 344 597 396 nar.
616 344 734 397 eanrs.
753 365 799 377 -
814 346 969 397 sepono.
988 348 1036 397 an
1053 347 1131 397 con.
1149 344 1224 396 aare.
1390 332 1435 398 89

353 511 456 591 sedis
490 521 529 592 et
558 514 681 592 sancti
713 514 883 593 Ferreoli
915 516 983 618 qui
1015 524 1103 619 post
1138 517 1268 620 ipsum
1304 517 1434 596 eidem

353 636 537 715 ecclesiae
567 638 748 740 praefuit.
783 639 856 730 Qui
888 650 1053 742 uterque
1081 640 1211 719 eidem
1246 641 1434 721 ecclesiae

353 760 617 862 praefuerunt,
638 761 775 841 beatus
806 762 1002 842 Firminus
1032 765 1144 843 annis
1172 788 1267 863 xcvi,
1296 765 1434 845 heatus

349 883 550 963 Ferreolus
578 885 923 988 xxv111:'quorum
954 911 1121 987 corpora
1151 899 1317 990 utraque
1335 890 1431 969 soris

347 1012 453 1110 juxta
484 1032 641 1088 murum
672 1011 848 1110 ejusdem
878 1013 1044 1091 civitatis
1078 1013 1328 1115 requiescunt
1344 1013 1421 1115 (fol.

351 1133 523 1234 lav-esu.
1353 1168 1358 1179 ·

263 1262 327 1329 liujus
337 1265 442 1320 initium
452 1269 556 1322 editum
568 1276 610 1323 est
622 1270 686 1324 Act.
698 1270 756 1330 SS..
770 1269 805 1322 ad
818 1268 845 1322 d.
860 1271 888 1322 ll
903 1271 971 1336 Oct,
984 1273 1049 1322 torn.
1063 1272 1093 1336 V,
1106 1285 1133 1336 p.
1145 1270 1204 1337 tito,
1224 1283 1300 1323 num.
1316 1272 1356 1323 ld
1367 1269 1427 1337 (sed

239 1358 315 1418 iared.
324 1379 374 1420 on.
386 1368 474 1434 prima
486 1371 621 1422 sententia
633 1370 705 1423 Fuit
724 1369 775 1422 vir
794 1369 955 1437 quidam...
967 1369 1105 1438 fideliter
1116 1370 1320 1439 mancipavit,
1334 1374 1361 1423 et
1383 1383 1433 1437 pro

238 1461 304 1516 tertis
319 1467 493 1532 sequentihus
516 1468 627 1522 Eodem
648 1469 755 1536 itaque
774 1471 911 1536 ternpore
931 1469 1029 1537 legitur
1049 1470 1209 1536 Rceaame
1230 1469 1265 1522 ia
1281 1471 1433 1537 perpetuo

239 1555 332 1618 titii.
346 1565 393 1631 G).
406 1568 565 1633 Sequuntur
577 1567 708 1620 lectiones
720 1574 814 1621 octava
826 1573 853 1620 et
877 1579 950 1620 nona
962 1567 1035 1620 vitae
1056 1566 1145 1620 editae
1157 1568 1191 1620 al)
1212 1567 1315 1621 adamo
1336 1570 1434 1622 Franc.

238 1658 326 1719 loliano
344 1669 414 1720 inter
433 1669 584 1722 Analecta
604 1668 859 1734 Vindoboaeaaia‚
872 1674 939 1721 torn.
953 1670 974 1734 l,
996 1683 1023 1734 p.
1040 1670 1144 1722 ati-tt.
1165 1668 1269 1723 Deinde
1289 1669 1389 1738 legitur
1406 1670 1435 1723 in

236 1761 307 1818 codice
316 1781 373 1834 pars
385 1781 498 1835 prorsus
509 1769 623 1828 inedita,
640 1770 668 1821 ni
681 1769 810 1838 fallimur,
825 1775 851 1822 et
863 1769 979 1835 proinde
992 1769 1036 1822 iric
1048 1770 1205 1823 exhibenda
1217 1770 1245 1823 in
1264 1770 1433 1837 Appendice.

233 1857 293 1916 lianc
301 1869 431 1936 excipiunt
443 1869 517 1921 Vitae
529 1867 618 1921 editae
631 1868 659 1920 in
671 1870 737 1922 Act.
750 1868 797 1922 S&
810 1868 880 1933 (loco
893 1869 959 1935 cit),
975 1881 1079 1921 numm.
1092 1871 1147 1935 tii,
1162 1869 1320 1935 interposita
1341 1875 1434 1926 anien

228 1952 289 2015 inter
299 1979 393 2022 numm.
405 1969 423 2020 5
434 1974 463 2020 et
474 1969 491 2021 o
503 1967 708 2020 narratiuncula
719 1966 754 2021 de
767 1972 841 2020 muto
854 1972 949 2021 sanato
961 1981 977 2020 a
989 1969 1017 2020 S.
1028 1969 1165 2022 Ferreolo.
1177 1971 1299 2037 Denique
1312 1984 1432 2038 sequun-

225 2056 262 2108 tur
274 2066 344 2119 mula
356 2070 389 2120 de
401 2070 429 2120 s.
443 2068 556 2121 Firmini
575 2066 716 2134 sepultura
736 2072 764 2120 et
775 2068 914 2121 miraculis
927 2071 1125 2133 postmortem,
1139 2067 1229 2121 adhuc
1247 2069 1359 2123 inedita.
1372 2070 1431 2124 vid.

218 2151 289 2215 intra
298 2167 409 2234 append.

311 2267 366 2344 150
383 2267 467 2346 Vita
478 2266 580 2345 beati
595 2267 766 2346 Ferreoli
781 2266 955 2369 episcopi
971 2275 1009 2345 et
1022 2266 1257 2346 confessoris
1272 2267 1429 2365 Christi,

352 2416 380 2467 11
398 2413 522 2468 nonas
535 2391 703 2491 januarii
721 2390 798 2492 (fol.
819 2389 987 2491 tet—lot

235 2505 353 2589 lutura,
365 2527 397 2577 ut
408 2523 525 2578 videtur.
540 2523 598 2576 utu.
611 2524 735 2590 append.

542 2904 750 3016 appendix
775 2904 824 2992 ad
855 2908 937 2999 cod.
969 2893 1090 2998 5315.

369 3127 454 3193 Vtra
480 3125 514 3192 S.
543 3127 628 3193 Arar
654 3146 837 3193 recurras.
864 3125 946 3213 (Cir.
976 3147 1075 3212 supra
1099 3147 1130 3212 p.
1151 3125 1206 3201 87,
1226 3126 1286 3212 2⁰).

315 3320 443 3393 Incipit
456 3319 536 3380 vite
550 3320 667 3380 sancti
678 3320 768 3393 Apri
781 3320 1006 3393 contessoris,
1023 3323 1126 3393 cidus
1140 3320 1322 3380 festivitas

513 3422 719 3481 celebratur
733 3425 770 3481 11
788 3435 902 3480 nones
915 3420 1126 3481 decembris.

254 3604 274 3657 1.
289 3613 356 3665 Beati
369 3616 398 3664 et
409 3612 527 3680 religiosi
549 3611 709 3677 sacerdotis,
722 3614 786 3679 Apri
807 3614 927 3680 nomine,
942 3626 1018 3666 suam
1036 3613 1211 3666 clementiam
1223 3613 1274 3665 sibi
1294 3613 1440 3678 praescivit

203 3689 216 3736 ⁵
227 3700 447 3769 e[praeordinavit
457 3711 628 3764 sacerdotem
638 3716 665 3764 et
673 3711 857 3765 consessorem
868 3712 1029 3778 parrochiae
1039 3712 1254 3778 Gratianopolirn
1265 3716 1292 3764 et
1302 3712 1441 3764 territorio

230 3795 409 3876 laurigenensi
423 3811 468 3877 (t).
477 3812 715 3877 Fuitjamsanctus
724 3813 842 3877 viraper
851 3811 986 3864 oriundus
995 3812 1071 3879 regni
1086 3815 1252 3864 Francorum
1265 3811 1441 3863 ex·Sennico

227 3904 334 3974 trietil.
354 3910 404 3973 Qui
426 3923 519 3963 amore
532 3912 578 3963 liei
599 3916 627 3963 et
639 3911 823 3978 evangelicam
844 3917 954 3964 secutus
976 3913 1175 3975 auctoritatem,
1189 3924 1259 3977 quae
1282 3911 1366 3964 dicit:
1384 3909 1443 3967 Qut

249 4110 281 4174 (l)
297 4112 371 4165 llaec
391 4124 441 4164 vox
463 4112 607 4165 substituta
620 4117 662 4164 est
682 4125 764 4165 manu
779 4112 879 4166 saeculi
901 4116 943 4166 xv
957 4127 1006 4179 pro
1028 4113 1081 4166 alia
1100 4113 1196 4168 sedulo
1217 4126 1306 4177 erasa,
1320 4117 1347 4166 et
1368 4113 1444 4179 prius

222 4192 323 4256 quidem
337 4199 476 4247 corrector
496 4195 542 4248 ille
555 4197 701 4260 scripserat
721 4196 933 4264 auripeaenst
953 4196 1055 4249 deinde
1074 4210 1139 4250 vero
1152 4198 1310 4262 praeposuit
1326 4197 1443 4249 litteram

220 4285 255 4325 m.
266 4277 324 4328 Non
338 4289 442 4341 paucae
453 4277 522 4329 aliae
544 4290 624 4329 voces
644 4279 673 4329 in
687 4278 793 4344 reliquo
815 4278 980 4331 documento
994 4278 1090 4331 eadem
1112 4292 1195 4331 rnanu
1216 4279 1258 4330 vel
1271 4280 1300 4330 in
1322 4279 1445 4345 margine

220 4356 353 4421 suppletae
363 4357 405 4409 vel
415 4357 443 4408 in
456 4363 528 4410 textu
539 4358 700 4412 substitutae
711 4373 760 4425 pro
770 4361 830 4411 aliis
841 4361 1006 4426 erasisquas
1015 4360 1146 4426 deinceps
1157 4361 1312 4413 notabimus
1321 4363 1444 4426 apposito

221 4439 358 4491 asterieo'.
374 4468 405 4477 -
418 4441 450 4504 (2)
474 4442 551 4493 Forte
572 4441 617 4492 hio
628 4442 786 4509 designatur
797 4443 953 4495 Sanitium
975 4443 1068 4495 civitas
1079 4443 1170 4511 (vulgo
1193 4443 1307 4505 satec),
1321 4456 1402 4508 uuam
1416 4449 1443 4493 et

220 4518 371 4573 Sartctiam
384 4527 411 4574 et
430 4524 621 4576 Seaeteasem
634 4524 674 4576 vel
686 4526 876 4578 Sanctcnsem
898 4526 1080 4592 apptellarunt.
1095 4527 1149 4579 Gir.
1173 4526 1302 4589 Valesius,
1322 4524 1441 4580 Notitia

227 4599 411 4667 (latitarunt,
425 4619 451 4670 p.
464 4608 523 4658 eut.
