3316 5482
330 331 395 398 140
678 346 805 397 carm.
824 347 926 397 oobn.
945 347 1118 398 naamon.
1139 346 1215 396 nar.

328 518 477 584 attriverat,
491 519 653 572 festinanter
665 524 842 582 revertentes,
852 519 1063 572 bituricensium
1076 518 1146 572 lines
1158 517 1362 586 ingrediuntur.
1373 517 1421 570 tibi
1431 515 1560 570 delicien-

328 618 402 670 tibus
414 617 464 671 sibi
478 617 608 671 omnibus
621 631 692 685 qnae
705 617 738 671 ad
752 619 853 672 victum
867 620 998 672 bactenus
1011 619 1173 683 habuerant,
1187 623 1214 670 et
1227 617 1331 671 nullam
1352 615 1561 670 invenientibus

329 716 497 782 alimoniam,
511 717 649 771 radicibus
660 719 880 785 quibuscumque
889 718 931 771 vel
941 718 1044 785 herbis,
1055 717 1141 771 sicubi
1151 718 1272 784 reperire
1284 719 1419 783 poterant,
1428 715 1559 768 miseram

328 817 476 870 tuebantur
488 818 579 871 vitam.

361 915 411 969 18.
434 919 539 969 interea
560 919 677 970 audiunt
697 931 711 971 a
733 918 888 972 dicentibus
906 918 942 970 ibi
965 930 1049 984 prope
1069 930 1130 970 esse
1149 916 1344 971 monasterinm
1355 912 1498 982 quoddam
1511 912 1593 966 ubiti

327 1013 430 1068 cotidie
442 1015 628 1085 indigentibus
649 1018 769 1070 caritatis
789 1019 918 1071 alimonia
939 1017 1093 1085 largiretur.
1115 1020 1172 1081 Quo
1192 1016 1294 1081 audito,
1307 1016 1348 1068 vir
1360 1012 1407 1068 bei
1421 1013 1560 1078 iusidias,

247 1146 251 1155 -
328 1116 474 1180 assumptis
486 1115 595 1169 duobus
617 1117 744 1170 iratribus
765 1119 822 1171 suis
842 1123 869 1171 et
881 1120 958 1184 patre
970 1121 997 1171 et
1009 1123 1106 1186 matre,
1119 1117 1283 1184 quantocius
1295 1115 1461 1182 properabat
1481 1113 1560 1166 illuc.

327 1217 414 1267 Locus
427 1220 518 1267 autem
531 1215 559 1267 in
572 1229 626 1282 quo
641 1218 837 1270 monasterium
851 1221 918 1279 erat,
932 1217 1066 1270 Patricius
1077 1217 1229 1271 dicebatur.
1244 1217 1374 1280 Quocum
1387 1213 1563 1281 pervenisset

327 1319 438 1366 sanctus
449 1314 581 1380 liusicius,
593 1314 660 1368 dixit
673 1318 899 1390 parentibussuis
912 1333 919 1369 :
939 1316 1053 1371 Videtis
1064 1316 1139 1383 qaia
1151 1315 1252 1384 scortes
1271 1314 1385 1382 ubique
1396 1317 1561 1366 terrarum

322 1413 516 1482 praevoluit,
529 1417 558 1467 et
570 1427 632 1468 noa
643 1418 689 1469 est
701 1415 819 1470 oticabi
830 1416 912 1471 cibos
924 1416 1074 1469 inuenire.
1085 1415 1130 1469 Ne
1138 1427 1209 1482 crgo
1219 1413 1440 1482 samepcnitus
1447 1424 1560 1479 perea-
1580 1412 1611 1464 lo

327 1510 368 1564 tie
379 1515 408 1566 et
420 1525 472 1567 vos
483 1516 513 1566 et
519 1515 656 1581 parvuli
673 1514 728 1568 isti
747 1514 866 1582 fratres
887 1515 957 1582 11111,
971 1515 1159 1582 acquiescite
1176 1514 1307 1568 covasilio
1319 1524 1394 1580 meo,
1405 1515 1441 1565 ut
1453 1511 1489 1564 irc
1501 1510 1559 1564 troc

327 1612 517 1666 enonasterio
523 1625 585 1679 pro
598 1611 680 1667 uobis
692 1626 741 1666 me
751 1626 874 1667 seruum
888 1613 1027 1682 tradam,
1040 1590 1075 1667 itt
1098 1613 1143 1666 ret
1156 1603 1203 1666 aio
1215 1612 1253 1666 ab
1266 1611 1445 1664 imminenti
1456 1608 1559 1676 famis

326 1711 355 1762 et
366 1709 476 1763 mortis
491 1711 598 1777 gladio
619 1711 702 1779 eropi
722 1712 865 1765 valeatis.
888 1713 957 1777 Quid
975 1713 1053 1779 plura
1065 1714 1076 1765 1
1088 1713 1188 1766 11111011
1199 1712 1295 1778 pietas,
1307 1715 1387 1778 urget
1396 1707 1557 1763 necessitas.

327 1809 404 1862 bolet
422 1814 508 1875 pater,
531 1816 617 1864 mater
637 1825 699 1864 cum
723 1812 853 1864 iratribus
873 1812 1045 1864 lamentatur.
1070 1814 1198 1865 annuere
1220 1811 1271 1864 sibi
1292 1810 1401 1863 videtur
1421 1809 1556 1875 impium,

327 1921 443 1961 renuere
455 1908 647 1975 periculosum.
662 1911 782 1964 ‘landem
797 1911 959 1964 necessitate
971 1913 1110 1964 constricti
1125 1910 1210 1964 attilii
1233 1923 1312 1976 prece
1334 1907 1445 1976 devicti,
1459 1920 1556 1961 assen·
1578 1911 1616 1962 lb

326 2009 405 2077 tiunt,
419 2010 466 2061 sed
480 2010 566 2061 inviti.
584 2012 677 2085 ltaque
690 2011 790 2077 pariter
804 2018 956 2080 surgentes,
971 2012 1139 2066 conveniunt
1151 2015 1215 2063 ante
1228 2011 1362 2076 porticum
1372 2007 1515 2073 eeclesiae,
1525 2007 1556 2058 in

325 2122 379 2175 quo
400 2123 534 2176 pauperes
559 2100 770 2177 recipiebantur.
796 2112 907 2165 lacebat
939 2116 1030 2165 autom
1062 2110 1163 2164 ibidem
1189 2110 1333 2164 multitudo
1359 2107 1556 2176 languidorum

325 2211 540 2276 exspectantium
553 2216 683 2265 consueta
695 2212 747 2265 sibi
758 2211 817 2264 dari
829 2212 964 2265 beneficia
986 2214 1182 2266 monachorum
1195 2229 1202 2274 ;
1223 2212 1295 2263 inter
1307 2223 1376 2278 quos
1389 2208 1499 2262 tandem
1512 2209 1556 2262 vir

326 2307 372 2359 bei
384 2309 508 2361 llusicius
520 2309 637 2362 collocat
656 2324 695 2376 se,
715 2324 819 2376 pauper
839 2323 901 2363 cum
915 2311 1090 2377 pauperibus,
1105 2314 1181 2376 pater
1192 2322 1256 2363 vero
1269 2309 1343 2362 illius
1355 2321 1417 2362 cum
1429 2319 1516 2360 uxore
1527 2310 1555 2359 et

325 2407 437 2475 reliquis
450 2407 512 2461 tiliis
525 2410 553 2461 in
565 2423 621 2464 uno
634 2411 731 2465 domus
744 2411 844 2478 angulo
856 2411 988 2464 consedit.
1002 2414 1079 2464 itane
1091 2415 1183 2464 autem
1198 2410 1279 2475 iacto,
1288 2408 1439 2462 adveniens
1450 2406 1546 2474 tiator,
1567 2407 1606 2459 20

324 2509 367 2561 cui
381 2507 551 2563 infirmorum
565 2517 592 2564 et
612 2511 820 2579 peregrinorum
841 2510 1078 2577 suscipiendorum
1096 2512 1140 2564 vel
1155 2511 1317 2564 alendorum
1329 2521 1394 2562 cura
1406 2506 1555 2562 commissa

324 2607 421 2674 iuerat,
435 2607 551 2661 advertit
560 2614 664 2675 patrem
678 2611 764 2663 sancti
778 2609 877 2663 llusioii
891 2624 953 2662 cum
967 2609 1029 2661 tiliis
1048 2609 1105 2662 suis
1118 2609 1145 2661 in
1158 2608 1259 2676 angulo
1271 2607 1387 2662 domatis
1400 2605 1554 2673 sedentem,

322 2704 435 2758 ctundc
447 2706 588 2760 venissent
609 2708 651 2761 vel
672 2708 688 2761 'a
712 2721 766 2774 quo
787 2708 853 2761 illuc
874 2707 971 2760 directi
994 2706 1109 2760 luissent
1122 2707 1280 2773 requirebat
1293 2723 1301 2771 ;
1315 2718 1370 2758 non
1384 2703 1458 2758 enim
1471 2706 1555 2757 antea

322 2805 383 2858 illos
394 2805 497 2859 viderat
517 2812 544 2859 et
563 2807 688 2876 cognovit
708 2807 782 2875 quod
805 2808 977 2875 alienigenae
998 2814 1100 2860 essent.
1123 2809 1243 2873 surgens
1263 2812 1355 2858 autem
1369 2804 1503 2870 Eusioius,
1517 2817 1552 2858 eo

325 2904 398 2971 quod
412 2906 556 2959 facundior
569 2912 640 2960 esset
652 2912 676 2960 et
688 2908 773 2975 magis
795 2906 984 2975 intelligibilis,
999 2907 1141 2973 quaerenti
1160 2906 1235 2959 tratri
1249 2905 1389 2972 respondit
1402 2919 1408 2956 :
1423 2903 1554 2958 Domine
1573 2905 1612 2958 25

323 3005 377 3073 mi,
389 3019 446 3060 nos
457 3006 595 3073 Hispani
606 3007 733 3081 statione
744 3021 863 3060 sumas.
877 3008 989 3060 Fames
993 3006 1186 3074 praevalida
1199 3006 1236 3059 de
1247 3005 1362 3074 patria
1373 3007 1484 3058 nostra
1495 3016 1555 3057 noa

323 3105 447 3171 exputat
462 3108 555 3172 atque
572 3107 614 3159 od
635 3108 714 3175 fiaes
732 3107 807 3161 istos
829 3106 964 3174 appulit.
987 3106 1026 3158 Et
1039 3105 1186 3173 quoniam
1198 3119 1217 3158 o
1231 3105 1341 3158 maritis
1354 3102 1476 3173 famam
1490 3103 1554 3157 loci

326 3202 418 3270 badas
438 3207 468 3257 et
488 3207 635 3260 caritatis
656 3210 778 3260 vestrae
799 3207 989 3273 audicimus,
1012 3208 1094 3261 recto
1114 3205 1197 3259 colle
1217 3204 1276 3258 duc
1293 3203 1556 3258 devenimuslsti

325 3315 399 3368 qttos
411 3301 523 3356 videtis
530 3306 680 3370 parentes
692 3304 753 3357 inei
764 3309 847 3358 scant.
864 3306 941 3365 ortos
954 3306 1028 3372 quio
1044 3306 1136 3358 aliud
1149 3305 1233 3359 orode
1244 3305 1557 3370 eosjuoareposeum

324 3414 387 3454 noc
398 3400 500 3468 dobeo,
509 3415 571 3470 pro
583 3415 691 3457 eoram
702 3405 814 3471 solerte,
828 3405 977 3471 adsitque·
989 3404 1130 3471 occepere
1141 3404 1226 3469 vetit,
1245 3416 1293 3456 mc
1304 3415 1429 3456 servum
1441 3401 1553 3456 consti·
1574 3406 1611 3455 50

327 3504 387 3555 tao.
403 3503 586 3569 introgressus
598 3518 662 3570 ergo
675 3504 767 3569 irater,
782 3505 872 3556 abbati
885 3510 983 3557 cuncta
996 3518 1044 3570 per
1055 3504 1181 3557 ordinem
1191 3517 1262 3571 quae
1275 3502 1399 3557 audierat
1411 3501 1513 3554 retulit.

360 3603 409 3653 14.
424 3601 524 3655 Eadem
548 3608 626 3656 nocte
647 3603 737 3655 abbati
760 3604 788 3654 in
810 3608 896 3656 stratu
910 3617 958 3656 suo
980 3603 1131 3669 quiescenti
1154 3601 1308 3668 huiusmodi
1328 3601 1395 3653 visio
1419 3599 1556 3665 apparuit.

329 3700 473 3754 Videbatur
484 3702 522 3754 illi
536 3703 609 3769 (quod
622 3717 655 3755 cx
667 3716 743 3757 more
756 3716 815 3765 suo,
829 3703 898 3756 sieut
910 3704 1008 3756 ceteris
1020 3703 1118 3755 diebus
1132 3703 1220 3755 lacere
1231 3704 1421 3765 consueverat,
1434 3699 1467 3751 ad
1480 3712 1558 3765 pera·

327 3800 444 3868 gcndam
457 3815 549 3854 curam
563 3815 712 3868 pauperum
734 3808 762 3855 ct
773 3802 923 3855 visitandos
935 3816 982 3855 eos
994 3803 1115 3867 exierat;
1130 3801 1222 3867 ibique
1231 3800 1404 3867 margaritam
1416 3798 1556 3865 quandam

328 3901 551 3966 pretiosissimam
564 3915 578 3953 a
594 3903 712 3968 quodam
727 3915 845 3968 paupere
857 3903 909 3954 sibi
920 3902 1043 3954 venalem
1053 3901 1169 3967 proferri
1178 3900 1296 3964 videbat,
1310 3911 1426 3965 eamque
1439 3897 1472 3950 ad
1486 3909 1557 3964 opus
1574 3902 1613 3954 35

330 4001 487 4053 monasterii
508 4002 693 4053 necessarium
717 4002 834 4054 emebat.
859 4003 981 4068 Cumque
999 3999 1152 4067 evigilasset
1175 4012 1190 4052 a
1211 4011 1319 4063 somno,
1341 3997 1513 4050 veneruntei
1528 3997 1558 4049 in

330 4106 450 4152 mentem
468 4100 551 4152 verba
572 4100 702 4165 praedicti
724 4101 823 4162 fratris,
845 4113 914 4166 quac
935 4100 959 4152 ei
978 4098 1013 4152 de
1032 4098 1199 4165 pauperibus
1212 4094 1366 4164 peregrinis
1386 4101 1556 4149 narraverat.

330 4203 408 4252 itane
420 4213 483 4267 ergo
504 4200 584 4266 iacto,
604 4201 688 4253 abbas
706 4214 782 4253 more
801 4200 881 4253 solito
894 4201 970 4264 exiit,
984 4208 1013 4252 ut
1025 4199 1194 4266 pauperibus
1208 4197 1363 4250 necessaria
1377 4195 1558 4249 ministraret.

331 4296 448 4349 Veniens
469 4303 560 4350 autem
580 4297 615 4349 ad
628 4299 785 4365 peregrinos
807 4298 878 4360 illos,
900 4303 925 4350 et
947 4298 1042 4349 videns
1054 4309 1101 4349 eos
1114 4295 1228 4347 nimium
1242 4291 1366 4353 afflictos,
1379 4293 1454 4345 unde
1466 4298 1561 4346 essent

332 4396 482 4462 inquisivit.
504 4399 536 4447 rit
557 4404 621 4449 tunc
643 4397 711 4450 sorte
734 4398 858 4449 Eusicius
869 4398 974 4450 aberat.
987 4396 1086 4449 Audito
1100 4402 1189 4448 autem
1203 4393 1281 4461 signo
1294 4393 1327 4446 ad
1340 4392 1483 4445 ecclesiam
1496 4406 1558 4458 per·
1576 4398 1613 4449 td

330 4500 445 4562 rexerat,
458 4501 488 4547 ut
508 4501 599 4548 oraret
612 4498 766 4561 bominum,
780 4497 849 4549 sieut
861 4511 969 4562 semper
988 4496 1111 4549 iaciebat.
1128 4495 1275 4547 blonacbus
1288 4498 1378 4545 autem
1390 4491 1486 4545 videns
1499 4506 1559 4546 non

330 4595 425 4649 adesse
438 4597 584 4662 Eusicium,
598 4611 660 4651 cum
672 4611 727 4664 quo
752 4598 796 4651 die
818 4603 952 4651 transacta
974 4597 1080 4651 locutus
1093 4596 1190 4662 lucrat,
1204 4594 1346 4662 requisivit
1357 4592 1392 4647 de
1413 4606 1465 4660 eo;
1479 4598 1506 4648 ct
1516 4593 1559 4647 di·
