3316 5482
212 313 281 381 282
560 327 686 380 curun.
705 328 807 380 conb.
826 329 1001 382 moroan.
1020 330 1101 383 uer.

212 501 392 568 Patiomnr,
405 500 545 569 inquiunt,
559 498 723 570 bominem,
744 503 781 554 nt
787 514 848 569 per
867 501 1006 569 seipsam
1022 503 1066 557 ad
1082 515 1116 558 ee
1134 503 1265 573 redeat,-
1285 505 1364 574 qum
1382 506 1440 575 for·

214 605 296 657 tasse
306 601 434 669 aliquid
444 600 474 655 ei
486 600 639 655 divinitus
658 602 818 655 reueletur
830 602 877 656 vet
889 602 924 654 in
941 615 1071 658 eaeeren
1087 603 1201 658 mentia
1213 606 1264 660 ael
1283 606 1318 660 in
1330 608 1440 663 comni

212 701 412 757 revelatione.
425 701 457 755 Si
476 703 581 755 annm
592 704 703 755 nostra
729 701 903 756 temeritate
913 701 992 756 vicio
1014 703 1196 772 interrupto
1207 703 1321 776 fuerit,
1335 709 1368 761 el
1385 706 1439 762 tibi

213 802 305 857 valde
316 802 377 856 erit
394 801 590 857 contrariam
610 801 812 869 omnibusque
822 814 974 869 maenam
993 803 1298 873 eontinperepoterit
1318 805 1440 875 impedi·

212 902 360 955 mentum.
1447 906 1461 959 t

247 1001 296 1054 10.
316 1002 401 1070 Igitur
413 1001 548 1055 universis
561 1002 613 1055 boc
626 1000 773 1055 consilium
793 1001 1020 1068 approbantibus,
1033 1002 1228 1071 cumprimum
1246 1004 1308 1072 ipse
1320 1004 1439 1061 Boium

212 1100 264 1156 dus
276 1101 520 1169 expergisceretur,
539 1114 595 1156 non
615 1101 651 1154 de
672 1112 804 1168 prospera
825 1099 931 1155 visione
951 1101 1070 1171 nimium
1089 1103 1223 1171 exultare,
1236 1117 1296 1158 non
1317 1105 1440 1161 omnibns

213 1201 279 1269 quid
291 1200 393 1256 viderit
403 1199 520 1268 effutire,
535 1201 584 1255 sed
605 1215 661 1256 uno
673 1201 827 1269 eodemque
839 1202 925 1268 vultu,
946 1203 1016 1256 sicut
1028 1203 1056 1256 in
1069 1204 1170 1258 ceteris
1181 1204 1292 1273 diebus,
1311 1206 1385 1260 eirca
1397 1205 1439 1260 liei

213 1302 316 1356 cultum
330 1303 458 1356 universa
468 1301 574 1356 studuit
593 1316 734 1371 peragere.
747 1302 867 1356 Primum
888 1308 1011 1370 accepto,
1023 1302 1099 1370 quod
1113 1317 1224 1372 semper
1242 1304 1279 1358 ad
1290 1310 1376 1373 eaput
1387 1310 1441 1361 erat

212 1401 315 1470 lectuli,
327 1403 468 1470 psalterio,
490 1402 611 1469 psalmos
632 1415 741 1469 canere,
754 1403 854 1471 gratias
874 1404 928 1456 beo
944 1403 1058 1470 referre,
1079 1404 1260 1472 orationibus,
1279 1405 1441 1461 obsecratio
1453 1406 1479 1459 a

212 1502 294 1555 nibus
306 1503 360 1556 beo
373 1515 404 1555 ao
417 1506 511 1556 sancto
522 1501 664 1556 leonardo
677 1501 840 1569 supplicare,
860 1503 990 1570 quatinus
1010 1513 1169 1570 prosperam
1182 1503 1319 1558 visionem
1332 1517 1442 1573 prosper

212 1607 343 1669 sequatur
355 1603 453 1656 exitus.
466 1602 588 1656 Tandem
600 1616 676 1669 vero,
690 1604 843 1657 secundum
865 1603 996 1657 orationis
1007 1604 1237 1658 consuetudinem
1250 1605 1383 1659 omnibus
1394 1605 1443 1659 rite

130 1682 134 1691 ¹
211 1703 339 1771 peractis,
352 1716 415 1756 cum
427 1704 500 1756 inter
512 1716 577 1756 suos
587 1703 710 1757 residens
721 1703 756 1756 de
765 1703 959 1757 communibus
967 1707 1061 1771 ageret
1070 1704 1196 1772 negotiis,
1206 1709 1274 1758 tunc
1282 1704 1441 1772 bichardus,

211 1807 242 1856 ut
253 1806 312 1856 erat
323 1803 561 1871 consanguinitate
574 1807 602 1855 et
613 1802 764 1857 domestica
786 1801 969 1856 familiaritate
982 1803 1080 1856 ceteris
1092 1803 1127 1857 ad
1148 1803 1343 1858 sciscitandum
1356 1816 1443 1872 prom·

212 1901 284 1969 ptiar
305 1917 312 1954 :
334 1900 568 1970 Gratissimum,
583 1902 682 1970 inquit,
703 1901 791 1957 nobie
803 1904 890 1969 esset,
912 1905 948 1955 nt
955 1914 1017 1970 pro
1030 1902 1101 1956 ictis
1122 1901 1265 1957 omnibns
1277 1903 1403 1972 loquar,
1414 1901 1443 1957 ai
1457 1903 1481 1956 lt

211 2003 315 2056 oestro
326 2003 481 2057 relatione
488 2001 576 2057 nobie
587 2003 676 2071 fieret
688 2001 848 2070 connitum
868 2001 945 2070 qnia
957 2002 992 2054 in
1002 2001 1122 2057 vicione
1132 2000 1191 2057 bae
1202 2005 1293 2058 nacte
1304 2001 1391 2058 nobie
1401 2001 1443 2057 eit

210 2102 395 2155 revelatam.
409 2102 483 2157 Cam
490 2101 574 2156 enim
582 2102 750 2156 universas
758 2103 976 2156 statuerermm
984 2104 1195 2156 nostrarnma
1204 2101 1290 2158 vobis
1293 2102 1442 2171 pendeat,

210 2212 274 2255 non
277 2213 445 2269 possumne
449 2214 511 2269 pro
527 2201 609 2255 cobis
618 2214 682 2256 non
695 2200 889 2271 conturbari,
895 2214 985 2269 onem
996 2202 1079 2256 inter
1087 2201 1307 2256 dormieridnm
1311 2203 1444 2271 praeter

210 2299 338 2354 solitum
357 2300 434 2355 adeo
451 2300 631 2354 andivimus
652 2301 822 2369 querelari.
840 2301 882 2355 Ad
902 2302 969 2354 baec
987 2301 1157 2355 boimundus
1177 2316 1185 2355 ε
1205 2300 1252 2354 lli
1273 2299 1442 2370 litabar-de,

211 2400 311 2468 inquit,
325 2401 477 2456 lacrimae
488 2405 616 2456 nostrae
626 2415 689 2457 non
699 2404 791 2456 erant
803 2401 957 2456 maeroris
968 2402 1022 2456 sed
1037 2401 1160 2470 pandit,
1171 2413 1236 2456 non
1248 2400 1443 2469 quaranta
1457 2400 1481 2454 ss

210 2500 265 2553 aed
281 2512 342 2567 pro
362 2512 470 2555 rernm
488 2501 706 2569 mapnitadine
725 2501 920 2568 emnltantis‚·
943 2514 999 2556 nec
1016 2502 1117 2556 solum
1134 2500 1168 2553 in
1184 2500 1375 2557 dormitione
1388 2501 1443 2554 aed

208 2599 305 2652 etiam
317 2612 401 2654 nunc
415 2601 635 2667 praeparatio
654 2599 961 2655 nranantlaerimoe.
990 2598 1153 2653 veredicum
1174 2601 1208 2652 tn
1229 2611 1262 2653 ee
1282 2599 1442 2668 nuntium·

208 2710 308 2752 verace
323 2700 368 2752 eet
384 2700 541 2767 patronam
561 2702 666 2754 noster
685 2701 814 2753 sanotae
833 2697 1016 2752 leonardus
1036 2696 1247 2765 intonsaque
1266 2697 1334 2764 eiua
1346 2710 1444 2766 opero

208 2797 469 2852 misericordiam
488 2800 735 2855 antioclienus
755 2799 970 2865 eetDominaa,
982 2797 1080 2852 bonno
1101 2800 1287 2852 estranctttc
1307 2798 1443 2855 Moriar

207 2896 286 2961 dnm
297 2895 434 2952 booaitate
444 2899 548 2954 saneti
558 2899 716 2954 Monardi
727 2898 894 2966 taediante,
905 2897 948 2951 ael
958 2895 1070 2951 bonnm
1083 2897 1204 2950 emilam
1217 2897 1333 2951 cuncta
1344 2896 1441 2953 aean
1457 2899 1481 2953 Ξ

207 2996 306 3050 centio
329 3000 411 3050 enni.
434 2998 496 3051 Per
516 2999 647 3053 eandem
668 2999 930 3063 wicmannum,
955 2995 1010 3065 qni
1028 3008 1085 3050 nos
1105 2995 1288 3064 captivavit,
1308 3000 1442 3053 sanctus

208 3096 390 3151 Lemraranr
401 3111 458 3152 nos
479 3097 630 3152 liberabit.
654 3100 738 3159 meod
755 3112 839 3153 naor
854 3098 960 3167 fidelis
980 3096 1015 3150 in
1032 3094 1242 3150 benedictione
1257 3096 1440 3167 terminavit,

207 3197 345 3251 maritas
358 3197 519 3266 inperialia
543 3201 652 3266 metet,
664 3202 816 3266 mentone
836 3198 900 3266 ipsi
911 3197 1126 3251 Danismanno
1146 3209 1208 3250 ana
1223 3197 1386 3265 proemio,
1405 3209 1442 3253 eo

207 3295 290 3362 quoii
304 3295 401 3349 libera
422 3310 477 3349 nos
490 3295 599 3350 tabuit
620 3298 771 3352 eristodia.
795 3298 858 3363 lieo
880 3295 1058 3364 bertinaro
1079 3296 1262 3362 desperatus
1281 3296 1441 3364 cannatae,

205 3395 308 3448 saneti
323 3396 480 3450 leonardi
503 3397 705 3465 providentia
726 3397 1013 3451 desideratissimas
1041 3406 1094 3449 ero
1118 3394 1169 3462 [ei]
1186 3393 1317 3449 amiam.
1344 3395 1481 3455 Quem&

207 3505 312 3547 omnes
319 3497 438 3561 potant
450 3496 574 3549 enveri
584 3497 626 3550 aa
634 3496 834 3566 sapipiieiam,
844 3495 949 3549 saneti
959 3493 1118 3548 leonardi
1127 3494 1244 3547 virtute
1254 3491 1444 3549 liberandus

206 3605 287 3661 aum,
300 3606 363 3647 non
375 3595 477 3648 solnm
489 3593 675 3648 christianis
696 3596 750 3649 sed
763 3595 826 3663 ipsi
847 3594 1063 3648 Daniemonno
1075 3593 1117 3646 ad
1129 3592 1344 3660 praesidinm.
1361 3594 1443 3654 Qua·

203 3691 432 3759 propternibil
451 3693 544 3746 alind
556 3696 655 3747 restat
675 3694 740 3747 nisi
759 3695 862 3762 fidem,
876 3706 970 3761 oriam
990 3692 1206 3746 Daniemanno
1217 3690 1441 3761 promaimue,

209 3789 397 3845 inviolatam
425 3792 590 3861 custodire,
616 3795 710 3847 nulla
730 3793 884 3847 evadendi
911 3791 1167 3847 rnaelrinamenta
1193 3790 1443 3859 matriamen

209 3890 367 3943 leonardi
377 3892 620 3946 consolationem
628 3893 790 3959 patienter
796 3891 1001 3960 praestolari,
1014 3893 1160 3945 ranetam
1171 3889 1374 3945 Leonardum
1385 3904 1442 3947 ore
1458 3894 1481 3945 ἃ

208 3992 238 4043 et
249 3989 356 4043 animo
367 4002 489 4058 temper
501 3989 621 4058 babere,
635 3992 785 4045 aniverso
797 3991 861 4059 ipsi
872 3990 1073 4044 committere.

242 4065 288 4142 tt.
307 4091 369 4143 llrat
386 4091 459 4142 inter
471 4092 685 4144 banismannum
699 4098 726 4144 et
746 4091 945 4154 solimannum,
958 4103 1014 4144 non
1036 4089 1125 4142 solum
1142 4094 1206 4142 ante
1223 4087 1441 4145 christianorum

209 4187 357 4242 adventum
381 4189 429 4242 sed
453 4193 523 4255 post,
546 4189 726 4242 inveteratum
751 4194 777 4242 et
801 4188 1003 4242 immedicabile
1028 4188 1132 4254 odium,
1157 4186 1274 4254 ideoque
1298 4187 1441 4254 frequenti

209 4288 344 4341 bellorum
366 4287 569 4342 conflictatione
582 4290 705 4355 rapinae,
719 4288 856 4353 incendia,
869 4287 978 4342 caedes.
1000 4288 1120 4341 soliman
1138 4287 1266 4340 bellando
1285 4300 1398 4354 semper
1409 4301 1440 4342 ac

210 4400 308 4440 recens
321 4393 348 4439 et
359 4388 505 4453 semetipso
518 4388 664 4453 robustior,
677 4388 854 4441 banismanni
876 4400 938 4453 pars
951 4399 1058 4453 semper
1079 4387 1107 4438 in
1121 4385 1180 4439 dies
1200 4384 1443 4456 detenenltaque
1457 4391 1481 4442 ll

123 4520 127 4527 ·
210 4488 342 4551 soliman,
355 4501 390 4540 ax
411 4501 502 4541 rerum
517 4489 694 4554 prosperitate
715 4489 742 4539 in
756 4488 867 4541 nimiam
889 4489 976 4540 clatus
993 4486 1160 4553 superbiam,
1174 4485 1338 4553 legationem
1357 4488 1442 4541 mittit

210 4587 404 4655 danismanno,
418 4601 447 4641 sc
460 4586 562 4641 diutius
574 4587 646 4641 bella
667 4586 851 4654 protrahendo
864 4586 938 4641 nolle
959 4592 1066 4652 tempus
1079 4590 1232 4655 conterere,
1245 4585 1279 4639 ad
1291 4587 1401 4653 majora
1412 4600 1443 4642 se
