3316 5482
215 343 280 408 404
556 354 682 407 carun.
702 353 804 405 cono.
823 352 997 405 naamon.
1016 352 1096 404 nir.

311 525 352 602 2⁰
364 523 449 603 Vita
463 523 513 602 de
530 523 726 602 Abraham
740 531 778 603 et
795 529 911 626 nepte
929 524 1012 624 ejus
1025 520 1164 625 [illaria]
1178 519 1257 621 (fol.
1268 518 1420 617 altor).

247 660 373 724 utsupra
384 656 413 710 an
425 656 488 710 eoo.
500 657 576 723 sois,
591 659 619 710 u
632 657 710 719 (tom.
723 658 745 721 1,
757 670 785 723 p.
797 657 850 721 oo).

312 755 352 833 3Ο
368 755 453 833 Vita
472 763 625 835 sanctae
642 753 811 833 Marinae
827 753 989 855 virginis
1005 752 1083 855 (fol.
1104 750 1296 852 ani-oin*

361 1301 772 1393 conminuere
797 1300 990 1413 signatus
1009 1325 1127 1390 num.
1154 1298 1279 1391 5368.

243 1548 313 1601 Olim
326 1549 499 1603 colbertinus
511 1551 586 1615 lili,
598 1548 701 1604 deinde
713 1548 814 1617 Regius
825 1549 854 1602 C.
866 1549 942 1603 3863.
954 1549 980 1602 6.
992 1547 1019 1601 o.
1031 1557 1059 1602 o.

244 1647 380 1703 Foliorum
394 1650 451 1715 159,
464 1649 537 1703 med.
549 1646 770 1716 (immitit),
783 1648 919 1703 columnis
931 1647 1014 1714 binis,
1028 1652 1154 1700 exaratus
1165 1656 1238 1699 saec.
1250 1647 1314 1700 xlv.

310 1745 349 1821 l⁰
365 1745 449 1825 Vita
465 1746 588 1826 sancti
606 1745 815 1825 Malachiae
842 1744 1016 1849 episcopi
1044 1750 1082 1822 et
1107 1743 1342 1823 confessoris
1357 1741 1434 1844 (iol.

361 1870 524 1973 r-aap*

242 2000 371 2070 sequitur
380 2002 438 2069 (iol.
451 2006 561 2071 ior-ils)
573 2018 664 2060 sermo
677 2007 700 2059 ll
713 2004 748 2060 oe
760 2005 877 2060 transitu
890 2008 917 2060 s.
929 2005 1087 2060 llalachiae.

306 2100 346 2177 2⁰
364 2100 477 2182 Gesta
495 2103 735 2206 Barlaam1et
752 2103 947 2207 Josaphat]
965 2103 1042 2204 (fol.
1062 2100 1266 2200 ll'-30').*

167 2207 171 2214 ’
242 2235 551 2302 compendiataexllita
563 2237 645 2292 edita.

306 2330 346 2408 3⁰
362 2332 446 2413 Vita
463 2340 618 2413 sanotae
634 2335 776 2413 Mariae
793 2334 1039 2436 Magdalenae
1057 2333 1138 2424 (fol.
1160 2331 1337 2426 3023a‘).

240 2464 290 2519 lid.
303 2477 347 2532 ap.
361 2465 477 2536 Pullion,
487 2471 553 2523 tom.
566 2469 599 2537 ll,
613 2483 639 2535 p.
653 2469 757 2522 liiiio.
772 2466 992 2522 Additamentum
1005 2481 1038 2522 ex
1049 2468 1101 2522 hoc
1117 2468 1177 2535 ipso
1189 2466 1286 2521 codiee
1296 2465 1345 2521 ed.
1358 2465 1442 2534 iiio„

208 2564 371 2632 omns·
1103 2560 1106 2565 ’

306 2662 349 2738 4⁰
367 2663 583 2744 Translatio
612 2666 735 2744 sancti
760 2663 908 2743 Nicolai
927 2663 1102 2768 episcopi
1121 2671 1158 2743 et
1185 2662 1443 2763 confessoris,

356 2788 461 2868 edita
492 2812 514 2867 a
539 2790 716 2870 Johanne
745 2791 1024 2870 archidiacono
1048 2789 1227 2870 Berensis
1253 2789 1444 2890 civitatis,

355 2936 456 3015 quae
474 2914 661 2995 recolitur
677 2940 731 2994 vn
749 2915 838 2994 idus
856 2917 949 2995 maii
968 2914 1048 3012 (fol.
1070 2914 1261 3015 33‘41').*

240 3042 311 3098 And.
332 3047 460 3101 iliracula
480 3047 524 3101 ed.
546 3061 579 3101 ex
599 3049 661 3103 cod.
683 3052 765 3103 Brux.
788 3051 909 3115 low-92,
927 3049 992 3103 Cat.
1010 3049 1122 3114 Brun„
1141 3053 1207 3101 tom.
1219 3047 1239 3115 l,
1252 3048 1403 3115 pomi,
1417 3051 1448 3102 et

207 3146 282 3201 aliud
295 3147 438 3213 ineditum,
452 3145 526 3213 qnod
539 3147 637 3216 legesis
649 3149 720 3202 inira
734 3151 762 3201 in
774 3148 899 3215 append.

307 3247 347 3324 5⁰
363 3245 546 3325 Miracula
564 3248 685 3327 sancti
701 3247 849 3326 Nicolai
865 3248 1040 3349 episcopi
1056 3254 1095 3326 et
1107 3246 1342 3326 confessoris
1360 3246 1444 3347 (fol.

354 3369 531 3472 liv-tior).

239 3502 359 3555 libellus
370 3505 540 3571 conscriptus
550 3503 695 3572 aquodam
707 3507 841 3560 monacho
851 3505 980 3559 Beocensi
989 3505 1051 3574 (eir.
1059 3505 1139 3559 Hist.
1148 3503 1254 3558 littae
1264 3504 1297 3557 la
1308 3504 1446 3573 storace,

208 3606 274 3656 tom.
289 3604 331 3667 lll,
345 3617 372 3669 p.
385 3606 453 3668 aot).
467 3607 552 3670 Quem
566 3607 726 3661 exhibemus
740 3606 810 3658 inira
823 3606 850 3658 in
863 3605 988 3672 Append.

307 3701 346 3778 6⁰
362 3702 447 3782 Vita
460 3713 614 3785 sanctae
626 3705 797 3783 Marthae
812 3704 959 3782 sororis
976 3703 1113 3783 heatae
1126 3703 1267 3781 Mariae
1284 3702 1445 3805 Magda-

353 3826 464 3907 lenae
483 3838 521 3907 et
539 3829 717 3929 hospitae
735 3828 877 3906 Christi
896 3827 973 3927 (fol.
996 3828 1172 3921 out-ov).

241 3961 290 4014 nd.
303 3973 347 4027 ap.
360 3963 553 4029 llombritium,
567 3967 633 4015 tom.
647 3963 681 4016 ll.
695 3961 748 4014 Sed
760 3962 860 4014 omissa
879 3965 919 4014 esi
931 3962 959 4014 in
981 3960 1044 4015 eod.
1066 3960 1205 4027 appendix
1217 3961 1264 4013 illa
1282 3973 1356 4029 quae
1374 3962 1449 4018 duas

207 4058 318 4112 ultimas
330 4059 471 4113 columnas
488 4061 560 4127 apud
582 4060 765 4115 mombritium
786 4060 905 4126 complet
927 4067 987 4125 post
1007 4059 1158 4114 clausulam
1169 4059 1244 4112 vitae
1263 4058 1318 4114 ool.
1331 4066 1450 4129 antepe-

211 4157 335 4226 nultima,
347 4158 398 4212 lin.
412 4161 454 4213 ll.
