3316 5482
317 387 411 437 eren.
429 386 513 438 ner.
534 386 652 437 rame.
670 407 716 418 -
732 385 887 438 nerano.
906 385 955 435 nn
971 385 1049 437 eon.
1069 383 1145 435 sees.
1281 368 1347 435 387

115 554 232 619 Quidam
245 561 335 610 autem
349 557 590 626 prudentissimus,
603 558 703 612 divinis
715 557 814 612 litteris
831 558 965 624 eruditus,
978 558 1012 611 ad
1025 557 1240 625 intellegendum
1252 557 1348 610 veloci·

113 659 158 709 ter
170 663 356 724 praeparatus,
368 658 532 727 intellegens
545 660 678 713 visionem
700 660 847 713 salutarem
861 660 989 723 bominis,
1004 658 1091 725 ipsius
1103 659 1223 712 rnonitor
1234 655 1349 711 effectus

118 759 178 820 est;
191 769 273 822 quem
287 761 314 811 et
325 758 427 811 babere
440 757 522 812 iidem
536 759 652 826 monuit,
666 763 692 813 et
712 761 769 812 vias
780 759 896 814 civitatis
907 758 1066 812 Lemovicae
1078 769 1213 826 congruas
1224 757 1348 824 arripere
1370 795 1372 799 ‚

118 866 202 919 quam
212 855 331 922 primum
341 858 534 924 praecipiebat,
545 862 572 911 et
583 871 662 912 orare
671 858 844 913 devotissime
856 858 997 911 edocebat.
1007 859 1130 925 Cumque
1140 856 1198 924 ipse
1206 855 1348 911 incidisset

75 952 96 1004 5
115 951 148 1004 in
159 955 332 1021 asperitatem
345 964 372 1009 el
383 956 582 1024 longitudinem
594 958 710 1024 viarum,
724 964 782 1011 erat
791 971 911 1026 namque
922 970 956 1010 ex
971 957 1108 1011 territorio
1121 955 1347 1025 petragoricensi,

116 1053 230 1107 devenit
238 1056 273 1109 ad
281 1069 424 1123 vesperum
434 1057 468 1111 ad
478 1056 745 1124 quosdamdesertos
754 1058 838 1124 vicos,
849 1062 876 1110 et
888 1070 945 1111 non
955 1056 1220 1110 inveniensdomum
1230 1056 1350 1123 hospitii,

119 1153 257 1222 simulque
280 1140 351 1210 same
373 1156 511 1223 laborans,
536 1161 637 1210 tectum
663 1157 714 1211 sibi
738 1157 908 1211 orationibus
932 1157 1103 1224 impetrabat,
1123 1155 1306 1222 compellente
1326 1155 1352 1208 vi

120 1254 207 1307 nimia
215 1254 330 1321 pluviae.
344 1257 449 1309 Favens
461 1258 531 1309 beus
545 1256 715 1309 orationibus
727 1257 785 1324 ejus
799 1269 848 1322 per
861 1256 956 1309 merila
968 1255 1060 1310 dilecti
1072 1255 1115 1309 sui
1127 1255 1265 1319 liartialis,
1278 1267 1353 1323 prae·

118 1354 225 1421 paravit
236 1355 261 1407 ei
274 1360 437 1408 nocturnam
448 1357 569 1422 quietern
590 1356 619 1408 in
631 1355 751 1422 quodam
764 1356 881 1422 clibano,
895 1356 942 1409 ubi
964 1360 990 1409 et
1003 1355 1182 1409 reiectionem
1200 1355 1253 1408 sibi
1265 1355 1353 1409 abun·

64 1454 102 1506 ii)
120 1451 219 1506 denter
231 1455 359 1522 repperit.
369 1457 435 1508 liam
448 1454 486 1508 ibi
498 1455 568 1509 duos
578 1469 664 1522 panes
684 1457 770 1509 mirae
782 1452 979 1524 magnitudinis
991 1461 1018 1510 et
1029 1448 1168 1509 suavitatis
1185 1453 1298 1517 invenit,
1321 1466 1355 1506 ex

121 1554 233 1624 quibus,
247 1567 391 1622 quousque
407 1554 524 1608 civitatis
535 1556 695 1609 Lemovieae
707 1557 852 1624 attingeret
872 1556 991 1621 moenia,
1011 1568 1072 1609 sese
1093 1554 1197 1608 reiecit.
1220 1551 1353 1620 Equidem

120 1657 178 1724 jam
190 1655 304 1710 meliora
320 1667 446 1722 sperans,
460 1655 692 1709 animadvertebat
712 1653 797 1710 affore
810 1653 863 1709 sibi
883 1654 1011 1709 effectum
1025 1652 1122 1708 salutis
1142 1653 1275 1716 futurum,
1289 1664 1351 1705 cum

121 1760 304 1823 perventurus
316 1758 388 1808 esset
407 1752 441 1807 ad
462 1759 570 1821 portum
582 1755 715 1826 cupitum,
728 1761 754 1808 et
774 1756 826 1808 sub
843 1756 922 1809 uno·
938 1755 1060 1821 eorporis
1076 1758 1102 1807 et
1119 1753 1204 1807 animi
1216 1751 1356 1805 alacritate
1416 1763 1425 1784 ·
1461 1763 1492 1817 ·‚

121 1855 203 1922 quasi
220 1855 276 1922 jam
297 1859 408 1908 sanatus
429 1854 578 1908 fruebatur.
592 1856 625 1908 At
642 1855 690 1908 ubi
711 1860 874 1922 perventum
895 1860 936 1909 est
953 1860 1017 1908 ante
1038 1853 1220 1920 praesentiam
1237 1851 1355 1918 apostoli

71 1958 107 2010 ib
125 1952 233 2019 Christi,
247 1952 343 2006 orabat
362 1965 460 2006 caecus
472 1958 503 2005 ut
522 1965 626 2006 sacram
646 1953 761 2021 gratiam
781 1953 880 2006 christi
901 1953 1026 2020 accipere
1048 1956 1209 2006 mereretur.
1223 1950 1278 2005 Sed
1296 1964 1358 2005 curn

123 2051 262 2108 difficilius
274 2049 425 2118 audiretur,
447 2064 499 2105 nec
519 2057 638 2105 cessaret
656 2053 716 2119 ipse
736 2065 835 2107 caecus
856 2054 890 2106 ab
911 2054 1045 2121 oratione,
1066 2052 1248 2106 confitebatur
1268 2052 1358 2118 potius

124 2165 187 2208 esse
199 2152 302 2219 largam
315 2151 361 2204 bei
372 2151 601 2205 misericordiam.
615 2152 782 2206 Mirabantur
791 2153 872 2221 igitur
885 2153 1022 2220 nonnulli,
1032 2153 1156 2206 videntes
1168 2165 1281 2206 caecum
1297 2150 1361 2204 talia

123 2251 245 2319 proiari;
261 2252 309 2320 qui
320 2251 385 2306 licet
406 2251 490 2304 tantis
501 2252 630 2318 precibus
651 2251 827 2306 elementiam
839 2252 947 2307 divinae
968 2252 1174 2307 misericordiae
1192 2252 1360 2320 imploraret,

124 2356 219 2405 tanmn
230 2351 327 2405 beatus
339 2349 467 2403 Martialis
479 2348 561 2403 fldem
573 2351 633 2417 ejus
653 2364 703 2417 per
715 2351 808 2405 omnia
819 2351 976 2417 declaravit,
989 2355 1020 2405 ut
1036 2352 1122 2420 magis
1142 2351 1262 2417 pulsaret
1273 2347 1362 2416 preci-

71 2453 107 2504 20
127 2450 180 2503 bus
192 2449 366 2508 clementiam
379 2449 509 2516 divinam,
521 2451 596 2503 unde
607 2455 713 2504 certum
727 2454 785 2504 erat
796 2450 882 2505 multo
895 2451 980 2518 magis
992 2463 1149 2506 exerescere
1161 2451 1276 2504 salutern
1289 2449 1358 2516 ejus.

132 2552 198 2604 Cum
207 2550 289 2618 igitur
300 2551 329 2601 in
342 2548 434 2603 medio
443 2548 679 2617 quadragesimae,
687 2549 824 2604 dominica
833 2550 929 2615 [eirca]
939 2551 1033 2604 boram
1043 2551 1159 2614 tertiam,
1170 2549 1362 2603 emanantibus

131 2650 219 2705 oeulis
228 2650 379 2703 ferventem
389 2653 415 2702 et
427 2649 562 2703 fumosam
571 2662 681 2716 aquam,
694 2650 810 2704 caecitas
821 2663 870 2716 per
881 2651 977 2709 merita
991 2651 1105 2717 apostoli
1122 2651 1222 2703 summi
1234 2648 1362 2702 liertialis

131 2749 262 2803 aboculis
271 2747 698 2813 abscessisset‚lumine'reddito
707 2748 828 2817 gaudere
837 2752 1011 2816 praeceptum
1021 2749 1255 2816 amplectebantur
1265 2759 1361 2802 omnes
1417 2766 1428 2787 ι

132 2859 198 2912 prae
217 2846 327 2916 gaudio,
350 2847 563 2916 ingemiscentes
583 2851 610 2900 et
628 2846 770 2911 laetantes,
793 2848 911 2900 maxime
933 2848 980 2901 bei
1000 2847 1099 2900 virtute
1119 2846 1214 2914 gavisi.
1235 2848 1359 2913 cumque

80 2947 117 3000 ab
132 2946 309 3013 plauderetur
329 2946 363 2999 ad
390 2945 488 3014 gaudia
509 2945 623 3000 devotus
643 2946 756 3013 quidem
776 2947 905 3013 populus,
927 2949 981 3000 beo
1002 2947 1190 3013 omnipotente
1211 2946 1240 2998 in
1263 2945 1361 2998 diebus

134 3046 259 3098 saevisse
271 3045 405 3112 visitante,
425 3045 628 3112 congratulatus
639 3051 680 3098 est
699 3046 802 3114 gloriae
823 3046 938 3113 apostoli
960 3046 1019 3112 ejus
1032 3045 1168 3099 Martialis.
1181 3048 1266 3100 Porro
1284 3044 1363 3097 mira·

135 3143 197 3197 bilis
208 3144 369 3213 peregrinus
380 3143 512 3211 repedare
521 3145 614 3210 jussus
632 3144 730 3196 urbem
744 3144 1013 3211 petragoricensium,
1027 3142 1259 3212 magnificaturam
1278 3146 1363 3197 beum

134 3249 161 3298 et
172 3244 342 3298 mirabilibus
354 3244 451 3296 christi
473 3244 501 3295 in
520 3242 619 3297 dilecto
633 3255 684 3296 suo
703 3243 827 3308 apostolo
848 3243 968 3297 liartiale
981 3256 1078 3311 magna
1100 3250 1127 3297 et
1139 3244 1208 3297 mira
1223 3243 1362 3310 operantis

133 3345 299 3411 gavisuram,
317 3357 387 3411 quae
406 3344 501 3410 utique
519 3343 644 3409 plurimis
663 3341 771 3410 gaudiis
787 3342 910 3411 gaudere
930 3344 1048 3397 habebat
1065 3357 1115 3410 pro
1130 3348 1206 3398 tauto
1218 3342 1361 3397 miraculo.

83 3443 118 3497 ³0
134 3445 232 3497 Actum
252 3448 294 3497 est
311 3444 362 3497 boc
381 3442 416 3495 ad
437 3443 610 3496 clementiam
630 3442 823 3496 declarandam
840 3442 987 3496 salvatoris
998 3448 1026 3496 et
1037 3443 1071 3496 ad
1084 3457 1214 3512 magnum
1234 3443 1362 3497 meritum

87 3591 92 3598 .
135 3542 335 3597 ostendendum
348 3543 459 3610 pretiosi
476 3543 527 3596 viri
540 3542 678 3608 Martialis,
691 3542 738 3609 qui
760 3544 816 3595 toto
833 3542 895 3594 nisu
913 3547 1024 3596 seculus
1037 3546 1078 3596 est
1089 3543 1251 3605 bominum,
1265 3542 1309 3596 eui
1321 3547 1364 3596 est

135 3642 220 3710 gloria
231 3648 259 3696 et
269 3642 413 3710 imperium
426 3655 475 3709 per
488 3643 580 3696 omnia
593 3642 701 3696 saecula
713 3642 896 3696 saeculorum.

167 3742 222 3796 29.
239 3741 345 3796 Aliud.
359 3740 423 3810 [db]
435 3742 614 3809 Temporibus
626 3741 716 3795 Basilii
733 3742 913 3808 imperatoris,
926 3742 1046 3808 partium
1062 3741 1236 3797 orientalium
1250 3742 1361 3811 quidam
1441 3766 1445 3773 r

134 3839 285 3895 nobiliores
296 3839 331 3894 de
343 3839 450 3893 civitate
462 3840 622 3906 Caminone,
635 3843 760 3906 quaeest
776 3837 848 3893 ultra
862 3840 959 3894 urbem
977 3840 1206 3895 Tolosanensium
1224 3842 1308 3895 trium
1320 3840 1362 3893 iti·

82 3939 118 3992 ab
133 3951 202 3991 nere
214 3938 321 3992 dierum
332 3939 377 4004 (i),
389 3937 531 3991 venientes
544 3950 658 4004 peregre
679 3937 713 3990 ad
736 3937 876 3990 basilicam
896 3937 983 3991 sancti
1004 3939 1142 4005 ilartiaiis,
1156 3943 1184 3992 et
1201 3939 1258 4005 jam
1276 3939 1305 3992 in
1317 3938 1361 3993 via

135 4037 299 4104 equitantes,
312 4036 450 4105 quendam
468 4038 597 4104 juvenem
618 4037 744 4102 [surdum
763 4041 790 4090 et
808 4036 926 4106 mutum]
944 4037 973 4091 in
990 4038 1090 4092 itinere
1107 4039 1167 4106 ipso
1181 4039 1362 4093 invenerunt.

134 4136 187 4200 Qui
197 4137 386 4205 nesciensque
399 4137 556 4204 tenderent,
568 4143 660 4189 tamen
677 4135 796 4204 quadam
809 4137 835 4189 vi
850 4137 951 4190 ruentis
968 4137 1096 4206 agitatus,
1109 4139 1226 4205 arreptis
1239 4139 1364 4206 equiturn

132 4235 208 4302 jubis
220 4235 417 4305 retardansque
428 4236 500 4302 illos,
521 4240 592 4289 nutu
612 4248 666 4302 quo
687 4240 793 4300 poterat
810 4236 972 4301 precabatur
983 4250 1040 4305 eos,
1053 4245 1084 4291 ut
1094 4239 1159 4290 'cum
1171 4238 1239 4304 ipsis
1252 4238 1300 4291 ubi
1312 4237 1364 4303 ipsi

135 4334 287 4388 tendebant
298 4338 434 4403 pergeret.
455 4333 621 4399 Quibusdam
643 4338 753 4400 propter
773 4347 843 4387 onus
864 4335 974 4389 itineris·
987 4337 1072 4403 ipsius
1085 4338 1292 4404 reluctantibus,
1305 4337 1365 4403 qui-

82 4436 120 4488 40
137 4433 202 4488 dam
213 4436 329 4490 sanioris
340 4435 440 4489 mentis
452 4448 486 4488 ex
504 4434 571 4502 ipsis
582 4434 752 4501 exclamavit,
775 4433 889 4487 dicens:
912 4434 952 4487 Et
964 4434 1022 4489 iste
1033 4437 1158 4491 auxilio
1169 4440 1237 4505 eget
1246 4438 1264 4504 ·,
1278 4439 1308 4491 et
1320 4435 1363 4488 ad

171 4633 207 4700 (i)
222 4633 351 4689 munes.
365 4633 419 4687 Gir.
432 4632 562 4699 Arbellot‚
575 4630 665 4685 Liore
677 4630 731 4685 des
742 4628 890 4685 miracles
902 4631 941 4685 de
951 4631 980 4686 S.
993 4631 1135 4701 Marmei,
1149 4648 1175 4701 p.
1188 4637 1231 4690 ib.

1422 4451 1433 4473 ·
1446 4450 1512 4505 cod.

1419 4516 1510 4586 deget.
