3316 5482
221 333 288 399 624
562 347 687 397 carru.
707 346 809 397 cono.
828 345 1002 397 uxoreae.
1021 345 1102 396 nun.

217 518 383 572 dombabet.
397 517 492 570 carnis
514 529 632 584 namque
654 517 832 583 petulantiam
853 516 1089 581 abstinentiarum,
1110 514 1265 583 vigiliarum
1289 521 1316 568 et
1333 515 1429 568 aliorum

218 620 411 673 exercitiorum
426 617 612 683 spiritualium
625 617 719 670 labore
739 616 779 669 sie
799 616 923 669 edomuit
943 620 973 668 ut
994 628 1050 668 non
1062 614 1137 681 quod
1150 613 1209 680 ipsa
1222 614 1307 667 vellet
1317 614 1363 668 sed
1375 610 1432 681 quod

218 718 328 783 spiritus
348 716 481 769 suadebat
502 715 612 769 iaceret.
633 715 725 768 uundi
746 725 858 782 quoque
879 714 1013 768 vanitates
1025 719 1052 766 et
1063 712 1166 766 saeculi
1180 713 1328 766 blanditias
1339 713 1434 767 omniuo

215 817 388 883 contempsit,
401 821 431 869 ut
443 820 498 868 tota
511 816 570 881 ejus
582 815 754 867 conversatio
766 814 794 866 in
806 814 883 867 eaelo
894 826 954 866 esse
967 812 1114 867 videretur.
1132 814 1273 880 Quotquot
1294 813 1373 866 etiam
1385 811 1436 866 anti·

218 916 265 983 qui
277 916 411 982 serpentis
423 916 541 968 versutia
552 914 750 967 adversitatum
772 914 991 967 machinamenta
1013 913 1065 980 ipsi
1086 913 1237 977 suscitavit,
1261 925 1351 980 aequo
1361 912 1461 966 animet

217 1015 310 1069 omnia
322 1015 425 1081 ferens,
439 1013 575 1080 nequead
596 1012 721 1066 dextram
743 1026 832 1080 neque
844 1012 879 1066 ad
888 1013 1029 1065 sinistram
1042 1012 1323 1079 declinavitiantae
1335 1023 1440 1078 praeser-

215 1115 264 1168 tim
278 1114 436 1169 bumilitatis
458 1115 556 1168 virtute
579 1114 677 1167 enituit
695 1117 726 1166 ut
746 1113 902 1167 famulabus
915 1114 948 1166 ad
961 1113 1123 1179 obsequium
1136 1111 1189 1165 sibi
1200 1111 1343 1179 deputatis
1356 1110 1439 1166 sedulo

219 1212 377 1266 deserviret.

247 1312 367 1377 [Lectio
386 1313 501 1377 vme]
522 1314 636 1365 interim
646 1312 712 1366 dum
724 1313 764 1367 sie
775 1312 929 1366 devotionis
944 1313 1033 1366 studio
1047 1317 1194 1378 aestuaret,
1209 1312 1319 1380 legatus
1332 1310 1444 1373 advenit,

216 1411 263 1478 qui
276 1412 378 1466 dictum
391 1415 477 1466 lletan
490 1414 634 1480 conjugem
652 1426 732 1466 suum
746 1413 817 1465 viam
838 1412 984 1466 universae
996 1411 1088 1464 earnis
1100 1413 1256 1478 ingressum
1270 1423 1333 1464 esse
1347 1409 1446 1464 nunbu-
1460 1408 1482 1460 it

216 1516 267 1564 ret.
280 1514 337 1576 Quo
359 1525 408 1578 pro
429 1518 504 1566 certo
526 1516 676 1579 comperto,
695 1511 769 1579 quod
788 1513 876 1566 soluta
894 1492 1026 1579 compede
1041 1510 1195 1580 conjugalis
1211 1510 1318 1564 vinculi
1331 1510 1446 1564 babeuas

215 1623 281 1664 suae
293 1612 440 1665 voluntatis
452 1617 544 1678 posset
557 1612 642 1665 libere
663 1625 800 1676 exercere,
820 1612 972 1679 praelatum
986 1613 1144 1679 episcopum
1163 1619 1277 1664 sanetae
1291 1611 1365 1663 vitae
1376 1610 1447 1672 adiit,

214 1711 291 1777 eujus
303 1713 464 1765 auctoritate
481 1718 508 1765 et
528 1712 710 1765 erudimentis
730 1713 814 1765 vitam
834 1717 987 1765 assumeret
1008 1724 1063 1778 qua
1083 1709 1203 1779 regulari
1224 1710 1325 1763 babitu
1338 1707 1449 1763 saeculo

214 1808 323 1863 viduata
335 1811 470 1864 christum
484 1812 588 1865 nudum
609 1811 683 1865 nuda
702 1816 874 1879 sequeretur.
900 1812 986 1877 liujus
1007 1811 1120 1877 inquam
1138 1809 1208 1862 treta
1221 1809 1352 1875 consilio,
1366 1809 1451 1875 prius·

217 1923 299 1977 quam
313 1911 479 1978 propositum
491 1917 601 1965 sanctae
619 1911 807 1977 inspirationis
827 1910 925 1965 ellectu
937 1909 1097 1976 compleret,
1111 1910 1230 1977 patriam
1242 1922 1323 1963 suam
1336 1909 1449 1962 visitans
1464 1907 1493 1960 lt

214 2022 264 2075 pro
276 2010 359 2063 rebus
372 2010 475 2064 ibidem
488 2010 670 2078 disponendis
694 2012 745 2064 iter
766 2011 890 2078 arripuit.
911 2011 1007 2076 ibique
1022 2023 1079 2063 non
1091 2009 1139 2064 diu
1154 2014 1271 2078 morata,
1284 2010 1383 2063 omnia
1393 2022 1454 2075 pru·

213 2107 311 2162 denter
323 2110 477 2175 ordinarit3
499 2115 526 2162 et
546 2110 660 2163 collecta
672 2123 766 2163 secum
783 2109 967 2176 suppellectili
981 2123 1043 2163 eum
1057 2122 1155 2177 magna
1168 2122 1263 2162 rerum
1278 2107 1453 2162 abundantia

214 2218 285 2272 quae
297 2219 356 2259 eam
367 2208 428 2274 jure
441 2207 616 2274 proprietatis
628 2208 782 2276 attigerant,
796 2208 962 2277 lloguntiam
976 2221 1085 2261 reversa
1098 2211 1148 2260 est.
1163 2209 1238 2260 lnter
1250 2212 1347 2260 cetera
1359 2210 1452 2259 autem

214 2305 396 2371 pretiosorum
408 2312 643 2371 ornamentorum,
657 2306 800 2360 duodecim
817 2312 892 2360 scuta
906 2307 966 2359 auri
986 2306 1062 2360 rubri
1079 2312 1107 2359 et
1124 2305 1237 2359 totidem
1251 2317 1344 2372 equos
1358 2306 1451 2373 nigros

213 2415 307 2458 seeum
319 2404 469 2458 adduxerat
481 2422 489 2471 ;
500 2418 550 2471 pro
559 2405 660 2471 quibus
671 2405 817 2470 emptionis
829 2405 909 2459 titulo
922 2405 1053 2470 areolam,
1070 2418 1141 2473 quae
1153 2404 1204 2457 sita
1216 2410 1260 2458 est
1272 2404 1301 2456 in
1315 2403 1380 2457 Scia
1389 2416 1449 2471 gur·
1465 2402 1494 2454 bt

212 2503 267 2571 gite
278 2510 355 2570 parte
367 2503 528 2557 occidentali
542 2486 612 2556 inira
625 2517 730 2568 muros,
744 2504 792 2557 ubi
804 2517 879 2557 nunc
895 2505 946 2557 sita
963 2510 1004 2557 est
1020 2505 1176 2572 lloguntina
1189 2503 1297 2565 civitas,
1309 2516 1377 2555 euni
1392 2501 1450 2555 aliis

213 2604 346 2657 reditibus
359 2605 577 2670 competentibus
598 2605 769 2672 proprietatis
789 2607 841 2659 sibi
859 2607 923 2672 jure
943 2607 1104 2660 vendicavit.
1128 2607 1158 2658 ln
1171 2618 1226 2672 qua
1237 2596 1388 2658 eeclesiam
1403 2603 1448 2657 bei

211 2704 351 2771 genitricis
363 2704 497 2772 gloriosae
510 2719 673 2772 semperque
693 2706 805 2774 virginis
825 2707 924 2759 llariae
943 2706 1091 2772 fabricans,
1105 2711 1265 2758 sanctarum
1281 2705 1451 2758 seminarum

213 2801 416 2856 multitudinem
428 2816 484 2856 non
497 2802 631 2856 modicam
644 2803 763 2872 collegit,
776 2817 848 2871 quae
861 2816 909 2871 per
921 2804 967 2857 bei
977 2804 1092 2872 gratiam
1104 2803 1279 2869 postmodum
1292 2803 1449 2857 successive

212 2901 326 2955 adaucta
339 2907 388 2955 est.
399 2904 474 2955 inter
485 2916 553 2968 quas
566 2908 592 2955 et
605 2903 663 2968 ipsa
676 2904 719 2969 pie
741 2904 844 2969 vivens,
867 2902 1002 2970 quidquid
1015 2903 1174 2969 possidebat
1190 2903 1297 2967 praedii
1311 2909 1339 2955 et
1352 2915 1445 2956 rerum
1462 2901 1490 2952 ib

211 3001 403 3068 temporalium
416 3002 529 3055 firmiter
541 3003 569 3054 in
582 3015 727 3055 commune
739 3002 872 3068 tradebat,
883 3003 996 3056 utnulla
1006 3003 1153 3069 quiequam
1163 3003 1279 3055 baberet
1290 3003 1446 3068 proprium.

213 3101 260 3154 sed
273 3101 401 3154 omnibus
413 3103 505 3154 omnia
518 3109 595 3154 erant
609 3103 775 3155 eommunia.
789 3105 847 3155 Non
859 3103 948 3156 solum
966 3103 1157 3168 temporalium
1171 3103 1337 3168 necessaria,
1353 3115 1446 3154 verum

213 3201 292 3253 etiam
305 3204 414 3253 sanctae
426 3201 603 3254 institutionis
616 3202 745 3254 alimenta
757 3203 841 3254 verbo
854 3207 881 3254 et
892 3203 1018 3268 exemplo
1031 3202 1212 3254 ministrabat.

244 3300 353 3353 Lectio
366 3302 433 3352 ixa.
456 3303 535 3353 Beata
548 3301 671 3364 ltillrilda,
688 3301 806 3353 duarum
819 3314 943 3354 sororum
958 3302 1056 3354 itariae
1076 3301 1229 3353 etliartbae
1243 3300 1341 3353 sedula
1356 3300 1445 3352 imita·

210 3400 272 3463 trix,
286 3399 429 3465 utriusque
442 3413 533 3463 sexus,
552 3400 621 3452 vitae
634 3401 736 3452 activae
760 3401 865 3453 seilicet
887 3407 913 3453 et
935 3400 1172 3466 contemplativae,
1196 3398 1317 3451 fructum
1330 3410 1444 3464 carpere
1458 3398 1487 3448 50

212 3500 369 3566 satagebat:
384 3498 412 3550 in
433 3500 520 3551 activa
543 3500 644 3565 quippe
661 3498 780 3552 officiosa
800 3500 932 3552 esurienti
954 3513 1051 3565 panem
1074 3500 1209 3566 frangere,
1232 3503 1328 3563 potum
1342 3498 1444 3550 sitienti

213 3599 360 3664 porrigere,
374 3599 514 3663 cooperire
527 3597 626 3664 nudos,
649 3599 761 3650 visitare
782 3598 915 3663 intirmos,
938 3599 1110 3666 ignorantem
1130 3598 1292 3663 informare,
1304 3596 1445 3651 discordes

211 3708 319 3762 pacare,
333 3702 478 3761 peccantes
490 3698 518 3750 in
531 3698 643 3751 caritate
655 3698 794 3765 corripere
807 3715 814 3763 ;
829 3699 857 3749 in
870 3698 1079 3764 contemplativa
1092 3710 1166 3765 vero,
1178 3697 1293 3764 abjectis
1307 3696 1444 3750 universis

210 3895 386 3947 exultationis
398 3909 460 3947 eum
473 3898 527 3948 beo
539 3910 612 3948 unus
632 3897 743 3961 spiritus
764 3897 822 3949 luit,
836 3898 955 3959 Quantos
976 3897 1014 3948 ibi
1032 3894 1185 3948 dulcedinis
1198 3900 1296 3962 gustus
1309 3895 1439 3958 hauserit,
1455 3893 1483 3944 ob

211 3994 272 4046 lons
284 3994 437 4059 oculorum,
459 3995 590 4048 continuo
613 4009 675 4049 rore
694 3996 822 4048 derivans
843 3996 979 4061 lacrimas,
1001 3994 1129 4048 ostendit.
1152 3997 1224 4046 llaec
1237 3993 1374 4061 evangelii
1388 4005 1440 4045 non

210 4092 291 4146 surda
313 4093 430 4145 auditrix
444 4094 631 4147 observantias
643 4094 765 4162 decalogi
779 4096 871 4147 stricte
891 4093 1046 4158 custodivit,
1061 4108 1095 4147 ne
1109 4095 1136 4145 in
1158 4093 1273 4145 minimo
1287 4091 1439 4156 offendens,

209 4193 333 4245 omnium
346 4205 392 4245 rea
405 4192 491 4245 fieret.
504 4196 641 4257 Quantum
663 4195 744 4246 etiam
758 4196 878 4246 culmine
895 4195 1025 4247 virtutum
1045 4194 1202 4260 profecerit,
1216 4194 1287 4245 vitae
1301 4205 1368 4246 suae
1381 4205 1438 4259 per·

210 4290 290 4343 lectio
303 4291 459 4344 declaravit.
474 4294 504 4344 ln
523 4293 682 4359 theologicis
703 4306 822 4359 namque
844 4294 963 4358 pollebat
980 4293 1035 4345 side
1048 4299 1129 4359 recta,
1144 4306 1192 4359 spe
1213 4299 1316 4357 erecta,
1330 4292 1438 4345 caritate

208 4391 338 4456 perlecta.
354 4392 384 4442 ln
396 4392 582 4444 cardinalibus
594 4393 644 4444 luit
656 4393 835 4445 nibilominus
855 4407 904 4458 per
926 4393 1102 4459 prudentiam
1114 4393 1325 4458 circumspecta,
1337 4390 1437 4458 justitia
1453 4388 1479 4439 td

207 4488 319 4553 directa,
334 4490 493 4543 fortitudine
514 4492 649 4555 roborata,
673 4506 721 4557 per
741 4494 951 4558 temperantiam
968 4494 1118 4546 moderata.
1132 4492 1245 4544 interim
1259 4491 1326 4544 dum
1340 4489 1437 4543 famula

208 4587 253 4640 bei
266 4588 309 4640 bis
321 4593 348 4640 et
359 4589 494 4642 similibus
506 4591 636 4643 virtutum
648 4592 776 4657 operibus
788 4591 868 4658 quasi
880 4592 937 4658 apis
949 4596 1142 4660 argumentosa
1151 4590 1307 4658 insudaret,
1318 4588 1437 4643 infinitae
