3316 5482
234 322 277 387 98
572 341 698 392 carun.
717 341 818 392 oonn.
838 341 1011 391 usercen.
1032 340 1112 392 nar.

227 506 324 561 subter
336 519 477 576 quercum,
491 509 588 563 exiens
599 524 680 564 ursus
690 510 725 565 de
742 510 820 577 silva,
833 509 968 576 arripiens
980 523 1068 562 unum
1088 509 1185 563 bovem
1197 510 1245 576 qui
1257 510 1350 577 ipsum
1368 523 1453 577 corpu:

205 630 207 634 ⁴
231 608 365 676 trahebat,
377 608 517 663 devoravit
538 624 612 664 eum.
626 614 692 664 cum
714 625 779 666 vero
800 612 955 665 mundatum
969 609 1155 663 tuissetbeato
1177 610 1304 664 Ferreolo
1325 610 1453 678 episcopo

231 712 350 760 maestus
362 706 459 773 iactus,
473 714 564 762 umen
576 710 681 762 concite
693 722 817 778 surgens,
831 709 967 776 adipsum
981 724 1088 777 ursum,
1101 712 1148 778 qui
1166 713 1265 765 bovem
1278 710 1453 766 devoraverat

231 804 316 871 venit,
333 805 462 872 eiquede
479 806 587 872 baculo,
610 821 693 874 quem
706 820 789 861 manu
802 808 922 872 tenebat,
936 823 985 876 per
998 809 1099 862 collum
1112 810 1166 863 levi
1179 810 1234 862 ictu
1253 809 1368 872 feriens,
1380 809 1447 862 dixit

233 902 363 972 Sequere
373 918 430 959 me.
444 906 493 970 Qui
514 908 603 960 statim
625 920 745 973 sequens
766 921 838 973 eum,
852 908 914 961 bovi
937 922 1004 963 sano
1025 911 1167 976 conjunxit
1179 914 1261 976 atque
1282 908 1308 963 ei
1330 909 1454 976 praecepi

235 1003 349 1059 dicens:
370 1005 409 1059 Iu
428 1007 554 1061 nemim
572 1007 697 1061 Domini
710 1007 875 1075 praecipio
896 1008 954 1061 tibi
972 1011 1007 1062 ut
1028 1009 1125 1062 istum
1141 1021 1273 1064 currum
1291 1021 1365 1064 eum
1382 1021 1453 1063 omn

234 1105 401 1174 ditipeutia
414 1104 540 1160 trahere
551 1104 661 1160 debeas
673 1119 772 1174 usque
782 1107 825 1160 od
839 1108 940 1162 locum
952 1107 1007 1162 ubi
1017 1112 1162 1164 sonetum
1175 1121 1289 1176 corpus
1308 1108 1453 1163 tumulos

234 1206 311 1260 dum
330 1208 385 1260 est.
398 1205 475 1270 Quod
493 1211 520 1259 et
530 1206 630 1259 factum
649 1206 708 1260 tivit.
723 1210 755 1260 llt
766 1212 857 1260 autem
876 1208 911 1260 ad
928 1208 1017 1262 locum
1030 1215 1142 1263 ventum
1155 1215 1205 1276 est,
1218 1209 1287 1262 dixit
1298 1208 1396 1262 beatus
1408 1211 1453 1262 Fet

235 1305 327 1359 reolus
343 1303 433 1359 eidem
446 1317 510 1358 urso
523 1321 530 1358 :
545 1304 626 1358 Vade
643 1305 679 1356 iu
693 1317 775 1373 pace
795 1305 837 1358 od
856 1307 956 1360 locum
975 1309 1064 1361 tuum
1084 1308 1169 1360 uude
1186 1307 1319 1375 venisti,·
1340 1307 1453 1362 nullam

236 1403 371 1470 laedens,
384 1417 406 1457 u
423 1404 514 1457 uultu
533 1403 619 1458 laedi
632 1404 760 1471 poteris.
780 1407 857 1458 Tunc
868 1405 954 1459 isdem
972 1420 1062 1472 ursus,
1078 1407 1150 1461 beati
1163 1407 1283 1461 Ferreoli
1297 1406 1383 1473 pedes
1394 1420 1453 1462 osci

233 1503 294 1556 lans
302 1508 329 1558 et
340 1504 456 1573 lingens,
465 1517 591 1558 reversus
602 1509 644 1557 est
655 1505 690 1557 ad
699 1504 789 1558 locum
801 1518 891 1558 suum.
900 1506 1076 1558 beatissimus
1088 1520 1153 1561 vero
1167 1507 1310 1559 Ferreolus
1322 1507 1454 1573 episcopu

232 1617 295 1674 cum
308 1617 407 1672 magno
420 1605 524 1658 honore
536 1604 662 1671 sepelivit
680 1616 780 1670 corpus
797 1604 948 1657 beatissimi
961 1605 1073 1657 Firmini
1087 1606 1207 1672 episcopi
1226 1606 1255 1657 in
1276 1605 1384 1658 tumulo
1397 1605 1453 1659 ben

234 1704 386 1771 composito
407 1705 435 1757 in
445 1704 562 1758 ecclesia
573 1705 602 1757 in
611 1705 716 1758 bonore
725 1704 811 1757 sancti
820 1704 935 1756 Baudilii
945 1705 1069 1771 martyris
1081 1710 1239 1758 consecrata
1251 1704 1318 1757 ioris
1331 1705 1453 1759 civitates

235 1804 331 1856 tlcecia
340 1804 419 1870 juxta
430 1816 540 1856 murum
564 1803 687 1868 ejusdem
712 1802 837 1856 civitatis.
851 1803 881 1854 ln
912 1816 966 1869 qua
991 1803 1106 1870 quiescit
1128 1808 1206 1856 antro
1229 1803 1357 1856 coenobii
1377 1808 1453 1870 pasto

235 1901 368 1954 vocabulo
379 1901 514 1953 Firminus
526 1901 633 1968 magno·
643 1899 806 1967 tranquillus
816 1902 862 1967 qui
884 1901 950 1953 vixit
967 1901 996 1952 in
1014 1914 1091 1966 aevo,
1102 1901 1171 1954 sicut
1181 1901 1282 1967 placuit
1291 1904 1356 1954 lieo.
1371 1904 1402 1954 ln
1415 1915 1452 1968 qu

237 2001 298 2055 loco
311 2014 345 2055 ex
363 2014 395 2055 eo
407 2006 529 2067 tempore
542 2001 640 2053 multas
653 2000 767 2053 virtutes
780 2001 912 2053 Dominus
925 2014 973 2067 por
985 2013 1094 2054 servum
1107 2014 1187 2054 suum
1199 2005 1253 2053 tam
1266 2000 1377 2067 publice
1385 2013 1453 2068 quar

232 2101 366 2154 absconse
378 2113 491 2166 operare
512 2100 640 2168 dignatur
661 2104 788 2167 eiusque
813 2101 841 2153 in
862 2098 945 2155 tinem
965 2113 1078 2167 operare
1099 2100 1192 2154 nulius
1213 2101 1335 2169 ambigit.
1349 2103 1390 2154 iix
1403 2101 1453 2167 ipsi

236 2214 355 2269 namque
372 2201 576 2268 quamplurimi
592 2201 638 2267 uui
660 2202 720 2267 ejus
734 2201 793 2254 neci
809 2205 1019 2268 consenserant,
1032 2201 1066 2254 ad
1087 2201 1243 2268 sepulcrum
1257 2201 1315 2268 ejus
1325 2202 1453 2254 veniente

232 2306 314 2367 atque
331 2300 452 2353 remedia
465 2300 535 2353 vitae
552 2299 732 2365 postulantes,
746 2299 888 2365 pristinam
902 2299 1048 2352 sanitatem
1062 2304 1199 2366 receptam
1211 2298 1244 2352 ad
1269 2299 1397 2365 baptismi
1410 2312 1453 2367 gra

233 2399 298 2452 tiam
310 2398 503 2452 convolabant.

264 2502 320 2552 linc
331 2511 441 2566 quoque
452 2498 503 2551 sub
516 2497 620 2552 Alarico
633 2512 696 2567 rege
707 2500 856 2552 minorum
869 2504 973 2566 gestum
986 2503 1035 2552 est.
1049 2498 1193 2551 Ferreolus
1205 2511 1270 2552 vero
1288 2498 1451 2551 beatissimo

235 2598 348 2651 liceciae
362 2598 472 2650 inclitus
484 2598 608 2665 ejusdem
620 2599 737 2652 civitatis
753 2603 812 2651 erat
829 2598 983 2664 episcopus.
1002 2598 1158 2650 besiderius
1178 2605 1243 2652 tunc
1264 2602 1390 2664 praeerat
1408 2610 1453 2664 prs

236 2699 337 2765 sbyter,
348 2698 389 2749 vir
401 2697 545 2765 religiosus
556 2702 583 2751 et
592 2699 675 2750 saccis
687 2698 784 2750 litteris
793 2697 911 2764 adplene
920 2697 1053 2761 cruditus,
1064 2698 1111 2765 qul
1124 2697 1158 2750 de
1169 2698 1267 2751 virtute
1276 2703 1304 2751 et
1315 2698 1453 2751 miraculis

235 2811 306 2865 quae
316 2810 366 2864 per
378 2811 487 2851 servum
499 2811 579 2851 suum
591 2798 722 2851 bominus
733 2811 848 2864 operare
863 2797 990 2866 dignatus
1001 2803 1051 2857 est.
1062 2798 1147 2851 multa
1159 2811 1336 2866 cognoscens,
1347 2799 1453 2864 repleta

234 2895 333 2965 gaudio
346 2896 415 2949 miro
428 2908 510 2962 opere
523 2896 645 2950 libellum
667 2897 830 2962 composuit.
854 2898 927 2949 inter
947 2901 1036 2948 cetera
1055 2909 1120 2949 vero
1143 2896 1178 2947 ita
1198 2896 1285 2948 dixit:
1311 2896 1453 2951 Osanctl

233 2998 335 3048 meter
346 2995 487 3061 ecclesio,
500 2997 656 3062 quoetam
668 2997 831 3048 sacratum
851 3008 965 3062 eorpus
985 2994 1141 3061 recepisti,
1159 2997 1188 3048 et
1209 2994 1316 3048 beatus
1328 2996 1453 3063 populu

236 3094 293 3161 qui
312 3094 356 3147 ed
368 3096 396 3148 te
416 3094 562 3148 omium:
579 3092 633 3147 ubi
655 3094 741 3148 caeci
760 3094 947 3160 illuminati,
966 3093 1084 3148 mortui
1097 3094 1254 3161 suscitati,
1270 3094 1453 3147 emudiscm

238 3193 341 3260 erecti,
354 3193 447 3246 surdi
456 3193 615 3259 recipiunt
627 3193 775 3246 auditum
786 3196 815 3246 et
827 3193 908 3245 muti
930 3193 1094 3260 loquelam,
1113 3195 1143 3245 et
1160 3193 1236 3245 dum
1252 3205 1313 3260 per
1335 3193 1453 3248 deuotio

238 3304 308 3345 uem
328 3291 442 3358 popuii
464 3294 535 3344 coto
558 3293 734 3359 solvemur,
757 3270 929 3345 multitudo
951 3292 1139 3345 doemonum
1164 3291 1376 3358 torquentium
1399 3304 1453 3346 con

234 3390 417 3444 tremiscunt
428 3393 458 3444 et
469 3391 507 3443 de
519 3390 648 3443 obsessis
660 3390 852 3458 corporibus,
867 3391 1007 3444 invocato
1020 3392 1145 3444 montius
1156 3390 1260 3444 sorceti
1279 3389 1453 3458 consessori

233 3489 377 3556 Firmini,
390 3490 578 3556 evelluntur,
590 3489 744 3557 multique
762 3490 862 3543 variis
881 3489 1123 3558 infirmitatibus
1145 3488 1276 3557 satietati
1288 3489 1453 3557 pristinas

238 3589 395 3657 recipiunt
407 3590 586 3643 sanitatem.

270 3692 339 3742 bum
352 3690 418 3743 baec
430 3695 457 3743 et
469 3690 511 3742 liis
523 3689 622 3741 similia
635 3689 766 3742 bominus
779 3702 827 3755 per
849 3702 957 3742 servum
980 3703 1061 3743 suum
1073 3689 1187 3743 virtutes
1201 3702 1316 3755 operare
1329 3689 1453 3758 dignatur

237 3787 316 3854 longe
326 3788 434 3856 lateque
442 3789 634 3842 attestantibus
643 3788 677 3841 de
690 3790 839 3854 ejusopere
848 3788 937 3854 eoepit
947 3788 1018 3841 lama
1028 3801 1189 3854 percurrere
1200 3795 1227 3841 et
1239 3802 1325 3855 prope
1338 3802 1427 3856 usque
1435 3803 1453 3842 a

239 3888 384 3951 orientem,
396 3887 487 3940 multis
498 3887 715 3952 concinentibus,
727 3888 857 3940 virtutum
867 3901 949 3953 opera
961 3888 1312 3954 divulgarivalentinianus
1321 3889 1453 3955 imperato

239 3993 304 4041 tunc
316 3989 447 4056 temporis
454 3987 544 4041 eidem
552 3987 657 4041 Alarico
669 3987 828 4053 praesidens
836 3988 964 4040 Romanis
977 3989 1138 4053 imperabat.
1152 3989 1201 4052 Qui
1214 3989 1382 4042 confessoris
1392 4002 1453 4056 exp<

239 4093 299 4141 tens
312 4087 518 4141 amminiculum
532 4100 580 4154 pro
593 4099 623 4140 se
636 4089 747 4154 suisque
759 4087 896 4141 salvandis
908 4089 936 4139 in
949 4088 1093 4153 praelium,
1102 4089 1130 4140 in
1140 4089 1199 4155 eius
1209 4089 1341 4142 honorem
1355 4088 1453 4142 calices

239 4194 398 4255 argenteum
420 4185 572 4252 fierijussit
593 4190 674 4253 atque
694 4186 722 4238 in
742 4187 808 4239 haec
827 4187 908 4240 verba
930 4186 1089 4240 adscribens
1112 4201 1161 4240 suo
1188 4187 1301 4240 nomine
1330 4187 1449 4241 titulavit

247 4286 486 4339 Valentinianus
496 4286 814 4352 Aupustussonetoac
823 4284 1000 4339 beatissimo
1010 4284 1152 4340 Firmino
1167 4286 1453 4352 Ucecineecusessor

232 4397 339 4452 prose
350 4384 477 4451 suisque
488 4383 631 4438 omuibus
642 4386 747 4437 votum
759 4384 841 4438 vovit
860 4387 890 4437 et
909 4384 1058 4439 reddidit.
1072 4388 1103 4438 Et
1114 4385 1180 4438 dum
1199 4399 1249 4452 pm
1267 4386 1453 4454 longinquitat

238 4484 344 4536 itineris
357 4496 406 4550 par
418 4495 500 4549 quem
513 4483 631 4536 votivum
644 4482 757 4535 calicem
770 4483 891 4535 mitteret
903 4488 1042 4537 aestuaret
1053 4485 1155 4548 animo,
1181 4484 1312 4538 clericum
1329 4486 1453 4552 quendar

237 4596 269 4636 er
280 4583 413 4637 avinione
422 4582 539 4648 civitate,
550 4583 596 4648 qui
608 4581 771 4635 visitationis
783 4594 864 4635 causa
874 4582 933 4635 loca
944 4588 1101 4638 sanctorum
1112 4584 1228 4651 adierat,
1239 4584 1379 4652 praetatus
1388 4586 1453 4651 impr
