3316 5482
218 349 285 415 620
562 364 686 414 caran.
704 363 807 413 cono.
829 362 1001 413 atomon.
1020 362 1100 413 aar.

252 537 284 588 4.
297 533 401 588 Aliud.
415 562 447 572 -
459 534 608 600 certrudis,
621 546 691 587 uxor
701 535 814 602 Nicolai,
824 535 888 588 dicti
900 534 935 588 de
955 536 1058 601 bonna,
1071 532 1120 586 sed
1138 538 1281 586 morantes
1302 534 1333 585 in
1353 532 1449 586 Ander-

220 648 299 701 naco,
321 635 447 701 primitus
468 634 559 687 febres
579 635 618 700 iiij
641 634 827 687 hebdomades
847 634 962 699 patiens,
984 631 1142 697 convaluit3
1165 636 1288 684 attamen
1310 630 1448 683 infirmitas

220 734 320 788 cadens
334 735 361 786 in
374 734 460 801 pedes
479 734 574 800 ipsius,
587 734 675 787 tribus
687 733 903 787 hebdomadibus
923 731 964 784 ire
986 745 1043 784 non
1062 731 1166 798 poluit3
1180 735 1207 784 el
1219 730 1334 784 tandem
1347 730 1447 783 duobus

219 832 323 886 baculis
335 832 437 885 vadens
447 836 475 885 et
485 831 659 898 postmodum
672 845 738 896 uno,
750 832 853 885 meritis
862 832 957 884 beatae
970 829 1103 884 cordulae
1112 831 1147 882 de
1156 829 1289 882 omnibus
1297 837 1340 882 est
1349 834 1446 882 sanata.

252 931 283 983 5.
296 931 401 984 Aliud.
415 959 446 968 —
458 930 629 996 lllilbelmus,
642 929 715 983 illus
728 931 831 983 cudnis
843 936 869 983 et
886 929 968 983 Biliae
982 930 1016 982 de
1035 931 1125 982 buren
1143 929 1234 982 bonae
1252 929 1412 991 memoriae,
1423 930 1473 980 eti

219 1031 338 1084 famulus
359 1031 495 1084 wilhelmi
515 1032 638 1084 advocati
660 1031 754 1083 militis
775 1031 809 1083 dc
832 1031 978 1095 llurnbem,
999 1029 1098 1082 nimios
1118 1029 1224 1083 calores
1246 1029 1276 1080 in
1297 1027 1447 1080 infirmitate

219 1143 318 1198 magna
330 1131 448 1197 patiens,
462 1137 522 1197 post
535 1131 698 1198 promissum
711 1132 817 1184 beatam
837 1129 981 1183 cordulam
1000 1128 1172 1196 implorando
1191 1129 1285 1182 statim
1298 1128 1398 1181 melius
1414 1128 1447 1180 in·

220 1230 291 1296 cepit
303 1230 404 1283 babere
416 1236 443 1283 et
454 1231 488 1283 de
500 1231 575 1283 omni
589 1228 745 1283 infirmitate
759 1236 801 1282 est
812 1234 933 1283 sanatus.

253 1328 285 1380 c.
298 1328 402 1382 Aliud.
418 1357 447 1367 -
461 1329 571 1381 llcbillis
585 1328 674 1383 bruda
692 1334 719 1382 el
737 1329 891 1395 Benedicta,
907 1329 982 1395 pueri
995 1327 1100 1382 cerlaci
1113 1326 1179 1380 dicti
1193 1327 1279 1381 Filius
1290 1328 1412 1394 pictoris,
1424 1333 1447 1379 et

152 1474 159 1486 ,
220 1427 360 1479 certrudis
373 1428 407 1480 de
419 1428 548 1494 Sybercb,
568 1428 732 1481 cotidianam
753 1426 920 1494 patien[tes],
933 1426 1047 1479 diversis
1065 1426 1235 1492 temporibus
1247 1438 1348 1479 omnes
1365 1425 1444 1478 curati
1461 1426 1483 1476 lo

220 1532 294 1580 sunt.

254 1629 285 1680 7.
299 1628 403 1681 Aliud.
415 1655 449 1666 -
460 1629 622 1695 lirvolilrnis,
637 1628 708 1682 iilius
728 1628 840 1682 llrnoldi
852 1627 969 1694 pastoris
986 1633 1014 1680 et
1031 1626 1160 1680 llecbidis
1179 1627 1270 1679 bonae
1289 1626 1443 1685 memoriae.

221 1725 331 1779 devilia
345 1727 489 1780 llasbenne
502 1728 530 1778 in
551 1728 692 1793 parrochia
712 1727 878 1793 aldenrode,
892 1727 1012 1780 existens
1032 1731 1097 1779 tuno
1109 1727 1138 1778 in
1157 1725 1281 1790 polonia,
1295 1725 1446 1778 vulneratus

220 1827 250 1878 in
261 1839 332 1893 genu
344 1830 371 1879 et
383 1827 460 1893 quasi
482 1833 637 1880 contractus
649 1824 771 1892 effectus,
785 1826 959 1892 postmodum
977 1839 1025 1892 per
1045 1831 1153 1892 tempus
1173 1837 1274 1878 caecus
1286 1822 1401 1878 effectus
1416 1823 1445 1889 xij

221 1926 414 1994 hebdomadas,
425 1927 532 1980 beatam
545 1927 689 1980 cordulam
703 1926 855 1979 invocando
868 1926 902 1979 de
916 1927 1044 1980 omnibus
1056 1925 1165 1978 sanitati
1179 1930 1220 1978 est
1231 1925 1385 1978 restitutus.
1414 1998 1417 2004 .
1460 1923 1483 1975 u

251 2025 539 2092 &Aliud-tutta,
562 2025 754 2079 viduarelicta
772 2026 881 2079 llenrici
900 2025 1015 2079 devilia
1033 2025 1186 2078 cladebacb
1221 2061 1229 2076 .
1269 2063 1277 2077 .
1314 2065 1321 2078 .
1359 2024 1446 2090 ,coli-

219 2124 330 2178 dianam
341 2132 368 2177 et
381 2126 525 2178 tertianam
538 2125 685 2191 aliquando
697 2125 814 2193 graviter
826 2126 943 2191 patiens,
957 2129 984 2178 et
996 2127 1178 2192 llermannus,
1193 2123 1268 2176 illius
1279 2124 1351 2191 ejus,
1365 2125 1446 2190 primo

219 2228 386 2289 vulneratus,
400 2227 498 2280 deinde
511 2228 600 2281 febres
612 2233 639 2280 et
658 2227 822 2280 cotidianam
836 2228 942 2293 patiens
954 2232 981 2280 et
998 2227 1167 2294 sanguineus
1185 2238 1252 2279 naso
1271 2239 1321 2292 per
1344 2231 1446 2279 noctem

220 2333 248 2382 et
258 2328 330 2380 diem
344 2326 487 2379 dimidium
500 2327 572 2381 etde
584 2327 637 2380 vita
649 2326 819 2393 desperatus,
827 2326 931 2378 meritis
943 2326 1039 2379 beatae
1050 2324 1185 2379 cordulae
1197 2325 1232 2378 de
1242 2326 1375 2379 omnibus
1385 2325 1447 2378 sani·

217 2427 264 2480 tati
277 2432 318 2480 est
330 2427 479 2492 restitutus,
494 2440 568 2479 nunc
580 2438 691 2480 morans
704 2427 732 2478 in
745 2425 808 2479 villa
820 2426 957 2478 lietbnicb
974 2437 1058 2490 prope
1077 2429 1196 2478 castrum
1209 2424 1348 2492 llemberg
1360 2425 1389 2477 in
1400 2422 1483 2477 ter-bl

218 2527 312 2579 ritorio
324 2526 380 2578 sive
392 2525 515 2578 districtu
529 2528 659 2578 connest.

249 2626 280 2677 9.
295 2625 398 2678 Aliud.
411 2653 445 2663 -
457 2626 599 2685 llenricus,
612 2625 701 2677 dictus
713 2625 850 2692 Vilgillim,
864 2626 905 2677 vir
926 2625 960 2677 de
982 2624 1193 2677 liernmieslreim
1212 2636 1300 2689 prope
1316 2621 1442 2687 capellam

214 2724 320 2790 stillim,
335 2724 405 2777 inira
416 2725 487 2777 duos
507 2735 594 2777 annos
608 2737 715 2791 semper
735 2730 836 2777 aestate
855 2730 1016 2791 quartanam
1027 2724 1132 2776 babens
1144 2728 1170 2775 et
1182 2722 1361 2788 postmodum
1374 2732 1441 2773 anuo

213 2823 305 2890 elapso
317 2822 484 2877 cotidianam
498 2825 614 2890 patiens,
628 2828 738 2877 curatus
751 2829 802 2876 est.

350 3024 435 3089 Vrrn
459 3042 606 3089 SANCTAE
632 3025 804 3090 lirnrrnms
829 3023 910 3111 (cfr.
931 3045 1042 3108 supra,
1066 3046 1097 3108 p.
1125 3024 1309 3105 619,10⁰).
1456 3041 1481 3091 a

294 3238 422 3310 Incipit
444 3238 523 3298 vite
541 3242 691 3300 sanctae
713 3242 749 3299 et
769 3240 949 3313 gloriosae
970 3242 1159 3300 matronae
1180 3239 1359 3301 Bilbildis

244 3415 352 3468 Lectio
365 3416 480 3480 prime.
489 3419 618 3480 Quotiens
630 3423 786 3470 sanctorum
800 3425 874 3486 gesta
887 3425 914 3471 et
924 3420 1018 3470 merita
1031 3419 1188 3484 praeclarae
1202 3420 1273 3472 vitae
1288 3422 1440 3477 recitamus.

210 3521 320 3567 nostrae
340 3516 460 3580 prolecto
482 3517 578 3568 salutis
603 3516 745 3569 commoda
774 3531 961 3583 procuramus.
981 3521 1040 3571 Non
1061 3519 1133 3570 enim
1159 3519 1212 3570 alio
1238 3520 1320 3572 modo
1344 3521 1384 3570 via
1409 3518 1440 3571 ad

209 3627 324 3681 regnum
337 3616 475 3667 caelorum
496 3618 576 3668 nobis
597 3616 756 3682 quaerenda
769 3623 810 3669 est
831 3631 913 3684 quam
926 3618 986 3672 illos
999 3632 1046 3684 per
1068 3619 1196 3670 virtulum
1219 3619 1348 3672 exercitia
1367 3619 1438 3672 labo·

209 3714 282 3767 rioso
296 3715 393 3767 itinere
407 3720 512 3767 constat
524 3718 720 3783 praecessisse3
735 3716 808 3769 unde
831 3719 896 3770 illud
911 3734 917 3767 ι
933 3719 978 3770 Ad
997 3731 1136 3770 mensam
1154 3731 1305 3783 rrrapnam
1323 3717 1439 3782 scdr'sti,
1454 3720 1480 3768 bl

209 3815 285 3869 scito
298 3816 444 3881 quorn'cm
458 3816 540 3868 talio
554 3819 582 3868 te
594 3820 713 3882 oportet
719 3831 927 3883 praeparare.
944 3819 1090 3870 praeconia
1103 3831 1166 3883 ergo
1181 3823 1206 3870 et
1225 3819 1386 3871 meritorum
1404 3819 1441 3869 in-

210 3914 295 3980 signia
309 3915 430 3977 relaturi,
444 3916 544 3980 ouibus
557 3916 635 3967 beata
656 3915 768 3967 llilbilda
787 3917 973 3981 praeminebat
993 3916 1058 3968 dum
1077 3917 1166 3968 adbuc
1184 3929 1350 3970 aerumnosa
1368 3929 1440 3983 prac-

209 4015 294 4066 senlis
307 4014 408 4065 sacculi
421 4012 475 4065 vita
489 4020 564 4066 artus
577 4016 645 4066 sacri
665 4016 786 4081 corporis
805 4018 864 4082 ejus
882 4017 1032 4083 vegetabat,
1050 4017 1137 4081 primo
1155 4014 1377 4084 genlelalogiam,
1391 4028 1440 4082 uua

210 4114 335 4180 generosi
349 4114 489 4180 sanguinis
502 4115 624 4167 noscitur
636 4116 784 4181 sumpsisse
798 4115 949 4169 exordium.
963 4117 1030 4168 libet
1042 4115 1208 4168 describere.
1223 4116 1360 4170 ctodoreo
1373 4128 1440 4167 nam·

210 4226 263 4278 que
277 4217 417 4280 regnante,
433 4213 488 4266 lilio
502 4214 638 4280 llilderici,
653 4221 792 4281 totamque
804 4216 917 4268 calliam
930 4217 1007 4282 quasi
1022 4215 1111 4282 palmo
1125 4216 1320 4281 concludente,
1334 4217 1385 4269 luit
1402 4213 1440 4265 vir
1454 4212 1481 4264 35

208 4311 278 4363 vitae
291 4313 465 4378 venerabilis,
479 4315 591 4366 l'berius
605 4315 724 4378 nomine,
740 4316 766 4366 in
788 4315 914 4367 orientali
937 4316 1058 4378 Francia,
1073 4328 1127 4367 una
1148 4328 1210 4366 cum
1231 4314 1365 4368 llecbildc
1377 4329 1438 4367 con-

208 4411 291 4463 nubio
305 4411 356 4462 sibi
373 4412 492 4478 legitimo
506 4413 642 4479 copulata,
655 4414 702 4479 qui
722 4414 802 4467 ambo
815 4414 849 4466 ab
871 4415 971 4481 insigni
991 4415 1123 4467 libertatis
1141 4416 1269 4480 prosapia
1288 4421 1376 4468 ortum
1395 4413 1438 4465 du·

207 4512 311 4572 centes,
326 4509 440 4560 summis
452 4508 584 4561 virtutum
597 4509 694 4562 studiis
706 4524 783 4563 suam
797 4511 966 4563 nobilitatem
980 4510 1159 4564 adornabant.
1175 4512 1341 4565 llabitabant
1353 4519 1436 4565 autern

207 4605 236 4657 in
250 4605 310 4659 loco
323 4607 395 4659 dicto
409 4608 557 4674 llocbeym,
571 4609 621 4662 silo
631 4610 709 4674 Juxta
721 4614 826 4677 llogum
849 4610 971 4674 fluvium,
984 4624 1066 4676 quom
1086 4624 1148 4662 cum
1168 4610 1230 4663 aliis
1244 4612 1317 4664 villis
1330 4620 1438 4678 elprae
