3316 5482
213 338 279 404 408
558 350 684 404 cartn.
705 352 807 404 cono.
826 352 1002 408 naamon.
1020 355 1101 408 mr.

245 524 275 576 5.
290 524 374 593 Igitur
394 536 457 577 curn
476 522 553 576 locus
572 521 619 575 ille
639 521 730 577 adbuc
750 522 884 593 indigeret
902 524 995 579 multis
1016 528 1111 592 rebus,
1132 531 1163 582 ut
1184 529 1286 584 assolet
1298 528 1417 585 benun

210 630 305 692 coepta
317 624 352 678 de
364 625 501 691 pauperie,
515 624 589 676 inter
611 623 664 676 alia
676 624 789 678 lucerna
801 622 846 678 die
858 637 890 679 ac
903 632 982 679 nocte
995 602 1051 680 no'n
1061 640 1171 695 semper
1182 630 1301 684 ardebat
1310 630 1339 683 in
1350 629 1418 684 ercle·

210 725 260 791 sia,
274 729 304 778 ut
317 724 400 777 moris
412 728 462 791 est,
476 736 542 790 prae
554 724 661 791 inopia;
675 723 724 777 sed
737 737 799 777 cum
813 724 880 777 bora
897 727 1067 779 nocturnalis
1089 729 1201 794 synaxis
1221 730 1421 799 appropinquas·

211 831 262 892 set,
272 823 444 889 secretarius,
457 836 573 890 surgens
584 821 619 876 de
631 823 725 887 cubili,
741 823 797 876 ibat
809 823 837 876 in
851 824 999 890 pistrinum
1011 825 1055 878 uel
1068 826 1096 878 in
1111 828 1293 895 coquina[m]‚
1313 829 1422 884 delerem

211 925 276 979 inde
285 925 388 978 lumen.
401 927 482 978 lioote
494 924 680 991 subsequente
693 924 767 978 diem
776 923 960 978 dedicationis
972 927 1156 999 supradictae,
1167 928 1195 980 id
1205 926 1447 983 cernennentes

212 1024 312 1090 martii,
326 1037 389 1077 eum
401 1024 467 1076 bora
490 1022 659 1075 matutinalis
678 1023 934 1090 appropinquasset,
952 1025 1128 1091 secretarius,
1142 1027 1256 1080 nomine
1267 1027 1425 1092 Gotbbertut,

211 1123 341 1192 evigilans
353 1137 369 1177 a
381 1135 487 1189 somno,
498 1121 566 1175 uidit
575 1126 658 1175 totam
671 1121 813 1175 eeclesiam
827 1123 863 1176 ita
876 1122 1056 1177 illuminatam
1067 1124 1178 1177 caelesti
1188 1125 1296 1179 lumine
1304 1124 1428 1193 utpotuit·

211 1227 253 1275 set
265 1235 330 1275 acus
351 1221 465 1287 reperiri
487 1221 515 1272 in
536 1221 700 1287 pavimento.
715 1221 764 1285 Qui
785 1233 900 1288 surgens
921 1200 1088 1289 pauefactus,
1101 1224 1203 1276 audivit
1214 1223 1351 1291 quasdam
1362 1236 1430 1279 roeo

211 1323 240 1375 in
252 1324 336 1376 eboro
348 1321 425 1388 quasi
435 1320 583 1386 psallentes
595 1320 648 1372 sub
660 1320 778 1373 silentio.
791 1322 868 1373 Tunc
880 1321 1045 1386 pedetentim
1064 1323 1183 1389 perrexit
1195 1321 1228 1377 ad
1243 1325 1346 1378 ostium
1366 1323 1430 1377 cbori

213 1436 228 1476 a
250 1426 327 1489 parte
347 1421 440 1473 altaris
463 1425 490 1473 et
511 1418 673 1484 introspexit
695 1419 723 1471 in
742 1420 866 1484 eborum,
880 1425 906 1472 et
924 1420 992 1473 uidit
1012 1421 1198 1475 beatissimam
1219 1424 1267 1476 ilci
1285 1424 1433 1493 genitricem
1446 1422 1467 1475 tt

211 1521 320 1574 llariarn
334 1524 450 1574 stantem
463 1519 491 1571 in
501 1518 561 1571 loeo
572 1518 698 1570 stationis
708 1518 873 1572 venerabilis
891 1519 1013 1572 ilerluinl
1031 1521 1147 1588 abbatis,
1164 1526 1192 1574 et
1214 1534 1310 1576 coram
1322 1528 1434 1577 astares

212 1621 237 1673 ei
250 1619 421 1673 beatissimos
433 1615 571 1683 apostolos
584 1619 693 1669 Petmm
705 1620 733 1669 et
745 1616 869 1682 Paulum,
882 1621 909 1670 et
921 1618 1031 1671 tertium
1045 1619 1139 1685 aliurn,
1150 1633 1232 1687 quem
1246 1632 1305 1675 non
1314 1634 1435 1690 agnosce

210 1720 257 1773 bat
267 1719 357 1784 vultu,
369 1718 546 1772 decantantes
559 1718 583 1771 ei
596 1718 754 1770 matutinos.
768 1718 891 1784 cumque
909 1716 955 1770 diu
972 1718 1041 1771 ltaec
1058 1719 1215 1785 aspexisset,
1236 1719 1369 1788 cogitarit
1379 1734 1436 1789 per·

212 1831 276 1888 gere
287 1817 321 1871 ad
337 1818 436 1871 ostium
448 1816 521 1884 quod
543 1821 601 1869 erat
621 1829 655 1869 ex
677 1815 729 1869 ulia
748 1821 824 1882 parte
844 1817 919 1870 ebori
936 1818 1012 1884 juxta
1030 1817 1122 1871 locum
1140 1819 1270 1873 stationis
1283 1820 1401 1887 abbatis,
1413 1824 1439 1874 ut

213 1917 311 1971 melius
324 1919 351 1970 et
362 1916 473 1984 propius
486 1915 588 1969 valeret
599 1915 692 1968 videre
713 1914 774 1968 illas
785 1915 994 1981 gloriosissimas
1013 1928 1153 1983 personas,
1166 1923 1194 1970 et
1206 1917 1305 1972 audire
1316 1932 1389 1987 quae
1402 1919 1439 1973 illi
1454 1919 1478 1972 tt

213 2018 341 2093 dicebant
352 2023 379 2070 et
390 2016 584 2069 decantabant.
597 2017 628 2067 lit
640 2028 703 2069 cum
715 2016 767 2068 ltoc
781 2016 882 2069 iaceret
903 2016 1023 2070 suaviter
1034 2021 1061 2069 et
1079 2018 1158 2084 quasi
1170 2016 1356 2084 pedetentim,
1369 2024 1442 2073 ante·

213 2131 293 2186 quam
314 2116 481 2184 pervenisset
500 2116 533 2168 ad
554 2113 667 2180 ostium,
680 2115 726 2168 lux
749 2115 886 2168 subtracta
908 2119 949 2169 est
969 2120 995 2169 et
1010 2128 1092 2169 voces
1112 2117 1320 2172 subcinentium
1338 2119 1443 2187 quiere·

213 2217 415 2271 mntsuavitas
428 2220 519 2269 tamen
532 2215 593 2268 miri
606 2215 698 2269 odoris
711 2219 786 2268 tanta
799 2215 835 2268 ibi
845 2229 956 2281 aspersa
966 2220 1007 2269 est
1019 2219 1059 2281 ut,
1071 2227 1133 2269 curn
1147 2217 1246 2271 iratres
1258 2220 1444 2273 surrexissent

213 2317 247 2372 ad
260 2318 374 2383 vigilias,
391 2317 567 2379 mirarentur,
588 2321 616 2369 et
633 2316 667 2369 ad
688 2316 805 2369 invicem
818 2329 848 2369 se
869 2317 1069 2384 interrogarent
1083 2322 1151 2370 nutu
1164 2322 1192 2370 et
1203 2317 1301 2385 signis,
1314 2319 1384 2387 quid
1396 2320 1445 2375 boc

212 2418 293 2472 vellet
304 2431 375 2471 esse.
1457 2418 1480 2471 ii

247 2519 278 2572 8.
292 2519 387 2571 Postea
398 2516 570 2583 supradictus
581 2516 750 2570 honorabilis
762 2516 804 2569 vir
821 2516 977 2583 ilerlulnus,
997 2529 1053 2570 non
1072 2518 1132 2570 sine
1144 2520 1214 2571 nutu
1227 2524 1254 2571 et
1271 2518 1444 2585 providentia

214 2617 270 2680 liei,
283 2617 330 2683 qui
343 2616 471 2669 omnibus
484 2615 511 2667 in
524 2629 554 2668 so
575 2615 748 2681 sperantibus
768 2620 912 2682 praeparat
929 2615 1009 2668 bonis
1026 2616 1149 2682 meliora,
1162 2617 1280 2670 eandem
1298 2617 1444 2672 ecclesiam

213 2728 275 2770 cum
289 2715 417 2769 omnibus
431 2714 547 2769 oillcinis
559 2715 673 2768 mutavit
685 2714 746 2769 loco
766 2715 846 2768 tertio
864 2728 920 2768 non
938 2715 1018 2782 longo
1029 2728 1045 2769 a
1058 2715 1226 2784 supmdieto,
1239 2716 1268 2769 in
1282 2730 1339 2785 quo
1351 2716 1444 2772 aedilt-

211 2816 282 2868 cavit
292 2815 435 2868 ecclesiam
447 2814 533 2867 multo
546 2814 674 2881 malorem
689 2820 716 2867 et
727 2813 910 2880 amplissimas
921 2813 1052 2867 oillcinas.
1066 2816 1123 2879 Qua
1135 2814 1238 2868 fabrica
1250 2815 1361 2881 expleta
1370 2820 1400 2870 ot
1410 2814 1444 2869 ad

212 2915 363 2982 perlectum
373 2928 461 2981 usque
474 2914 554 2966 ducta
566 2927 615 2980 per
628 2912 764 2966 sexdecim
782 2926 880 2980 annos,
893 2913 934 2965 vir
947 2913 1017 2967 ritae
1031 2913 1196 2967 venerabilis
1208 2921 1235 2967 et
1246 2914 1366 2968 sacculis
1378 2928 1447 2969 sem·
1461 2915 1481 2967 t

212 3027 261 3079 per
273 3013 467 3067 memorandus
479 3012 658 3080 Lanirancus,
672 3012 889 3065 dorobernensis
903 3011 1038 3065 ecclesiae
1058 3010 1245 3078 archipraesul
1254 3016 1282 3065 et
1293 3013 1377 3067 totius
1389 3014 1443 3066 Bri·

212 3113 331 3178 tanniae,
344 3113 458 3177 scotiae,
469 3112 614 3165 llibcrniae
624 3111 865 3178 Archadarumque
875 3111 1028 3163 insulamm
1041 3112 1153 3176 primas,
1167 3111 1214 3177 qui
1227 3111 1277 3164 iult
1290 3113 1444 3167 monachus

212 3213 351 3279 professus
371 3217 398 3264 et
423 3212 496 3278 prior
517 3211 639 3277 eiusdem
662 3211 803 3275 ecelesiae,
825 3211 961 3264 dedicavit
981 3224 1054 3265 anno
1074 3212 1108 3264 ab
1131 3212 1321 3266 incarnatione
1334 3213 1443 3266 llomini

211 3312 357 3366 millesimo
370 3312 580 3380 septuagesimo,
591 3312 707 3378 septimo
719 3325 824 3377 mense,
836 3310 956 3364 secunda
970 3311 1038 3364 feria
1050 3311 1162 3364 ultimae
1176 3311 1358 3365 hebdomadis
1369 3314 1443 3380 elus·

210 3412 271 3465 dem
285 3412 395 3479 mensis,
411 3411 457 3477 qui
468 3424 564 3479 graece
577 3423 698 3476 syrenes,
712 3411 795 3463 latine
810 3410 913 3463 lunaris
926 3410 984 3462 dies
996 3410 1158 3476 appellatur,
1171 3411 1218 3477 qui
1231 3411 1319 3463 extitit
1331 3411 1441 3465 decimo
1457 3412 1482 3464 ii

208 3511 339 3563 kalendas
351 3509 518 3571 novembris,
529 3510 618 3575 prima
633 3509 799 3573 indictione;
813 3523 827 3562 a
840 3522 894 3576 quo
907 3514 934 3562 et
946 3521 1089 3576 perquem
1101 3521 1184 3575 super
1197 3522 1294 3562 omnes
1308 3509 1442 3563 mortales

208 3611 294 3663 nostri
308 3610 438 3674 temporis
451 3610 506 3675 ipsu
526 3609 639 3662 ecclesia
654 3609 704 3662 luit
716 3609 830 3662 exaltata
849 3615 930 3676 atque
949 3609 1103 3675 sublimata,
1122 3615 1149 3662 et
1166 3610 1210 3661 cui
1229 3614 1292 3662 ante
1305 3622 1405 3664 omnes
1418 3617 1445 3664 et

209 3723 292 3776 super
304 3721 400 3761 omnes
413 3709 547 3770 homines,
563 3714 624 3775 post
645 3707 723 3761 illum
741 3707 788 3775 qui
807 3721 866 3760 eam
885 3722 900 3760 a
918 3706 1006 3773 primo
1024 3707 1116 3774 lapido
1134 3708 1258 3761 fundavit
1275 3711 1302 3760 et
1321 3708 1351 3761 in
1364 3709 1445 3776 cujus

212 3809 375 3876 patrimonio
390 3815 555 3873 constructa,
572 3809 686 3862 debitrix
700 3815 742 3862 cst
753 3822 846 3862 amore
858 3814 885 3862 et
896 3821 998 3861 cernua
1011 3809 1085 3861 omni
1099 3807 1244 3862 devotione
1256 3814 1284 3861 et
1296 3809 1445 3878 obsequio.

210 3911 264 3963 sed
276 3910 339 3977 quia
352 3916 416 3962 sunt
429 3910 506 3963 multi
519 3910 565 3977 qui
579 3911 613 3963 de
626 3915 680 3962 tarn
693 3910 846 3963 honorabili
865 3910 923 3962 uiro
941 3909 1055 3975 cupiunt
1067 3909 1137 3962 seire
1157 3909 1219 3975 quis
1240 3908 1333 3974 luerit,
1347 3924 1445 3977 quarn·
1462 3914 1483 3965 d

210 4009 275 4062 visa
287 4011 444 4062 narratione
455 4009 549 4063 videar
563 4010 763 4076 aliquantulum
777 4010 926 4071 demorari,
939 4014 1029 4061 tamen
1046 4009 1161 4061 strictim
1173 4012 1199 4061 el
1211 4009 1291 4075 quasi
1300 4014 1446 4065 transcur-

212 4109 299 4163 rentlo
312 4122 397 4176 paura
410 4109 444 4162 de
457 4110 550 4161 multis
564 4108 692 4176 ponenda
705 4115 779 4162 sunt.

244 4209 274 4260 7.
290 4208 337 4260 llic
350 4208 442 4274 itaque
455 4220 487 4259 ex
501 4208 624 4272 Papiensi
637 4207 705 4259 urbe
719 4207 810 4260 ltaliae
824 4207 959 4260 oriundus
972 4207 1024 4260 luit
1036 4220 1070 4260 ex
1083 4208 1148 4259 viris
1161 4206 1348 4261 nobilioribus
1362 4215 1447 4277 atque

212 4307 405 4360 illustrioribus
418 4306 540 4372 ejusdem
554 4307 680 4359 civitatis.
695 4308 743 4371 Qui
757 4321 818 4360 eum
832 4308 921 4360 adbuc
933 4312 1004 4360 esset
1016 4320 1093 4373 puer,
1108 4305 1224 4360 traditus
1236 4310 1278 4360 est
1290 4308 1448 4364 litterarum

212 4406 307 4459 studiis
319 4424 326 4470 3
340 4407 398 4472 ipse
409 4419 484 4469 vero,
498 4419 579 4472 quam
594 4407 708 4458 maxime
721 4406 836 4473 diligens
855 4406 905 4459 boc
923 4407 1052 4471 studium,
1071 4419 1151 4458 suum
1173 4407 1297 4459 animum
1317 4412 1450 4476 apposuit
1465 4414 1484 4464 lt

211 4505 243 4557 ad
257 4505 398 4558 seientiam
410 4504 570 4557 litterarum.
584 4508 615 4557 Et
634 4519 696 4558 curn
716 4507 773 4571 jam
794 4511 865 4557 essct
885 4506 920 4557 ita
939 4506 966 4556 in
980 4506 1031 4557 ltoc
1044 4504 1135 4557 studio
1151 4504 1285 4559 educatus
1305 4514 1337 4560 ut
1359 4509 1407 4563 vix
1420 4512 1447 4562 in

212 4605 261 4657 ltac
274 4603 360 4671 patria
372 4605 536 4671 reperiretur
549 4606 595 4673 qui
610 4606 634 4657 ei
648 4618 792 4658 occurrere
807 4613 907 4671 posset,
918 4619 979 4658 cum
991 4618 1046 4658 non
1055 4610 1201 4658 contentus
1211 4603 1309 4673 [esset]
1318 4608 1362 4662 bis
1375 4624 1450 4679 quae
