3316 5482
315 327 410 378 amu.
429 328 512 381 nar.
532 327 648 381 raam.
666 348 713 359 —
727 327 881 378 apruno.
901 328 948 377 ao
964 327 1042 378 con.
1061 323 1137 378 saco.
1276 313 1343 380 343

101 498 186 553 omni
199 499 334 553 solamine
346 496 522 563 destitutum;
536 511 625 565 eoque
646 511 661 551 a
682 498 891 566 congregatione
902 511 965 551 cum
978 498 1062 551 multa
1084 498 1185 552 laetitia
1203 504 1231 553 et
1242 500 1344 554 exulta·

102 599 187 652 tione
205 603 332 666 suscepto
344 601 372 651 et
383 610 416 653 ea
428 610 499 665 quae
510 597 625 650 decebat
644 597 820 650 veneratione
834 602 863 650 et
878 596 1024 651 devotione
1045 597 1073 650 in
1095 597 1154 664 ipso
1177 599 1344 655 monasterio

104 699 253 765 collocato,
267 702 406 765 tamquam
424 697 568 752 manifesta
581 697 665 750 totius
676 697 742 751 boni
754 702 781 750 et
792 697 989 751 consolationis
1010 698 1180 752 abundantia
1193 698 1230 752 ibi
1249 697 1346 753 luisset

12 792 17 881 j'
108 798 245 866 ingressa,
259 803 354 864 postea
374 797 432 864 ipse
444 797 521 850 locus
533 810 584 850 nec
605 797 684 849 lamis
702 796 848 863 penuriam
869 809 920 849 nec
937 796 1022 849 ullam
1043 798 1214 864 tempestatis
1232 798 1346 864 pertulit

70 896 272 963 ltprocebam.
298 898 328 949 ln
351 895 517 949 daemonum
547 907 658 962 quoque
687 895 848 961 expulsione
870 899 898 948 et
918 908 1062 949 caecorum
1088 896 1290 950 illuminatione
1314 901 1342 950 et

12 1056 14 1067 Ι
110 996 238 1049 omnium
249 996 396 1048 sanitatum
417 995 624 1061 recuperatione
646 995 718 1048 idem
731 995 807 1048 locus
827 1008 935 1061 semper
948 996 1057 1049 enituit.
1076 998 1137 1050 liox
1155 996 1227 1050 rama
1247 1000 1340 1050 tantae

12 1088 21 1145 '.
109 1095 220 1149 virtutis
231 1097 291 1162 ejus
311 1097 345 1148 ad
363 1095 486 1161 proxima
507 1107 651 1161 quaequae
670 1099 697 1147 et
716 1095 797 1161 longe
815 1094 902 1160 posita
922 1094 983 1147 loca
1004 1095 1172 1162 pervolante,
1192 1100 1345 1163 coeperunt

12 1250 14 1255 ,
111 1197 191 1250 multi
212 1208 263 1262 pro
275 1195 389 1248 diversis
411 1194 616 1247 infirmitatibus
634 1208 667 1247 ex
685 1194 761 1247 omni
783 1199 859 1260 parte
880 1193 914 1246 ad
936 1195 1133 1248 monasterium
1155 1195 1297 1250 continere
1317 1201 1345 1250 et

112 1296 261 1374 sanitatum
280 1294 395 1362 gratiam
413 1293 578 1361 implorare;
600 1295 647 1347 ubi
666 1299 732 1347 tunc
752 1297 791 1347 tot
810 1306 897 1359 paene
918 1293 1019 1346 inirrmi
1043 1308 1093 1360 per
1114 1296 1341 1350 intercessionem

62 1400 95 1452 io
113 1409 223 1462 semper
249 1394 419 1448 memorandi
446 1394 597 1448 Potentiani
623 1393 658 1446 ad
675 1395 820 1447 sanitatem
849 1393 939 1446 redire
957 1399 1117 1447 meruerunt
1134 1400 1200 1462 quot
1219 1396 1340 1449 eundem

114 1498 205 1549 locum
217 1493 315 1548 devote
331 1493 408 1547 adire
429 1494 603 1547 studuerunt.
625 1493 710 1559 Unde,
724 1494 788 1560 quia
809 1494 932 1546 omnium
953 1493 1064 1547 illorum
1085 1494 1145 1548 sine
1160 1494 1268 1548 fastidio
1288 1508 1344 1549 non

114 1601 202 1663 potest
214 1593 272 1648 lieri
284 1593 517 1657 commemoratio,
529 1597 560 1646 nt
571 1592 705 1645 mirabilis
725 1593 754 1645 in
766 1593 867 1646 sanctis
879 1591 978 1645 christi
995 1606 1028 1646 ex
1045 1598 1122 1659 parte
1136 1593 1267 1647 reddatur
1278 1608 1344 1662 ope·

114 1693 192 1755 ratio,
204 1692 377 1760 quorundam
390 1704 464 1745 nunc
477 1692 614 1745 succincte
627 1697 795 1744 memoretur
806 1692 920 1745 curatio.

147 1796 178 1848 e.
191 1794 288 1847 lulier
299 1792 443 1860 quaedam,
457 1793 569 1846 nomine
590 1791 746 1857 lldalberta,
759 1792 840 1860 longo
850 1793 907 1858 jam
920 1797 1043 1858 temporo
1056 1805 1072 1845 a
1084 1792 1177 1846 multis
1190 1793 1342 1848 daemoniis

65 1897 97 1949 15
114 1899 209 1949 vexata
221 1896 249 1946 et
258 1905 308 1960 per
320 1892 404 1944 multa
418 1896 575 1945 sanctorum
585 1890 643 1944 loca
655 1904 703 1956 pro
716 1890 884 1957 acquirendo
898 1889 1020 1943 remedio
1028 1890 1119 1957 ducta,
1130 1891 1239 1943 tandem
1250 1897 1344 1947 sancto

113 1992 273 2046 eotenuano
298 1992 419 2044 curanda
437 1989 584 2044 diducitur.
605 1990 654 2044 Ubi
680 1995 825 2056 postquam
851 1989 985 2043 diabolico
1007 1989 1136 2056 impulsu,
1161 1991 1296 2045 stantibus
1312 1992 1341 2044 in

111 2091 198 2157 capite
211 2089 318 2156 capillis
330 2094 467 2156 tamquam
486 2088 611 2151 sudibus,
626 2087 775 2141 terribilem
800 2088 904 2142 vultum
918 2092 945 2140 et
956 2088 1038 2140 aliam
1056 2101 1169 2154 prorsus
1186 2102 1269 2156 quam
1282 2101 1344 2144 sese

111 2189 244 2244 naturalis
256 2189 339 2242 iacies
357 2186 486 2253 babebat,
499 2186 631 2252 ostendit,
644 2187 784 2253 multaque
803 2187 969 2253 improperia
987 2193 1014 2240 et
1033 2188 1155 2241 convicia
1169 2189 1197 2240 in
1215 2195 1341 2242 sanctum

110 2290 155 2343 liei
171 2289 288 2355 jactans,
308 2287 446 2354 putridum
464 2292 492 2339 et
509 2286 691 2353 excapitatum
710 2299 773 2339 eum
791 2286 956 2351 inclamavit,
974 2300 1037 2339 cum
1056 2287 1138 2338 nimis
1157 2288 1263 2353 putrida
1282 2301 1344 2342 san·

53 2391 89 2445 2⁰
106 2388 199 2456 guinis
211 2386 345 2441 effusione
358 2387 444 2439 caruit
458 2386 647 2439 crudelissimo
659 2386 825 2439 daemonnm
838 2387 990 2439 invasione.
1004 2386 1047 2438 Sic
1065 2387 1166 2440 laetum
1185 2391 1226 2440 est
1243 2393 1272 2441 ut
1287 2388 1343 2441 dia·

106 2487 189 2541 bolus
202 2500 266 2539 rum
278 2498 311 2539 eo
324 2499 378 2553 quo
392 2485 493 2554 dignus
505 2490 562 2538 erat
577 2485 662 2538 fetore
683 2484 838 2538 discederet
849 2490 877 2538 et
888 2485 988 2537 mulier
1004 2498 1068 2537 cum
1080 2498 1179 2553 magno
1196 2486 1296 2554 gaudio
1308 2486 1342 2540 ad

107 2588 220 2655 propria
234 2591 381 2640 remearet.

142 2688 173 2739 ¹7.
183 2688 275 2739 Altera
289 2685 423 2753 quaedam
434 2686 544 2749 mulier,
554 2684 667 2737 nomine
677 2684 838 2752 nnatberga,
850 2697 865 2736 a
875 2683 985 2736 ‹liabolo
995 2685 1122 2738 similiter
1132 2689 1250 2752 arrepta,
1262 2687 1342 2741 latra-

108 2790 152 2838 tus
164 2790 192 2838 et
203 2797 274 2852 quos
293 2784 395 2838 diaboli
416 2797 476 2837 esse
493 2785 607 2836 minime
628 2784 769 2837 dubitares
783 2796 867 2836 sonos
888 2784 1012 2836 emittere
1029 2796 1085 2836 non
1108 2785 1240 2837 cessabat.
1254 2788 1341 2849 Quam

52 2889 90 2940 ti
108 2898 171 2938 eum
184 2886 213 2937 in
234 2885 378 2938 ecclesiam
391 2885 464 2937 illius
477 2885 662 2937 intromissam
674 2883 788 2936 saltibus
802 2886 828 2934 et
843 2882 925 2934 nimia
947 2881 1144 2935 dilaceratione
1162 2882 1234 2935 idem
1246 2882 1347 2937 diabo‘
1387 2860 1390 2866 ¹

24 3050 32 3063 α
109 2983 153 3037 lus
164 2997 251 3049 paene
265 2985 418 3037 exanimem
440 2985 558 3047 lecisset,
571 2982 728 3036 videntibus
741 2982 833 3035 multis
845 2983 910 3033 viris
928 2987 954 3035 et
972 2980 1143 3048 mulieribus,
1156 2995 1218 3034 cum
1233 2983 1341 3036 ilamma

107 3090 135 3137 et
147 3084 222 3137 fumo
234 3089 316 3151 atque
328 3085 412 3137 fetore
424 3085 458 3138 ab
471 3085 530 3151 eius
547 3097 595 3137 ore
607 3084 688 3136 exivit
700 3089 726 3135 et
738 3088 862 3149 quartam
876 3088 979 3148 partem
993 3096 1027 3135 ex
1046 3088 1117 3136 tecto
1130 3083 1262 3137 ecclesiae
1281 3083 1340 3138 lon·

106 3183 168 3250 gius
188 3185 312 3250 projecit.
325 3187 401 3236 Tunc
422 3184 530 3248 mulier,
550 3183 678 3250 paulatim
701 3184 818 3249 receptis
837 3182 951 3248 viribus,
965 3182 1083 3235 comedit
1103 3187 1129 3235 et
1148 3183 1226 3250 bibit,
1239 3185 1340 3252 gratias

107 3287 162 3338 beo
174 3290 201 3337 et
212 3290 306 3338 sancto
318 3285 479 3338 Potentiano
493 3285 595 3349 retulit,
609 3290 636 3337 et
648 3285 687 3337 sic
699 3285 846 3337 incolumis
858 3284 979 3336 recessit.

51 3386 90 3437 50
143 3383 175 3436 8.
188 3385 309 3437 Necdum
322 3397 378 3437 uno
400 3390 543 3451 postquam
564 3384 720 3436 venerabile
739 3397 839 3450 corpus
860 3381 894 3435 ad
907 3396 988 3449 saepe
1001 3384 1103 3436 dictum
1119 3383 1210 3437 locum
1223 3390 1265 3438 est
1283 3400 1341 3453 per·

108 3483 194 3536 iatum
208 3483 318 3550 expleto
330 3496 414 3549 anno,
423 3497 484 3537 oum
498 3496 561 3536 ecce
573 3483 684 3550 quidam
699 3484 790 3547 bomo,
800 3483 911 3536 nomine
921 3482 1094 3549 adalbertus,
1105 3483 1174 3538 adeo
1186 3485 1211 3537 vi
1224 3485 1341 3540 febrium

107 3581 251 3635 laborabat
273 3587 304 3635 ut
326 3583 515 3637 incredibilem
542 3584 623 3637 totius
649 3583 770 3648 corporis
800 3581 907 3647 patiens
928 3581 1066 3647 dolorem,
1092 3583 1167 3635 nulla
1195 3583 1262 3637 born
1292 3599 1341 3652 por

108 3683 221 3749 longum
235 3689 340 3748 tempus
361 3697 376 3735 a
398 3682 551 3750 planctibus
569 3687 698 3735 cessaret.
712 3681 834 3735 Tandem
855 3688 982 3747 parentes
994 3687 1021 3734 et
1037 3682 1127 3748 amici,
1139 3682 1220 3750 longo
1235 3698 1266 3737 ac
1281 3686 1339 3754 jugi

108 3781 232 3833 cruciatu
249 3781 322 3833 iilius
334 3782 459 3848 permoti,
478 3787 572 3835 sancto
585 3781 849 3847 Potentiano,'quom
868 3781 924 3847 jam
946 3794 1056 3833 ornnem
1079 3782 1238 3835 morborum
1260 3798 1341 3838 nove-

48 3881 90 3932 55
109 3881 183 3942 rant,
198 3878 303 3932 cbristo
316 3880 367 3932 sibi
386 3879 565 3943 concedente,
575 3893 655 3946 posse
673 3879 767 3947 fugare
785 3877 944 3945 perniciem,
958 3879 1035 3931 illum
1048 3879 1214 3946 detulerunt,
1228 3885 1340 3936 sanctis-

109 3977 189 4029 simis
199 3977 271 4031 illius
283 3980 410 4044 precibus
422 3979 566 4033 eredentes
579 3992 641 4032 mox
654 3985 682 4032 et
692 3979 851 4031 infirmitate
868 3991 963 4031 carere
975 3983 1002 4030 et
1018 3979 1160 4030 sanitatem
1174 3993 1253 4045 posse
1272 3984 1340 4036 reci·

108 4080 248 4142 peredeo
261 4090 347 4143 mora,
361 4079 512 4132 secundum
526 4079 600 4146 quod
613 4079 714 4132 dictum
729 4083 769 4131 est
782 4093 789 4128 :
807 4077 917 4131 onerata
924 4077 1092 4144 possibilia
1105 4082 1181 4131 saint
1191 4081 1338 4151 credenti,

105 4183 252 4244 postquam
264 4177 389 4231 inllrmus
402 4181 430 4231 in
444 4179 557 4233 ecclesia
570 4185 611 4233 est
629 4179 743 4244 positus,
759 4184 894 4231 transacto
907 4191 963 4230 non
976 4177 1037 4243 plus
1050 4179 1132 4230 unius
1144 4178 1227 4232 borao
1240 4182 1338 4248 spatio,

105 4283 205 4341 raptus
225 4277 253 4329 in
271 4280 379 4340 exstasi,
394 4278 461 4330 vidit
481 4277 619 4345 quendam
641 4279 730 4330 uirum
752 4279 803 4329 sibi
825 4278 997 4328 assistentem
1019 4291 1050 4328 ac
1070 4277 1206 4330 dicentem
1226 4281 1339 4333 :ndat

39 4381 83 4434 dt)
102 4376 335 4443 berlenmonte
353 4380 381 4429 te
396 4377 543 4444 precibus
563 4378 667 4430 salicti
679 4376 860 4430 Potenticni
880 4375 918 4427 nb
937 4375 1123 4444 infimitate
1140 4380 1290 4431 mirantum
1309 4383 1338 4434 et

104 4490 129 4530 (ι
142 4479 241 4529 nzorte
257 4477 459 4542 redemptum.
472 4477 512 4529 bd
525 4479 594 4529 itanc
606 4490 700 4529 vocem
715 4483 851 4541 tamquam
870 4477 904 4528 de
918 4475 990 4543 gravi
1008 4488 1103 4527 somno
1117 4476 1257 4542 evigilans,
1271 4490 1338 4543 pro-

100 4576 184 4629 tinus
194 4577 336 4627 sanitatem
349 4579 392 4627 ost
402 4582 576 4635 consecutus,
589 4582 615 4627 ot
627 4575 673 4641 qui
693 4589 740 4640 por
759 4581 884 4641 mortem,
898 4580 927 4627 ut
945 4575 1079 4627 veraciter
1101 4575 1269 4628 erodendum
1288 4586 1339 4646 est,

98 4687 173 4730 mox
185 4673 221 4727 de
233 4674 343 4728 saeculo
356 4681 415 4727 erat
426 4673 593 4740 evocandus,
607 4675 687 4740 longo
701 4678 825 4741 tempore
839 4675 868 4726 in
882 4675 962 4727 terris
976 4678 1016 4726 est
1028 4673 1120 4727 vivere
1133 4675 1289 4740 permissus.
