3316 5482
317 343 409 394 arab.
427 343 511 396 naa.
530 343 649 396 rarus.
669 365 714 376 —
731 345 885 397 menno.
904 346 952 395 no
968 346 1047 396 coo.
1067 345 1143 396 sarr.
1284 333 1344 397 141

152 514 215 561 etum
224 512 285 566 estet
296 514 559 569 aeircumstantibus
568 515 642 583 quod
651 517 744 571 audito
755 516 834 582 signo
844 518 878 570 ad
889 517 1030 571 ecclesiam
1045 518 1176 572 orationis
1187 520 1273 586 gratia
1286 533 1347 585 pro·

150 614 257 673 perisset.
267 613 327 666 ltnm
341 617 382 667 est
394 626 443 681 pro
455 627 499 681 eo,
511 618 613 669 etanta
625 616 750 670 abbatem
764 615 920 670 adducitur.
930 616 1020 670 abbas
1028 630 1091 686 ergo
1101 619 1216 672 intuitus
1228 632 1345 685 puerum

151 704 215 758 run
223 706 344 778 decorum,
356 713 507 767 bumilitate
516 714 702 780 splendidum,
713 716 836 769 moribus
846 716 1038 782 compositum,
1052 716 1183 782 patientia
1204 716 1345 783 eximium,

149 801 369 864 aduodnmdilexit
380 825 454 866 eum.
467 814 645 882 Interrogavit
665 827 729 882 ergo
749 815 824 867 unde
845 819 921 868 ortus
934 815 970 867 sit
981 815 1114 883 quibusve
1128 816 1298 882 parentibus,
1311 815 1346 868 ad

118 907 136 957 5
151 901 207 968 qaid
216 910 311 976 tenent,
324 912 366 965 rel
379 924 395 964 a
406 924 461 978 quo
472 917 617 966 censeatur
638 912 758 966 nomine.
779 914 827 976 Qui
850 913 990 980 respondit
1003 913 1027 966 ei
1039 927 1087 979 per
1099 915 1201 980 omnia,
1216 915 1286 966 sicut
1298 914 1343 968 die

150 998 221 1055 alten
229 1011 348 1064 monacho
357 1011 424 1064 hacc
436 1010 531 1065 eadem
545 1013 724 1079 interroganti
735 1011 924 1079 responderat,
938 1011 1043 1065 addens
1053 1013 1126 1080 quod
1137 1012 1262 1067 Eusicius
1271 1026 1348 1067 roca·

150 1104 220 1154 rear.
230 1106 289 1161 bixit
298 1123 361 1178 ergo
373 1112 399 1164 ei
412 1111 496 1166 abbas
509 1127 517 1164 ε
530 1111 593 1166 Pro
605 1115 722 1180 quanto
729 1112 834 1180 pretio
844 1115 873 1165 te
884 1112 928 1166 od
939 1112 1139 1166 cmvimcdum
1152 1114 1290 1167 mturare
1302 1126 1344 1180 es,

148 1212 213 1254 cure
220 1206 379 1278 pinquis
391 1213 507 1279 teopuc
525 1211 661 1266 babeat?
675 1214 723 1276 Qui
745 1213 907 1278 respondit:
922 1213 983 1266 Hoc
1007 1226 1105 1265 unum
1122 1215 1205 1280 peto,
1223 1212 1348 1267 domine

147 1298 195 1368 mi,
208 1306 292 1362 tolum
310 1308 366 1366 boc
382 1311 519 1379 deposco,
541 1314 577 1365 ut
583 1311 692 1379 patrie
712 1311 886 1379 matrisque
897 1324 984 1365 necue
995 1324 1033 1366 ac
1045 1310 1188 1378 fratrum
1205 1325 1344 1366 umorum

99 1397 340 1476 temnuntur,
363 1411 393 1464 et
415 1411 527 1465 satiem
548 1411 587 1464 de
606 1410 739 1478 reliquie
762 1409 1012 1480 fragmentorum
1039 1414 1213 1465 vestrorum
1244 1412 1342 1465 vitam

145 1509 415 1563 commmunione
434 1510 617 1578 dignemini.
641 1513 824 1579 introgressus
847 1511 937 1578 itaque
952 1511 1037 1564 abbas
1050 1512 1257 1577 monasterium,
1278 1525 1348 1564 nun·

144 1599 208 1654 tiarit
217 1603 335 1663 batribus
346 1622 398 1677 pro
410 1611 514 1665 foribus
527 1611 624 1666 adesse
634 1610 772 1680 quendam
789 1625 904 1677 puerum
918 1612 965 1678 qui
983 1625 1031 1677 pro
1044 1611 1229 1665 sustentandis
1248 1625 1346 1678 paren·

141 1705 192 1755 tum
201 1717 300 1762 suorum
312 1711 521 1764 necessitatibus
532 1711 644 1765 cuilibet
655 1725 704 1778 pro
719 1713 806 1779 pretio
818 1712 884 1765 dare
897 1725 926 1765 se
944 1717 1101 1780 quaereret,
1120 1726 1203 1780 quem
1220 1712 1300 1766 valde
1318 1714 1345 1766 in

137 1809 282 1862 monasterio
295 1810 352 1863 fore
376 1812 573 1879 necessarium,
595 1812 618 1864 si
641 1824 705 1864 eum
727 1813 846 1865 retinere
871 1818 992 1878 possent,
1008 1811 1154 1879 iudicaret.
1171 1815 1228 1877 Quo
1241 1813 1343 1876 audite,

80 1906 115 1959 lii
131 1902 232 1970 plurimi
241 1907 273 1962 de
285 1908 424 1978 fratribus,
438 1923 487 1964 seu
499 1909 618 1964 invidiae
630 1923 677 1964 seu
696 1911 885 1964 contumaciae
906 1912 1074 1978 malignitate
1086 1912 1224 1976 commoti,
1239 1913 1341 1978 praefa-

10 2016 14 2135 ,
128 2008 183 2058 tum
194 2018 302 2070 puerum
315 2010 456 2076 suscipere
469 2010 631 2071 renuebant,
653 2009 775 2064 dicentes
792 2023 822 2063 se
841 2011 901 2076 ejus
913 2023 996 2076 opera
1009 2023 1065 2063 non
1078 2023 1169 2078 egere,
1184 2010 1232 2064 sed
1245 2015 1272 2063 ct
1284 2011 1347 2063 sub·

121 2106 244 2160 stantiam
267 2108 295 2161 in
318 2110 484 2162 monasterio
506 2122 563 2162 non
584 2122 646 2162 esse
665 2109 741 2162 unde
762 2110 805 2163 vel
827 2110 886 2176 ipse
908 2109 950 2164 vel
971 2114 1099 2176 parentes
1120 2111 1180 2176 eius
1201 2110 1349 2164 sustentari

119 2205 247 2261 valerem.
261 2208 333 2271 Quos
344 2207 429 2261 abbas
450 2209 624 2262 sermonibus
644 2208 724 2262 bouis
745 2213 771 2261 et
783 2209 939 2275 scripturae
951 2222 1046 2262 sae-rae
1064 2210 1270 2262 auetoritatibus
1281 2223 1344 2263 con·

115 2304 199 2373 fregit
214 2311 250 2369 et,
263 2305 316 2359 illis
328 2307 392 2360 licet
405 2321 461 2362 non
474 2308 723 2376 acquiescentibus,
737 2321 852 2373 puerum
865 2308 1002 2361 Eusicium
1015 2314 1042 2360 ct
1054 2311 1181 2374 parentes
1194 2309 1253 2374 ejus
1266 2309 1349 2362 intro·

58 2407 98 2458 ab
114 2402 182 2457 duci
190 2405 225 2457 ad
234 2417 264 2458 sc
276 2407 415 2473 praecepit
424 2423 431 2473 ;
440 2406 532 2474 ibique
539 2418 632 2460 eoram
644 2407 773 2460 omnibus
782 2419 898 2473 puerum
909 2406 943 2459 ad
950 2405 1128 2460 serviendum
1138 2406 1167 2459 in
1180 2408 1346 2462 monasterio

112 2504 249 2571 suscepit.

147 2603 200 2656 15.
219 2605 343 2658 Eusicius
355 2605 447 2673 igitur,
460 2606 558 2660 abbate
579 2607 738 2674 mandante,
752 2607 781 2659 in
799 2607 918 2673 coquina
940 2606 1054 2658 fratrum
1075 2606 1213 2674 statuitur,
1226 2614 1256 2659 ut
1272 2606 1347 2660 unde

110 2702 241 2761 serviret.
255 2703 320 2757 binc
339 2705 438 2771 etipse
458 2706 550 2760 rivere
561 2712 661 2773 posset.
675 2707 760 2773 liujus
781 2707 978 2772 primumcum
1000 2706 1050 2758 fuit
1071 2707 1163 2773 ignem
1185 2706 1349 2774 accendere,

111 2814 181 2855 vasa
193 2800 284 2870 lignea
295 2808 323 2858 et
335 2802 428 2857 fictilia
448 2805 505 2857 sive
517 2805 599 2858 etiam
612 2806 703 2859 ferrea
714 2806 847 2859 mundare
860 2810 887 2858 ct
900 2818 1072 2871 praeparare,
1086 2818 1152 2857 sana
1166 2809 1192 2857 et
1204 2805 1309 2873 integra
1322 2805 1346 2858 ei

54 2902 92 2955 Β
109 2901 161 2968 qni
171 2901 225 2954 sibi
233 2902 464 2968 praeeratdiebus
476 2903 590 2971 singuiis
598 2903 648 2956 sibi
658 2904 862 2971 reconsignare.
870 2906 924 2956 lioc
932 2903 1024 2969 itaque
1032 2901 1150 2955 cilicium
1162 2916 1231 2968 puer
1239 2907 1350 2956 sanctus

110 3006 140 3053 et
152 3001 243 3053 laetus
254 3002 375 3068 suscepit
395 3007 421 3054 et
438 3002 554 3055 devotus
572 3004 709 3070 explerit3
723 3008 751 3055 et
771 3003 895 3070 quamvis
917 3003 994 3054 labor
1015 3015 1130 3069 magnus
1145 3007 1172 3054 et
1191 2995 1349 3067 continuus,

111 3103 211 3165 utpote
229 3101 277 3166 qui
296 3099 373 3152 solus
391 3113 504 3168 magnae
528 3100 698 3153 multitudini
721 3101 867 3164 serviebat,
893 3113 979 3166 paene
999 3101 1070 3152 eires
1096 3099 1170 3152 illius
1194 3100 1349 3167 excederet,

112 3198 231 3251 bomine
243 3202 335 3250 amen
347 3211 377 3251 se
388 3199 533 3265 adjuvante
554 3199 673 3253 deficere
686 3200 835 3253 nesciebat.
850 3199 990 3252 [lominica
1012 3203 1118 3251 tantum
1130 3198 1175 3251 die
1196 3199 1273 3252 cibus
1291 3204 1351 3252 erat

111 3298 138 3350 ei
151 3298 234 3364 panis
243 3303 270 3350 et
280 3310 352 3364 aqua
363 3316 370 3363 ;
382 3298 483 3351 ceteris
495 3311 560 3352 vero
581 3299 678 3353 diebus
692 3300 829 3354 radicibus
841 3300 884 3352 vel
905 3300 997 3353 herbis
1009 3299 1094 3351 semel
1108 3299 1136 3352 in
1154 3297 1199 3351 die
1212 3303 1272 3364 post
1284 3297 1351 3351 solis

55 3398 92 3448 5⁰
109 3396 271 3449 occubitum
283 3396 464 3451 reficiebatur.
480 3399 561 3450 Panis
581 3411 645 3452 vero
658 3399 700 3451 sui
726 3398 920 3464 praebendam,
933 3397 976 3450 vel
990 3396 1013 3449 si
1031 3397 1099 3463 quid
1113 3396 1187 3449 aliud
1204 3402 1264 3449 erat
1275 3396 1349 3462 quod

109 3493 146 3546 ad
163 3508 245 3547 usum
256 3496 387 3548 cotidiani
401 3496 488 3550 victus
501 3495 552 3548 sibi
565 3495 688 3560 daretur,
704 3502 790 3550 totum
804 3496 871 3549 illud
882 3497 951 3562 patri
963 3501 990 3548 ct
1003 3496 1081 3547 matri
1098 3501 1126 3547 et
1148 3495 1276 3548 fratribus
1294 3495 1350 3547 suis

109 3591 266 3645 deferebat.
280 3592 309 3644 si
322 3593 445 3660 quietern
458 3595 578 3661 aliquam
592 3595 699 3660 corpori
713 3608 763 3648 suo
777 3594 842 3648 dare
860 3608 924 3648 eum
939 3594 1086 3648 necessitas
1109 3594 1253 3662 coegisset,
1267 3607 1350 3659 super

111 3691 237 3743 cinerem
246 3696 274 3745 ct
282 3698 451 3746 sarmentum
464 3693 623 3760 quiescebat
637 3709 643 3745 z
656 3695 801 3746 maximam
815 3695 888 3747 enim
901 3693 989 3746 noctis
1000 3699 1103 3758 partem
1115 3693 1142 3744 in
1153 3693 1279 3745 oratione
1288 3706 1348 3759 pro·

112 3795 217 3844 stratus
228 3797 292 3845 ante
304 3793 517 3847 loresecclesiae
530 3794 792 3862 transigebatblane
805 3799 897 3847 autem
910 3795 981 3846 facto
994 3807 1111 3859 surgens
1123 3793 1157 3845 ab
1170 3793 1304 3857 oratione,
1313 3792 1347 3844 ad

56 3893 93 3944 ³5
111 3891 302 3959 peragendum
313 3893 365 3945 sibi
377 3893 531 3958 injunctum
544 3892 664 3946 oillcium
676 3895 792 3947 festinus
806 3900 833 3946 et
845 3894 935 3946 alacer
953 3893 1101 3946 remeabat.
1115 3893 1225 3945 Nullum
1238 3892 1278 3943 illi
1290 3892 1346 3945 dici

111 3990 233 4056 spatium
245 3991 280 4043 ab
291 4003 374 4056 opere
387 3992 508 4057 vacabat,
521 3992 595 4058 quod
618 4005 673 4045 non
686 3997 732 4044 aut
754 3993 782 4044 in
795 3993 863 4045 cibis
875 3992 1047 4056 condiendis,
1069 3991 1124 4044 sire
1147 3992 1175 4043 in
1198 3990 1349 4058 purgandis

112 4091 299 4159 leguminibus
318 4106 388 4159 quae
409 4093 525 4147 fratrum
544 4094 640 4147 usibus
662 4093 785 4160 paranda
806 4100 894 4160 erant,
908 4108 957 4147 seu
973 4095 1002 4145 in
1023 4093 1216 4147 calceamentis
1234 4094 1347 4145 fratrum

112 4189 301 4256 detrahendis,
322 4189 496 4260 detergendis
517 4199 544 4246 et
565 4193 775 4258 componendis,
796 4193 837 4245 rel
855 4194 882 4244 in
903 4194 982 4246 horto
1003 4190 1182 4245 suffodiendis
1207 4191 1348 4244 holeribus
1412 4213 1417 4225 ·

111 4289 290 4357 expenderet,
304 4292 431 4344 recolens
443 4291 509 4344 illud
522 4293 701 4357 apostolieum
714 4309 720 4343 :
735 4292 794 4352 Qui
805 4306 867 4346 merc
881 4292 1004 4345 taboret
1016 4304 1078 4345 reon
1092 4291 1268 4344 ntunducct.
1280 4293 1348 4342 Non·

58 4393 94 4445 td
112 4389 198 4443 nullis
211 4390 293 4442 eliam
316 4390 424 4456 diebus,
446 4391 520 4457 quod
540 4393 600 4444 visu
621 4398 648 4444 et
666 4392 760 4444 autlitu
779 4393 973 4457 comperimus,
993 4391 1027 4443 ad
1049 4391 1193 4444 ecclesiam
1214 4390 1347 4442 orationis

110 4491 198 4557 gratia
212 4489 378 4556 properabat
389 4502 452 4543 rasa
474 4490 598 4544 nondum
611 4492 705 4544 abluta
726 4492 769 4543 vel
782 4490 891 4543 detersa
913 4491 1074 4556 relinquens
1086 4489 1114 4540 in
1136 4488 1258 4542 conclavi
1276 4488 1347 4540 sicut

110 4587 186 4644 eide
208 4601 304 4643 mensa
325 4588 439 4641 fratrum
460 4589 611 4656 adapifero
631 4588 771 4656 deportata
786 4589 948 4656 redditaque
970 4589 1088 4654 fuerant,
1103 4587 1181 4641 linita
1202 4586 1291 4640 adbuc
1308 4599 1344 4639 ex
