3316 5482
342 333 411 401 332
659 324 785 401 carm.
807 348 909 400 cono.
928 304 1102 401 dumosa.
1122 351 1204 403 nar.

343 524 371 575 et
383 519 483 574 deinde
506 519 562 586 (iol.
576 519 630 584 ΔΨ)
643 520 763 573 narratio
774 519 810 573 de
822 520 1028 574 consecratione
1041 519 1195 587 prodigiosa
1208 520 1302 574 altaris
1314 521 1433 588 majoris
1448 521 1481 574 in
1499 522 1588 576 eccle

344 619 383 673 sia
395 617 563 673 monasterii.
578 619 664 684 Quam
672 619 857 672 narrationem
870 619 1035 685 exscriptam
1046 619 1147 673 videsis
1159 620 1230 673 intra
1242 621 1271 673 in
1284 620 1462 687 appendice.

443 719 483 794 5⁰
504 716 585 795 Vita
602 717 663 796 vel
681 717 923 796 conversatio
939 717 1211 818 gloriosissimi
1229 718 1494 819 imperatoris
1512 720 1588 799 Ka-

170 925 318 1044 salillo.
491 986 512 1040 a
532 962 773 1063 Reginaldo*
789 964 849 1041 sui
868 964 1058 1063 temporis
1084 964 1260 1065 impense
1278 964 1593 1046 doctissimo.....

441 1211 480 1289 6⁰
491 1087 578 1289 (εἶξε
589 1087 761 1291 5821106ῑῖιέ
780 1212 920 1291 Mariae
949 1213 1218 1316 Aegyptiacae,
1250 1237 1352 1317 quae
1378 1216 1586 1318 peccatrix

490 1335 710 1438 appellatur
722 1336 800 1438 (iol.
821 1337 1015 1438 85l·95“).*

686 1823 896 1936 Appendix
916 1824 966 1912 ud
987 1824 1067 1915 eod.
1093 1823 1218 1913 5354.

344 2066 444 2138 Quod
458 2067 524 2125 boc
538 2066 658 2125 altere
671 2078 801 2124 menus
816 2064 936 2137 angeli
951 2064 1191 2139 sacraverint,
1204 2067 1241 2126 et
1259 2068 1304 2126 de
1319 2065 1480 2127 vestium
1503 2068 1587 2140 etus

483 2180 710 2242 succensione
724 2182 818 2241 etde
832 2180 1025 2242 subitanee
1038 2183 1294 2242 monachorum
1308 2183 1438 2244 morte.

211 2402 220 2423 ο
256 2399 262 2412 ·
280 2439 287 2455 ,
380 2385 417 2438 be
428 2383 520 2437 divina
533 2383 738 2436 consecratione
752 2383 846 2436 altaris
858 2384 939 2450 hujus
952 2384 1094 2450 patronis·
1107 2384 1192 2437 nostri
1205 2384 1277 2437 beati
1299 2384 1369 2438 Petri
1382 2386 1583 2452 apostolorum

344 2484 476 2551 principis
498 2482 654 2537 meditando
667 2484 787 2537 scribere
808 2496 857 2550 pro
879 2495 958 2550 posse
976 2495 1132 2551 aggressus,
1149 2488 1369 2538 consecratorem
1393 2487 1458 2552 ejus
1479 2487 1584 2543 invoco

344 2583 473 2650 Spiritum
486 2589 621 2648 sanetum,
634 2585 681 2650 qui
692 2583 780 2650 aperit
792 2596 840 2637 ora
849 2589 987 2636 mutorum
1000 2588 1026 2636 et
1039 2583 1158 2637 creando
1171 2583 1284 2637 fabricat
1296 2590 1402 2639 mutum
1412 2592 1442 2640 et
1451 2586 1585 2655 surdum,
1601 2592 1617 2644 t

344 2682 483 2737 videntem
496 2687 523 2747 et
535 2696 656 2749 caecum,
670 2687 696 2736 et
708 2683 772 2735 lacit
784 2683 901 2735 disertas
912 2681 1021 2750 linguas
1034 2682 1190 2736 infantium.

378 2786 457 2837 beata
474 2783 550 2850 virgo
562 2782 708 2848 leobildis,
730 2785 896 2836 Francorum
918 2795 1010 2850 regum
1029 2784 1210 2850 generositate
1227 2783 1456 2838 excellentissima
1478 2787 1586 2841 nobilis

345 2888 450 2949 exorta,
463 2883 514 2936 boo
535 2883 731 2935 monasterium
752 2886 895 2948 postquam
917 2881 1131 2935 aiundamentis
1152 2882 1185 2936 ad
1205 2883 1470 2938 summumculmen
1482 2886 1585 2939 aedifi·

346 2983 433 3036 cando
445 2983 661 3049 promittatque
673 2981 740 3034 illud
754 2982 851 3048 opibus
864 2982 957 3034 nimiis
974 2981 1087 3035 ditando
1108 2982 1271 3048 nobilitavit,
1294 2985 1455 3037 convocavit
1468 2986 1579 3040 vicinos

345 3081 487 3149 pontifices
499 3081 533 3134 ad
546 3081 747 3135 dedicationem
760 3081 917 3134 monasterii
931 3088 957 3134 et
969 3081 1062 3134 altaris
1076 3081 1195 3149 majoris.
1210 3082 1386 3137 praesidebat
1397 3096 1432 3137 eo
1446 3088 1579 3152 tempore
1596 3087 1625 3139 itt

344 3183 496 3236 senonicae
508 3182 570 3235 urbi
582 3183 704 3235 Eraciius
717 3182 950 3248 archiepiscopus,
963 3183 1005 3234 vir
1019 3184 1122 3235 meritis
1135 3184 1260 3250 egregius
1273 3188 1300 3235 et
1312 3183 1458 3236 sanctitate
1473 3188 1583 3251 praeci-

346 3296 426 3348 puus.
440 3283 562 3350 benique
575 3283 729 3350 congregati
743 3282 893 3348 praesules,
907 3282 973 3335 dum
997 3285 1128 3346 nocteim]
1149 3283 1320 3336 orationibus
1341 3288 1368 3336 et
1380 3283 1482 3350 vigiliis
1494 3285 1581 3340 duce·

346 3385 408 3433 rent
430 3393 518 3446 paene
545 3384 629 3433 totam
652 3380 816 3444 insomnem,
839 3393 964 3432 meruere
985 3379 1081 3434 audire
1102 3393 1182 3433 voces
1205 3381 1342 3449 angelicas
1366 3379 1582 3435 decantantium

346 3479 435 3545 dulce,
449 3480 505 3546 ipsa
519 3483 607 3546 nocte,
622 3479 650 3530 in
664 3480 714 3532 bae
727 3479 850 3533 eeclesia.

379 3580 486 3645 rugatis
498 3586 589 3632 autem
602 3579 696 3632 furvae
709 3580 796 3632 noetis
809 3580 930 3633 tenebris
943 3580 1063 3634 noctium
1085 3580 1168 3632 radiis
1187 3579 1253 3632 solis
1273 3580 1307 3631 ab
1329 3580 1435 3631 oriente
1448 3581 1581 3647 orientis,
1604 3583 1632 3634 lo

345 3680 531 3745 proximantes
547 3679 623 3732 altari
637 3684 666 3732 ut
679 3678 843 3744 perlicerent
854 3694 956 3732 munus
969 3693 1061 3733 sacrae
1085 3679 1311 3744 consecrationis,
1333 3678 1407 3745 quod
1428 3679 1580 3746 disposue-

347 3782 409 3831 rant
421 3779 510 3832 lacere
523 3779 552 3830 in
564 3779 669 3832 honore
681 3779 866 3844 apostolorum
880 3778 966 3844 xiicim,
980 3779 1121 3832 cernendo
1133 3777 1227 3831 vident
1239 3791 1289 3845 per
1310 3782 1438 3844 quattuor
1460 3782 1582 3848 angulos

182 3872 186 3879 ’
277 3884 285 3899 ·
345 3884 372 3931 ct
383 3878 411 3930 in
428 3878 516 3931 medio
528 3878 596 3944 parii
610 3879 752 3930 marmoris
765 3878 898 3944 impressa
909 3879 1119 3931 decentissimae
1139 3877 1230 3930 crucis
1251 3877 1400 3945 signacula.
1414 3878 1473 3941 Qua
1495 3879 1532 3932 de
1552 3895 1584 3935 re

344 3978 446 4044 pertusi
468 3990 515 4030 ora
535 3976 664 4043 lacrimis
690 3981 813 4042 patenter
834 3978 997 4045 intellegunt
1018 3978 1092 4044 quod
1113 3978 1236 4044 angelica
1257 3977 1356 4028 virtute
1376 3976 1515 4032 divinitus
1529 3981 1585 4034 hoc

344 4077 429 4130 altare
443 4077 561 4154 mirabili
574 4083 601 4130 et
612 4076 747 4142 stupendo
759 4076 857 4130 ordine
869 4084 940 4130 esset
962 4081 1162 4131 consecratum.
1183 4079 1329 4129 Laetantur
1342 4089 1407 4143 ergo
1428 4083 1458 4130 et
1476 4079 1582 4146 giorili·
1601 4081 1632 4134 2⁰

346 4182 408 4229 cant
420 4179 505 4230 beum
517 4175 600 4229 cordo
612 4178 729 4229 contrito
742 4183 769 4228 et
782 4177 888 4241 humili,
899 4177 946 4244 qui
960 4177 1033 4244 quod
1046 4178 1136 4230 lacero
1147 4176 1288 4229 tentabant
1298 4189 1382 4230 manu
1395 4179 1520 4248 mortali,
1531 4182 1586 4234 boe

346 4276 459 4330 caelitus
473 4276 652 4330 intuebantur
664 4281 804 4343 peractum
817 4278 975 4342 operatione
989 4278 1173 4343 angelicarum
1186 4277 1328 4330 virtutum.
