<?xml version="1.0" encoding="UTF-8"?>
<!DOCTYPE html PUBLIC "-//W3C//DTD XHTML 1.0 Transitional//EN"
    "http://www.w3.org/TR/xhtml1/DTD/xhtml1-transitional.dtd">
<html xmlns="http://www.w3.org/1999/xhtml" xml:lang="en" lang="en">
 <head>
  <title>
</title>
<meta http-equiv="Content-Type" content="text/html;charset=utf-8" />
  <meta name='ocr-system' content='tesseract 3.04.00' />
  <meta name='ocr-capabilities' content='ocr_page ocr_carea ocr_par ocr_line ocrx_word'/>
</head>
<body>
  <div class='ocr_page' id='page_1' title='image "./cataloguscodicu02manugoog_0186.png"; bbox 0 0 3316 5482; ppageno 0'>
   <div class='ocr_carea' id='block_1_1' title="bbox 312 336 1339 403">
    <p class='ocr_par' dir='ltr' id='par_1_1' title="bbox 312 336 1339 403">
     <span class='ocr_line' id='line_1_1' title="bbox 312 336 1339 403; baseline 0.002 -3"><span class='ocrx_word' id='word_1_1' title='bbox 312 351 408 401; x_wconf 74' lang='lat' dir='ltr'>amn.</span> <span class='ocrx_word' id='word_1_2' title='bbox 425 351 509 403; x_wconf 77' lang='lat' dir='ltr'>uxr.</span> <span class='ocrx_word' id='word_1_3' title='bbox 528 350 646 403; x_wconf 76' lang='lat' dir='ltr'>rents.</span> <span class='ocrx_word' id='word_1_4' title='bbox 665 371 711 382; x_wconf 93' lang='lat'>—</span> <span class='ocrx_word' id='word_1_5' title='bbox 727 351 881 402; x_wconf 71' lang='lat' dir='ltr'>trenno.</span> <span class='ocrx_word' id='word_1_6' title='bbox 901 351 949 401; x_wconf 81' lang='lat' dir='ltr'>xn</span> <span class='ocrx_word' id='word_1_7' title='bbox 966 351 1044 402; x_wconf 88' lang='lat' dir='ltr'>con.</span> <span class='ocrx_word' id='word_1_8' title='bbox 1064 349 1139 400; x_wconf 80' lang='lat' dir='ltr'>sarr.</span> <span class='ocrx_word' id='word_1_9' title='bbox 1280 336 1339 402; x_wconf 87' lang='grc'>161</span> 
     </span>
    </p>
   </div>
   <div class='ocr_carea' id='block_1_2' title="bbox 13 522 1345 4673">
    <p class='ocr_par' dir='ltr' id='par_1_2' title="bbox 108 522 1342 591">
     <span class='ocr_line' id='line_1_2' title="bbox 108 522 1342 591; baseline 0 -16"><span class='ocrx_word' id='word_1_10' title='bbox 108 533 153 575; x_wconf 69' lang='lat' dir='ltr'>ex</span> <span class='ocrx_word' id='word_1_11' title='bbox 176 522 239 576; x_wconf 85' lang='lat' dir='ltr'>toto</span> <span class='ocrx_word' id='word_1_12' title='bbox 262 522 356 577; x_wconf 83' lang='lat' dir='ltr'>eorde</span> <span class='ocrx_word' id='word_1_13' title='bbox 365 522 497 577; x_wconf 83' lang='lat' dir='ltr'>Patrem</span> <span class='ocrx_word' id='word_1_14' title='bbox 519 525 548 577; x_wconf 87' lang='lat' dir='ltr'>et</span> <span class='ocrx_word' id='word_1_15' title='bbox 573 523 692 577; x_wconf 76' lang='lat' dir='ltr'>Filium</span> <span class='ocrx_word' id='word_1_16' title='bbox 708 526 739 577; x_wconf 86' lang='lat' dir='ltr'>et</span> <span class='ocrx_word' id='word_1_17' title='bbox 761 523 916 591; x_wconf 78' lang='lat' dir='ltr'>spiritum</span> <span class='ocrx_word' id='word_1_18' title='bbox 933 526 1099 578; x_wconf 79' lang='lat' dir='ltr'>sunctum?</span> <span class='ocrx_word' id='word_1_19' title='bbox 1117 523 1164 576; x_wconf 89' lang='lat' dir='ltr'>tlte</span> <span class='ocrx_word' id='word_1_20' title='bbox 1176 536 1241 578; x_wconf 86' lang='lat' dir='ltr'>vero</span> <span class='ocrx_word' id='word_1_21' title='bbox 1254 523 1342 577; x_wconf 83' lang='lat' dir='ltr'>dixit:</span> 
     </span>
    </p>

    <p class='ocr_par' dir='ltr' id='par_1_3' title="bbox 113 619 1342 690">
     <span class='ocr_line' id='line_1_3' title="bbox 113 619 1342 690; baseline 0.002 -16"><span class='ocrx_word' id='word_1_22' title='bbox 113 619 220 675; x_wconf 73' lang='lat' dir='ltr'>Credo</span> <span class='ocrx_word' id='word_1_23' title='bbox 230 621 347 675; x_wconf 79' lang='lat' dir='ltr'>sanetus</span> <span class='ocrx_word' id='word_1_24' title='bbox 354 622 506 676; x_wconf 82' lang='lat' dir='ltr'>Leonorius</span> <span class='ocrx_word' id='word_1_25' title='bbox 517 622 555 676; x_wconf 92' lang='lat' dir='ltr'>ait</span> <span class='ocrx_word' id='word_1_26' title='bbox 566 638 572 675; x_wconf 95' lang='lat'><strong>:</strong></span> <span class='ocrx_word' id='word_1_27' title='bbox 585 623 669 677; x_wconf 84' lang='lat' dir='ltr'>Sicut</span> <span class='ocrx_word' id='word_1_28' title='bbox 680 622 848 678; x_wconf 80' lang='lat' dir='ltr'>credidisti</span> <span class='ocrx_word' id='word_1_29' title='bbox 855 621 916 690; x_wconf 71' lang='lat' dir='ltr'>flat</span> <span class='ocrx_word' id='word_1_30' title='bbox 929 621 995 676; x_wconf 79' lang='lat' dir='ltr'>tibi.</span> <span class='ocrx_word' id='word_1_31' title='bbox 1014 624 1046 676; x_wconf 83' lang='lat' dir='ltr'>tlt</span> <span class='ocrx_word' id='word_1_32' title='bbox 1058 636 1093 675; x_wconf 89' lang='lat' dir='ltr'>ex</span> <span class='ocrx_word' id='word_1_33' title='bbox 1106 622 1153 676; x_wconf 92' lang='lat' dir='ltr'>illo</span> <span class='ocrx_word' id='word_1_34' title='bbox 1166 623 1223 677; x_wconf 91' lang='lat' dir='ltr'>luto</span> <span class='ocrx_word' id='word_1_35' title='bbox 1236 623 1342 689; x_wconf 89' lang='lat' dir='ltr'>etoteo‚</span> 
     </span>
    </p>

    <p class='ocr_par' dir='ltr' id='par_1_4' title="bbox 110 719 1343 791">
     <span class='ocr_line' id='line_1_4' title="bbox 110 719 1343 791; baseline 0.002 -17"><span class='ocrx_word' id='word_1_36' title='bbox 110 733 146 774; x_wconf 85' lang='lat' dir='ltr'>ex</span> <span class='ocrx_word' id='word_1_37' title='bbox 157 719 260 787; x_wconf 81' lang='lat' dir='ltr'>quibus</span> <span class='ocrx_word' id='word_1_38' title='bbox 271 720 385 776; x_wconf 85' lang='lat' dir='ltr'>alterius</span> <span class='ocrx_word' id='word_1_39' title='bbox 397 722 485 776; x_wconf 83' lang='lat' dir='ltr'>linivit</span> <span class='ocrx_word' id='word_1_40' title='bbox 497 723 570 778; x_wconf 85' lang='lat' dir='ltr'>caeci</span> <span class='ocrx_word' id='word_1_41' title='bbox 583 723 688 791; x_wconf 87' lang='lat' dir='ltr'>ocutos,</span> <span class='ocrx_word' id='word_1_42' title='bbox 711 723 838 777; x_wconf 88' lang='lat' dir='ltr'>similiter</span> <span class='ocrx_word' id='word_1_43' title='bbox 854 723 935 777; x_wconf 89' lang='lat' dir='ltr'>unxit</span> <span class='ocrx_word' id='word_1_44' title='bbox 946 730 973 776; x_wconf 89' lang='lat' dir='ltr'>et</span> <span class='ocrx_word' id='word_1_45' title='bbox 985 724 1072 777; x_wconf 89' lang='lat' dir='ltr'>istius.</span> <span class='ocrx_word' id='word_1_46' title='bbox 1086 725 1118 777; x_wconf 85' lang='grc'>111</span> <span class='ocrx_word' id='word_1_47' title='bbox 1129 724 1220 776; x_wconf 90' lang='lat' dir='ltr'>statim</span> <span class='ocrx_word' id='word_1_48' title='bbox 1233 729 1343 791; x_wconf 89' lang='lat' dir='ltr'>apertus</span> 
     </span>
    </p>

    <p class='ocr_par' dir='ltr' id='par_1_5' title="bbox 110 819 1343 890">
     <span class='ocr_line' id='line_1_5' title="bbox 110 819 1343 890; baseline 0.003 -18"><span class='ocrx_word' id='word_1_49' title='bbox 110 826 156 872; x_wconf 85' lang='lat' dir='ltr'>est</span> <span class='ocrx_word' id='word_1_50' title='bbox 166 819 264 874; x_wconf 84' lang='lat' dir='ltr'>oculus</span> <span class='ocrx_word' id='word_1_51' title='bbox 275 821 335 888; x_wconf 79' lang='lat' dir='ltr'>ejus</span> <span class='ocrx_word' id='word_1_52' title='bbox 347 834 429 890; x_wconf 89' lang='lat' dir='ltr'>unus,</span> <span class='ocrx_word' id='word_1_53' title='bbox 443 827 471 876; x_wconf 93' lang='lat' dir='ltr'>et</span> <span class='ocrx_word' id='word_1_54' title='bbox 483 821 552 876; x_wconf 88' lang='lat' dir='ltr'>alter</span> <span class='ocrx_word' id='word_1_55' title='bbox 563 835 627 877; x_wconf 82' lang='lat' dir='ltr'>uero</span> <span class='ocrx_word' id='word_1_56' title='bbox 638 823 789 889; x_wconf 76' lang='lat' dir='ltr'><strong>permansit</strong></span> <span class='ocrx_word' id='word_1_57' title='bbox 798 823 858 876; x_wconf 92' lang='lat' dir='ltr'>sine</span> <span class='ocrx_word' id='word_1_58' title='bbox 872 823 976 876; x_wconf 89' lang='lat' dir='ltr'>lumine</span> <span class='ocrx_word' id='word_1_59' title='bbox 989 823 1109 877; x_wconf 87' lang='lat' dir='ltr'>clausus.</span> <span class='ocrx_word' id='word_1_60' title='bbox 1122 825 1239 877; x_wconf 87' lang='lat' dir='ltr'>Sanctus</span> <span class='ocrx_word' id='word_1_61' title='bbox 1250 829 1343 879; x_wconf 90' lang='lat' dir='ltr'>autem</span> 
     </span>
    </p>

    <p class='ocr_par' dir='ltr' id='par_1_6' title="bbox 76 905 1344 990">
     <span class='ocr_line' id='line_1_6' title="bbox 76 905 1344 990; baseline 0.004 -19"><span class='ocrx_word' id='word_1_62' title='bbox 76 921 94 971; x_wconf 74' lang='grc' dir='ltr'><strong>ὅ</strong></span> <span class='ocrx_word' id='word_1_63' title='bbox 109 919 265 973; x_wconf 79' lang='lat' dir='ltr'>Leonotius</span> <span class='ocrx_word' id='word_1_64' title='bbox 278 919 331 974; x_wconf 85' lang='lat' dir='ltr'>hoc</span> <span class='ocrx_word' id='word_1_65' title='bbox 341 920 449 989; x_wconf 77' lang='lat' dir='ltr'>videns,</span> <span class='ocrx_word' id='word_1_66' title='bbox 461 905 595 976; x_wconf 72' lang='lat' dir='ltr'>intellexit</span> <span class='ocrx_word' id='word_1_67' title='bbox 607 920 681 989; x_wconf 89' lang='lat' dir='ltr'>quod</span> <span class='ocrx_word' id='word_1_68' title='bbox 694 935 751 976; x_wconf 92' lang='lat' dir='ltr'>non</span> <span class='ocrx_word' id='word_1_69' title='bbox 764 927 823 976; x_wconf 88' lang='lat' dir='ltr'>erat</span> <span class='ocrx_word' id='word_1_70' title='bbox 834 922 881 976; x_wconf 92' lang='lat' dir='ltr'>ille</span> <span class='ocrx_word' id='word_1_71' title='bbox 893 923 922 974; x_wconf 93' lang='lat' dir='ltr'>in</span> <span class='ocrx_word' id='word_1_72' title='bbox 935 922 1131 976; x_wconf 75' lang='lat' dir='ltr'>christianitate</span> <span class='ocrx_word' id='word_1_73' title='bbox 1141 927 1168 976; x_wconf 90' lang='lat' dir='ltr'>et</span> <span class='ocrx_word' id='word_1_74' title='bbox 1179 922 1208 975; x_wconf 90' lang='lat' dir='ltr'>ln</span> <span class='ocrx_word' id='word_1_75' title='bbox 1221 921 1274 977; x_wconf 86' lang='lat' dir='ltr'>tide</span> <span class='ocrx_word' id='word_1_76' title='bbox 1285 937 1344 990; x_wconf 87' lang='lat' dir='ltr'>per·</span> 
     </span>
    </p>

    <p class='ocr_par' dir='ltr' id='par_1_7' title="bbox 110 1017 1345 1089">
     <span class='ocr_line' id='line_1_7' title="bbox 110 1017 1345 1089; baseline 0.006 -19"><span class='ocrx_word' id='word_1_77' title='bbox 110 1017 211 1071; x_wconf 84' lang='lat' dir='ltr'>lectus.</span> <span class='ocrx_word' id='word_1_78' title='bbox 224 1020 256 1071; x_wconf 82' lang='grc'>111</span> <span class='ocrx_word' id='word_1_79' title='bbox 267 1019 336 1072; x_wconf 86' lang='lat' dir='ltr'>dixit</span> <span class='ocrx_word' id='word_1_80' title='bbox 346 1020 371 1073; x_wconf 89' lang='lat' dir='ltr'>ei</span> <span class='ocrx_word' id='word_1_81' title='bbox 386 1035 393 1073; x_wconf 74' lang='grc' dir='ltr'><strong>ι</strong></span> <span class='ocrx_word' id='word_1_82' title='bbox 409 1020 549 1089; x_wconf 58' lang='lat' dir='ltr'>omisa,</span> <span class='ocrx_word' id='word_1_83' title='bbox 562 1021 712 1089; x_wconf 79' lang='lat' dir='ltr'>confitere</span> <span class='ocrx_word' id='word_1_84' title='bbox 723 1023 854 1088; x_wconf 84' lang='lat' dir='ltr'>peccata</span> <span class='ocrx_word' id='word_1_85' title='bbox 872 1023 928 1074; x_wconf 78' lang='lat' dir='ltr'>tua</span> <span class='ocrx_word' id='word_1_86' title='bbox 947 1033 1026 1088; x_wconf 77' lang='lat' dir='ltr'>pune</span> <span class='ocrx_word' id='word_1_87' title='bbox 1042 1022 1076 1074; x_wconf 83' lang='lat' dir='ltr'>in</span> <span class='ocrx_word' id='word_1_88' title='bbox 1089 1024 1119 1074; x_wconf 89' lang='lat' dir='ltr'>te</span> <span class='ocrx_word' id='word_1_89' title='bbox 1129 1024 1204 1076; x_wconf 81' lang='lat' dir='ltr'>sunt</span> <span class='ocrx_word' id='word_1_90' title='bbox 1221 1021 1345 1077; x_wconf 74' lang='grc'><strong>11111111-</strong></span> 
     </span>
    </p>

    <p class='ocr_par' dir='ltr' id='par_1_8' title="bbox 108 1116 1343 1187">
     <span class='ocr_line' id='line_1_8' title="bbox 108 1116 1343 1187; baseline 0.004 -18"><span class='ocrx_word' id='word_1_91' title='bbox 108 1116 193 1170; x_wconf 79' lang='lat' dir='ltr'>dita.</span> <span class='ocrx_word' id='word_1_92' title='bbox 206 1118 368 1185; x_wconf 89' lang='lat' dir='ltr'>llleautem,</span> <span class='ocrx_word' id='word_1_93' title='bbox 381 1120 482 1173; x_wconf 87' lang='lat' dir='ltr'>videns</span> <span class='ocrx_word' id='word_1_94' title='bbox 494 1120 568 1187; x_wconf 88' lang='lat' dir='ltr'>quod</span> <span class='ocrx_word' id='word_1_95' title='bbox 586 1119 670 1174; x_wconf 89' lang='lat' dir='ltr'>latere</span> <span class='ocrx_word' id='word_1_96' title='bbox 687 1133 744 1174; x_wconf 93' lang='lat' dir='ltr'>non</span> <span class='ocrx_word' id='word_1_97' title='bbox 762 1125 879 1187; x_wconf 86' lang='lat' dir='ltr'>poterat,</span> <span class='ocrx_word' id='word_1_98' title='bbox 898 1121 966 1173; x_wconf 85' lang='lat' dir='ltr'>dixit</span> <span class='ocrx_word' id='word_1_99' title='bbox 985 1137 992 1172; x_wconf 77' lang='grc' dir='ltr'><strong><em>ε</em></strong></span> <span class='ocrx_word' id='word_1_100' title='bbox 1009 1120 1249 1175; x_wconf 73' lang='lat' dir='ltr'>catechumenus</span> <span class='ocrx_word' id='word_1_101' title='bbox 1259 1121 1343 1175; x_wconf 79' lang='lat' dir='ltr'>enim</span> 
     </span>
    </p>

    <p class='ocr_par' dir='ltr' id='par_1_9' title="bbox 107 1218 1342 1288">
     <span class='ocr_line' id='line_1_9' title="bbox 107 1218 1342 1288; baseline 0.002 -18"><span class='ocrx_word' id='word_1_102' title='bbox 107 1230 255 1288; x_wconf 68' lang='grc'><strong>19111111,</strong></span> <span class='ocrx_word' id='word_1_103' title='bbox 268 1219 397 1274; x_wconf 74' lang='lat' dir='ltr'>sednon</span> <span class='ocrx_word' id='word_1_104' title='bbox 413 1219 601 1288; x_wconf 77' lang='lat' dir='ltr'>baptizatus.</span> <span class='ocrx_word' id='word_1_105' title='bbox 621 1222 736 1273; x_wconf 87' lang='lat' dir='ltr'>Sanctus</span> <span class='ocrx_word' id='word_1_106' title='bbox 753 1222 904 1275; x_wconf 85' lang='lat' dir='ltr'>Leonorius</span> <span class='ocrx_word' id='word_1_107' title='bbox 921 1220 1010 1273; x_wconf 82' lang='lat' dir='ltr'>dixit:</span> <span class='ocrx_word' id='word_1_108' title='bbox 1035 1220 1085 1274; x_wconf 84' lang='lat' dir='ltr'>Vis</span> <span class='ocrx_word' id='word_1_109' title='bbox 1102 1218 1283 1287; x_wconf 77' lang='lat' dir='ltr'>baptizarit</span> <span class='ocrx_word' id='word_1_110' title='bbox 1294 1222 1342 1273; x_wconf 85' lang='lat' dir='ltr'>lle-</span> 
     </span>
    </p>

    <p class='ocr_par' dir='ltr' id='par_1_10' title="bbox 108 1318 1344 1387">
     <span class='ocr_line' id='line_1_10' title="bbox 108 1318 1344 1387; baseline 0.001 -17"><span class='ocrx_word' id='word_1_111' title='bbox 108 1318 223 1385; x_wconf 88' lang='lat' dir='ltr'>spondit</span> <span class='ocrx_word' id='word_1_112' title='bbox 233 1318 301 1373; x_wconf 91' lang='lat' dir='ltr'>ille:</span> <span class='ocrx_word' id='word_1_113' title='bbox 319 1319 399 1374; x_wconf 80' lang='lat' dir='ltr'>Volo.</span> <span class='ocrx_word' id='word_1_114' title='bbox 413 1322 445 1372; x_wconf 77' lang='lat' dir='ltr'>nt</span> <span class='ocrx_word' id='word_1_115' title='bbox 457 1326 521 1374; x_wconf 90' lang='lat' dir='ltr'>tunc</span> <span class='ocrx_word' id='word_1_116' title='bbox 533 1320 677 1387; x_wconf 82' lang='lat' dir='ltr'>baptizarit</span> <span class='ocrx_word' id='word_1_117' title='bbox 688 1333 761 1386; x_wconf 86' lang='lat' dir='ltr'>eum,</span> <span class='ocrx_word' id='word_1_118' title='bbox 779 1320 919 1373; x_wconf 88' lang='lat' dir='ltr'>instruens</span> <span class='ocrx_word' id='word_1_119' title='bbox 931 1332 994 1373; x_wconf 89' lang='lat' dir='ltr'>eum</span> <span class='ocrx_word' id='word_1_120' title='bbox 1010 1318 1040 1372; x_wconf 91' lang='lat' dir='ltr'>in</span> <span class='ocrx_word' id='word_1_121' title='bbox 1059 1319 1112 1373; x_wconf 85' lang='lat' dir='ltr'>ilde</span> <span class='ocrx_word' id='word_1_122' title='bbox 1130 1325 1239 1374; x_wconf 89' lang='lat' dir='ltr'>sanctae</span> <span class='ocrx_word' id='word_1_123' title='bbox 1257 1319 1344 1372; x_wconf 79' lang='lat' dir='ltr'>Trini-</span> 
     </span>
    </p>

    <p class='ocr_par' dir='ltr' id='par_1_11' title="bbox 59 1417 1342 1586">
     <span class='ocr_line' id='line_1_11' title="bbox 59 1417 1342 1487; baseline 0.002 -18"><span class='ocrx_word' id='word_1_124' title='bbox 59 1419 92 1470; x_wconf 80' lang='grc'>10</span> <span class='ocrx_word' id='word_1_125' title='bbox 109 1417 186 1472; x_wconf 84' lang='lat' dir='ltr'>tatis.</span> <span class='ocrx_word' id='word_1_126' title='bbox 210 1420 243 1471; x_wconf 83' lang='lat' dir='ltr'>iit</span> <span class='ocrx_word' id='word_1_127' title='bbox 261 1432 326 1472; x_wconf 89' lang='lat' dir='ltr'>cum</span> <span class='ocrx_word' id='word_1_128' title='bbox 350 1419 471 1474; x_wconf 81' lang='lat' dir='ltr'>elevatus</span> <span class='ocrx_word' id='word_1_129' title='bbox 493 1419 590 1473; x_wconf 84' lang='lat' dir='ltr'>luisset</span> <span class='ocrx_word' id='word_1_130' title='bbox 609 1420 777 1487; x_wconf 80' lang='lat' dir='ltr'>baptismatis</span> <span class='ocrx_word' id='word_1_131' title='bbox 798 1434 814 1472; x_wconf 87' lang='lat' dir='ltr'>a</span> <span class='ocrx_word' id='word_1_132' title='bbox 833 1419 918 1486; x_wconf 84' lang='lat' dir='ltr'>tonte,</span> <span class='ocrx_word' id='word_1_133' title='bbox 941 1420 1011 1472; x_wconf 90' lang='lat' dir='ltr'>sicut</span> <span class='ocrx_word' id='word_1_134' title='bbox 1027 1420 1131 1486; x_wconf 89' lang='lat' dir='ltr'>accepit</span> <span class='ocrx_word' id='word_1_135' title='bbox 1154 1419 1342 1474; x_wconf 83' lang='lat' dir='ltr'>remissionem</span> 
     </span>
     <span class='ocr_line' id='line_1_12' title="bbox 106 1519 1068 1586; baseline 0.001 -15"><span class='ocrx_word' id='word_1_136' title='bbox 106 1522 287 1583; x_wconf 82' lang='lat' dir='ltr'>peccatorum</span> <span class='ocrx_word' id='word_1_137' title='bbox 298 1519 433 1584; x_wconf 77' lang='lat' dir='ltr'>omnium,</span> <span class='ocrx_word' id='word_1_138' title='bbox 447 1519 523 1573; x_wconf 91' lang='lat' dir='ltr'>itaet</span> <span class='ocrx_word' id='word_1_139' title='bbox 536 1519 630 1573; x_wconf 88' lang='lat' dir='ltr'>lumen</span> <span class='ocrx_word' id='word_1_140' title='bbox 642 1520 748 1586; x_wconf 88' lang='lat' dir='ltr'>accepit</span> <span class='ocrx_word' id='word_1_141' title='bbox 759 1520 904 1573; x_wconf 86' lang='lat' dir='ltr'>amborum</span> <span class='ocrx_word' id='word_1_142' title='bbox 914 1519 1068 1574; x_wconf 87' lang='lat' dir='ltr'>oculorum.</span> 
     </span>
    </p>

    <p class='ocr_par' dir='ltr' id='par_1_12' title="bbox 144 1617 1343 1685">
     <span class='ocr_line' id='line_1_13' title="bbox 144 1617 1343 1685; baseline 0.002 -16"><span class='ocrx_word' id='word_1_143' title='bbox 144 1617 197 1670; x_wconf 79' lang='lat'>1⁴.</span> <span class='ocrx_word' id='word_1_144' title='bbox 210 1619 266 1670; x_wconf 86' lang='lat' dir='ltr'>tloc</span> <span class='ocrx_word' id='word_1_145' title='bbox 277 1617 359 1685; x_wconf 79' lang='grc'><strong>111111,</strong></span> <span class='ocrx_word' id='word_1_146' title='bbox 377 1623 489 1671; x_wconf 89' lang='lat' dir='ltr'>sanctus</span> <span class='ocrx_word' id='word_1_147' title='bbox 500 1618 652 1671; x_wconf 86' lang='lat' dir='ltr'>Leonorius</span> <span class='ocrx_word' id='word_1_148' title='bbox 663 1632 745 1671; x_wconf 93' lang='lat' dir='ltr'>suum</span> <span class='ocrx_word' id='word_1_149' title='bbox 757 1622 817 1684; x_wconf 90' lang='lat' dir='ltr'>post</span> <span class='ocrx_word' id='word_1_150' title='bbox 829 1618 928 1671; x_wconf 86' lang='lat' dir='ltr'>tratres</span> <span class='ocrx_word' id='word_1_151' title='bbox 942 1630 1007 1671; x_wconf 87' lang='lat' dir='ltr'>suos</span> <span class='ocrx_word' id='word_1_152' title='bbox 1020 1617 1135 1685; x_wconf 88' lang='lat' dir='ltr'>arripuit</span> <span class='ocrx_word' id='word_1_153' title='bbox 1144 1619 1206 1681; x_wconf 85' lang='lat' dir='ltr'>iter,</span> <span class='ocrx_word' id='word_1_154' title='bbox 1220 1618 1343 1671; x_wconf 88' lang='lat' dir='ltr'>nescien-</span> 
     </span>
    </p>

    <p class='ocr_par' dir='ltr' id='par_1_13' title="bbox 108 1716 1341 1784">
     <span class='ocr_line' id='line_1_14' title="bbox 108 1716 1341 1784; baseline 0.001 -17"><span class='ocrx_word' id='word_1_155' title='bbox 108 1721 152 1769; x_wconf 87' lang='lat' dir='ltr'>tes</span> <span class='ocrx_word' id='word_1_156' title='bbox 161 1728 234 1784; x_wconf 85' lang='lat' dir='ltr'>quae</span> <span class='ocrx_word' id='word_1_157' title='bbox 246 1717 281 1770; x_wconf 80' lang='lat' dir='ltr'>ati</span> <span class='ocrx_word' id='word_1_158' title='bbox 294 1716 341 1770; x_wconf 92' lang='lat' dir='ltr'>illo</span> <span class='ocrx_word' id='word_1_159' title='bbox 364 1717 434 1771; x_wconf 87' lang='lat' dir='ltr'>lacta</span> <span class='ocrx_word' id='word_1_160' title='bbox 455 1716 570 1771; x_wconf 89' lang='lat' dir='ltr'>tuissent</span> <span class='ocrx_word' id='word_1_161' title='bbox 589 1716 625 1771; x_wconf 89' lang='lat' dir='ltr'>de</span> <span class='ocrx_word' id='word_1_162' title='bbox 642 1716 752 1771; x_wconf 85' lang='lat' dir='ltr'>duobus</span> <span class='ocrx_word' id='word_1_163' title='bbox 763 1717 862 1781; x_wconf 82' lang='lat' dir='ltr'>caecis,</span> <span class='ocrx_word' id='word_1_164' title='bbox 877 1717 965 1770; x_wconf 92' lang='lat' dir='ltr'>donec</span> <span class='ocrx_word' id='word_1_165' title='bbox 978 1717 1040 1770; x_wconf 90' lang='lat' dir='ltr'>illos</span> <span class='ocrx_word' id='word_1_166' title='bbox 1053 1716 1181 1770; x_wconf 85' lang='lat' dir='ltr'>viderunt</span> <span class='ocrx_word' id='word_1_167' title='bbox 1193 1722 1341 1784; x_wconf 87' lang='lat' dir='ltr'>sequentes</span> 
     </span>
    </p>

    <p class='ocr_par' dir='ltr' id='par_1_14' title="bbox 110 1813 1342 1884">
     <span class='ocr_line' id='line_1_15' title="bbox 110 1813 1342 1884; baseline 0 -15"><span class='ocrx_word' id='word_1_168' title='bbox 110 1828 177 1869; x_wconf 90' lang='lat' dir='ltr'>enm</span> <span class='ocrx_word' id='word_1_169' title='bbox 189 1820 218 1869; x_wconf 84' lang='lat' dir='ltr'>ct</span> <span class='ocrx_word' id='word_1_170' title='bbox 228 1815 406 1884; x_wconf 78' lang='lat' dir='ltr'>devulgantes</span> <span class='ocrx_word' id='word_1_171' title='bbox 418 1815 547 1869; x_wconf 85' lang='lat' dir='ltr'>omnibus</span> <span class='ocrx_word' id='word_1_172' title='bbox 560 1813 720 1869; x_wconf 79' lang='lat' dir='ltr'>hominibus</span> <span class='ocrx_word' id='word_1_173' title='bbox 733 1817 792 1883; x_wconf 77' lang='lat' dir='ltr'>elus</span> <span class='ocrx_word' id='word_1_174' title='bbox 805 1829 873 1882; x_wconf 83' lang='lat' dir='ltr'>quas</span> <span class='ocrx_word' id='word_1_175' title='bbox 885 1817 919 1870; x_wconf 91' lang='lat' dir='ltr'>de</span> <span class='ocrx_word' id='word_1_176' title='bbox 931 1815 985 1869; x_wconf 93' lang='lat' dir='ltr'>illis</span> <span class='ocrx_word' id='word_1_177' title='bbox 998 1816 1230 1871; x_wconf 82' lang='lat' dir='ltr'>leceratvirtutes.</span> <span class='ocrx_word' id='word_1_178' title='bbox 1243 1817 1342 1869; x_wconf 79' lang='lat' dir='ltr'>Amnu-</span> 
     </span>
    </p>

    <p class='ocr_par' dir='ltr' id='par_1_15' title="bbox 15 1912 1341 1981">
     <span class='ocr_line' id='line_1_16' title="bbox 15 1912 1341 1981; baseline -0.001 -13"><span class='ocrx_word' id='word_1_179' title='bbox 15 1938 18 1949; x_wconf 93' lang='lat'>·</span> <span class='ocrx_word' id='word_1_180' title='bbox 62 1917 94 1970; x_wconf 76' lang='lat' dir='ltr'>tt</span> <span class='ocrx_word' id='word_1_181' title='bbox 110 1914 240 1969; x_wconf 82' lang='lat' dir='ltr'>laverunt</span> <span class='ocrx_word' id='word_1_182' title='bbox 259 1919 351 1969; x_wconf 87' lang='lat' dir='ltr'>autem</span> <span class='ocrx_word' id='word_1_183' title='bbox 371 1913 418 1969; x_wconf 90' lang='lat' dir='ltr'>ille</span> <span class='ocrx_word' id='word_1_184' title='bbox 438 1915 564 1970; x_wconf 89' lang='lat' dir='ltr'>similiter</span> <span class='ocrx_word' id='word_1_185' title='bbox 575 1921 603 1969; x_wconf 90' lang='lat' dir='ltr'>et</span> <span class='ocrx_word' id='word_1_186' title='bbox 625 1915 723 1969; x_wconf 80' lang='lat' dir='ltr'>iratres</span> <span class='ocrx_word' id='word_1_187' title='bbox 743 1916 785 1969; x_wconf 87' lang='lat' dir='ltr'>sui</span> <span class='ocrx_word' id='word_1_188' title='bbox 797 1928 859 1969; x_wconf 89' lang='lat' dir='ltr'>cnm</span> <span class='ocrx_word' id='word_1_189' title='bbox 873 1915 949 1969; x_wconf 92' lang='lat' dir='ltr'>omni</span> <span class='ocrx_word' id='word_1_190' title='bbox 961 1912 1103 1981; x_wconf 86' lang='lat' dir='ltr'>comitatu,</span> <span class='ocrx_word' id='word_1_191' title='bbox 1116 1913 1205 1969; x_wconf 86' lang='lat' dir='ltr'>donec</span> <span class='ocrx_word' id='word_1_192' title='bbox 1217 1912 1251 1967; x_wconf 89' lang='lat' dir='ltr'>ad</span> <span class='ocrx_word' id='word_1_193' title='bbox 1264 1914 1341 1967; x_wconf 89' lang='lat' dir='ltr'>illum</span> 
     </span>
    </p>

    <p class='ocr_par' dir='ltr' id='par_1_16' title="bbox 16 1992 1342 2082">
     <span class='ocr_line' id='line_1_17' title="bbox 16 1992 1342 2082; baseline -0.003 -11"><span class='ocrx_word' id='word_1_194' title='bbox 16 1992 19 2071; x_wconf 51' lang='grc' dir='ltr'><strong>ᾗ</strong></span> <span class='ocrx_word' id='word_1_195' title='bbox 110 2016 142 2067; x_wconf 91' lang='lat' dir='ltr'>in</span> <span class='ocrx_word' id='word_1_196' title='bbox 153 2027 211 2082; x_wconf 87' lang='lat' dir='ltr'>quo</span> <span class='ocrx_word' id='word_1_197' title='bbox 223 2027 273 2068; x_wconf 87' lang='lat' dir='ltr'>rex</span> <span class='ocrx_word' id='word_1_198' title='bbox 284 2014 450 2068; x_wconf 81' lang='lat' dir='ltr'>Gillehertns</span> <span class='ocrx_word' id='word_1_199' title='bbox 462 2019 520 2068; x_wconf 84' lang='lat' dir='ltr'>erat</span> <span class='ocrx_word' id='word_1_200' title='bbox 539 2019 676 2068; x_wconf 86' lang='lat' dir='ltr'>venerunt</span> <span class='ocrx_word' id='word_1_201' title='bbox 693 2014 793 2069; x_wconf 90' lang='lat' dir='ltr'>locum.</span> <span class='ocrx_word' id='word_1_202' title='bbox 813 2016 929 2068; x_wconf 86' lang='lat' dir='ltr'>sanctus</span> <span class='ocrx_word' id='word_1_203' title='bbox 947 2027 1012 2069; x_wconf 82' lang='lat' dir='ltr'>uero</span> <span class='ocrx_word' id='word_1_204' title='bbox 1029 2014 1181 2068; x_wconf 86' lang='lat' dir='ltr'>Leonorius</span> <span class='ocrx_word' id='word_1_205' title='bbox 1192 2018 1342 2081; x_wconf 81' lang='lat' dir='ltr'>antequam</span> 
     </span>
    </p>

    <p class='ocr_par' dir='ltr' id='par_1_17' title="bbox 110 2114 1341 2185">
     <span class='ocr_line' id='line_1_18' title="bbox 110 2114 1341 2185; baseline 0.002 -18"><span class='ocrx_word' id='word_1_206' title='bbox 110 2114 254 2169; x_wconf 83' lang='lat' dir='ltr'>introisset</span> <span class='ocrx_word' id='word_1_207' title='bbox 265 2116 295 2169; x_wconf 89' lang='lat' dir='ltr'>ln</span> <span class='ocrx_word' id='word_1_208' title='bbox 307 2116 438 2183; x_wconf 90' lang='lat' dir='ltr'>palatium</span> <span class='ocrx_word' id='word_1_209' title='bbox 452 2115 533 2185; x_wconf 77' lang='lat' dir='ltr'>regis,</span> <span class='ocrx_word' id='word_1_210' title='bbox 553 2117 674 2182; x_wconf 88' lang='lat' dir='ltr'>repperit</span> <span class='ocrx_word' id='word_1_211' title='bbox 694 2121 757 2170; x_wconf 88' lang='lat' dir='ltr'>ante</span> <span class='ocrx_word' id='word_1_212' title='bbox 776 2122 884 2183; x_wconf 90' lang='lat' dir='ltr'>portam</span> <span class='ocrx_word' id='word_1_213' title='bbox 904 2116 996 2184; x_wconf 90' lang='lat' dir='ltr'>palatii</span> <span class='ocrx_word' id='word_1_214' title='bbox 1017 2114 1087 2171; x_wconf 88' lang='lat' dir='ltr'>duos</span> <span class='ocrx_word' id='word_1_215' title='bbox 1106 2116 1241 2180; x_wconf 85' lang='lat' dir='ltr'>nomines,</span> <span class='ocrx_word' id='word_1_216' title='bbox 1255 2129 1341 2170; x_wconf 89' lang='lat' dir='ltr'>unum</span> 
     </span>
    </p>

    <p class='ocr_par' dir='ltr' id='par_1_18' title="bbox 17 2215 1343 2309">
     <span class='ocr_line' id='line_1_19' title="bbox 17 2215 1343 2309; baseline 0 -40"><span class='ocrx_word' id='word_1_217' title='bbox 17 2226 21 2309; x_wconf 66' lang='lat' dir='ltr'><strong>j</strong></span> <span class='ocrx_word' id='word_1_218' title='bbox 110 2216 292 2283; x_wconf 73' lang='lat' dir='ltr'>paralyticum</span> <span class='ocrx_word' id='word_1_219' title='bbox 312 2215 434 2281; x_wconf 77' lang='lat' dir='ltr'>tentem,</span> <span class='ocrx_word' id='word_1_220' title='bbox 455 2216 540 2269; x_wconf 88' lang='lat' dir='ltr'>atium</span> <span class='ocrx_word' id='word_1_221' title='bbox 558 2217 689 2283; x_wconf 76' lang='lat' dir='ltr'>iuvenem</span> <span class='ocrx_word' id='word_1_222' title='bbox 701 2231 737 2271; x_wconf 85' lang='lat' dir='ltr'>ex</span> <span class='ocrx_word' id='word_1_223' title='bbox 746 2217 887 2285; x_wconf 81' lang='lat' dir='ltr'>armigeris</span> <span class='ocrx_word' id='word_1_224' title='bbox 899 2217 970 2286; x_wconf 74' lang='lat' dir='ltr'>regis</span> <span class='ocrx_word' id='word_1_225' title='bbox 983 2217 1128 2270; x_wconf 86' lang='lat' dir='ltr'>ridentem.</span> <span class='ocrx_word' id='word_1_226' title='bbox 1143 2219 1257 2270; x_wconf 80' lang='lat' dir='ltr'>Sanetus</span> <span class='ocrx_word' id='word_1_227' title='bbox 1269 2229 1343 2269; x_wconf 89' lang='lat' dir='ltr'>narn·</span> 
     </span>
    </p>

    <p class='ocr_par' dir='ltr' id='par_1_19' title="bbox 110 2318 1340 2386">
     <span class='ocr_line' id='line_1_20' title="bbox 110 2318 1340 2386; baseline -0.002 -14"><span class='ocrx_word' id='word_1_228' title='bbox 110 2330 165 2385; x_wconf 80' lang='lat' dir='ltr'>que</span> <span class='ocrx_word' id='word_1_229' title='bbox 174 2319 329 2372; x_wconf 72' lang='lat' dir='ltr'>leonorius</span> <span class='ocrx_word' id='word_1_230' title='bbox 339 2318 453 2372; x_wconf 85' lang='lat' dir='ltr'>accessit</span> <span class='ocrx_word' id='word_1_231' title='bbox 464 2319 499 2371; x_wconf 87' lang='lat' dir='ltr'>ad</span> <span class='ocrx_word' id='word_1_232' title='bbox 514 2319 693 2386; x_wconf 79' lang='lat' dir='ltr'>paralyticum</span> <span class='ocrx_word' id='word_1_233' title='bbox 707 2324 735 2374; x_wconf 90' lang='lat' dir='ltr'>et</span> <span class='ocrx_word' id='word_1_234' title='bbox 745 2319 922 2386; x_wconf 77' lang='lat' dir='ltr'>interrogavit</span> <span class='ocrx_word' id='word_1_235' title='bbox 931 2333 995 2373; x_wconf 90' lang='lat' dir='ltr'>eum</span> <span class='ocrx_word' id='word_1_236' title='bbox 1004 2319 1116 2373; x_wconf 90' lang='lat' dir='ltr'>dicens:</span> <span class='ocrx_word' id='word_1_237' title='bbox 1133 2318 1212 2379; x_wconf 80' lang='lat' dir='ltr'>Quid</span> <span class='ocrx_word' id='word_1_238' title='bbox 1218 2319 1340 2385; x_wconf 82' lang='lat' dir='ltr'>ploras,</span> 
     </span>
    </p>

    <p class='ocr_par' dir='ltr' id='par_1_20' title="bbox 18 2370 1341 2486">
     <span class='ocr_line' id='line_1_21' title="bbox 18 2370 1341 2486; baseline -0.001 -14"><span class='ocrx_word' id='word_1_239' title='bbox 18 2370 22 2435; x_wconf 70' lang='grc' dir='ltr'>Ι</span> <span class='ocrx_word' id='word_1_240' title='bbox 61 2419 94 2472; x_wconf 66' lang='lat' dir='ltr'>it</span> <span class='ocrx_word' id='word_1_241' title='bbox 107 2416 238 2486; x_wconf 69' lang='lat' dir='ltr'>frater?</span> <span class='ocrx_word' id='word_1_242' title='bbox 249 2417 415 2486; x_wconf 68' lang='lat' dir='ltr'>paralyticus</span> <span class='ocrx_word' id='word_1_243' title='bbox 427 2418 496 2471; x_wconf 84' lang='lat' dir='ltr'>dixit</span> <span class='ocrx_word' id='word_1_244' title='bbox 512 2433 520 2471; x_wconf 93' lang='lat'><strong>:</strong></span> <span class='ocrx_word' id='word_1_245' title='bbox 534 2418 616 2478; x_wconf 76' lang='lat' dir='ltr'>Quia</span> <span class='ocrx_word' id='word_1_246' title='bbox 629 2417 973 2486; x_wconf 76' lang='lat' dir='ltr'>ittejuvenisruperous</span> <span class='ocrx_word' id='word_1_247' title='bbox 983 2432 1053 2473; x_wconf 83' lang='lat' dir='ltr'>mea</span> <span class='ocrx_word' id='word_1_248' title='bbox 1064 2417 1194 2472; x_wconf 78' lang='lat' dir='ltr'>adstulit</span> <span class='ocrx_word' id='word_1_249' title='bbox 1206 2416 1341 2472; x_wconf 80' lang='lat' dir='ltr'>scabella</span> 
     </span>
    </p>

    <p class='ocr_par' dir='ltr' id='par_1_21' title="bbox 110 2514 1343 2585">
     <span class='ocr_line' id='line_1_22' title="bbox 110 2514 1343 2585; baseline -0.003 -14"><span class='ocrx_word' id='word_1_250' title='bbox 110 2516 301 2585; x_wconf 56' lang='lat' dir='ltr'>&amp;atquibus</span> <span class='ocrx_word' id='word_1_251' title='bbox 313 2516 517 2572; x_wconf 69' lang='lat' dir='ltr'>ambulabam.</span> <span class='ocrx_word' id='word_1_252' title='bbox 531 2521 563 2571; x_wconf 80' lang='grc'>111</span> <span class='ocrx_word' id='word_1_253' title='bbox 579 2530 727 2571; x_wconf 83' lang='lat' dir='ltr'>conversus</span> <span class='ocrx_word' id='word_1_254' title='bbox 744 2520 856 2571; x_wconf 83' lang='lat' dir='ltr'>sanctus</span> <span class='ocrx_word' id='word_1_255' title='bbox 874 2517 1025 2571; x_wconf 86' lang='lat' dir='ltr'>Leonorius</span> <span class='ocrx_word' id='word_1_256' title='bbox 1045 2516 1078 2569; x_wconf 86' lang='lat' dir='ltr'>ad</span> <span class='ocrx_word' id='word_1_257' title='bbox 1089 2517 1218 2582; x_wconf 79' lang='lat' dir='ltr'>juvenem</span> <span class='ocrx_word' id='word_1_258' title='bbox 1236 2521 1262 2569; x_wconf 90' lang='lat' dir='ltr'>et</span> <span class='ocrx_word' id='word_1_259' title='bbox 1274 2514 1343 2569; x_wconf 88' lang='lat' dir='ltr'>dixit</span> 
     </span>
    </p>

    <p class='ocr_par' dir='ltr' id='par_1_22' title="bbox 110 2614 1341 2684">
     <span class='ocr_line' id='line_1_23' title="bbox 110 2614 1341 2684; baseline -0.001 -16"><span class='ocrx_word' id='word_1_260' title='bbox 110 2616 155 2669; x_wconf 89' lang='lat' dir='ltr'>et:</span> <span class='ocrx_word' id='word_1_261' title='bbox 173 2614 301 2672; x_wconf 76' lang='lat' dir='ltr'>Obsecro</span> <span class='ocrx_word' id='word_1_262' title='bbox 314 2618 353 2681; x_wconf 88' lang='lat' dir='ltr'>te,</span> <span class='ocrx_word' id='word_1_263' title='bbox 368 2615 482 2684; x_wconf 77' lang='lat' dir='ltr'>frater,</span> <span class='ocrx_word' id='word_1_264' title='bbox 504 2617 600 2671; x_wconf 80' lang='lat' dir='ltr'>redde</span> <span class='ocrx_word' id='word_1_265' title='bbox 619 2617 733 2670; x_wconf 77' lang='lat' dir='ltr'>misero</span> <span class='ocrx_word' id='word_1_266' title='bbox 750 2615 931 2683; x_wconf 75' lang='lat' dir='ltr'>paralytico</span> <span class='ocrx_word' id='word_1_267' title='bbox 946 2615 1039 2681; x_wconf 81' lang='lat' dir='ltr'>pedes</span> <span class='ocrx_word' id='word_1_268' title='bbox 1056 2627 1136 2668; x_wconf 78' lang='lat' dir='ltr'>suos.</span> <span class='ocrx_word' id='word_1_269' title='bbox 1159 2614 1260 2674; x_wconf 79' lang='lat' dir='ltr'>Quare</span> <span class='ocrx_word' id='word_1_270' title='bbox 1278 2626 1341 2667; x_wconf 77' lang='lat' dir='ltr'>con</span> 
     </span>
    </p>

    <p class='ocr_par' dir='ltr' id='par_1_23' title="bbox 108 2710 1340 2781">
     <span class='ocr_line' id='line_1_24' title="bbox 108 2710 1340 2781; baseline -0.002 -16"><span class='ocrx_word' id='word_1_271' title='bbox 108 2713 268 2781; x_wconf 81' lang='lat' dir='ltr'>intettepie</span> <span class='ocrx_word' id='word_1_272' title='bbox 279 2725 451 2768; x_wconf 75' lang='lat' dir='ltr'>remwnem</span> <span class='ocrx_word' id='word_1_273' title='bbox 464 2713 591 2767; x_wconf 82' lang='lat' dir='ltr'>Domini</span> <span class='ocrx_word' id='word_1_274' title='bbox 607 2713 711 2767; x_wconf 79' lang='lat' dir='ltr'>nostri</span> <span class='ocrx_word' id='word_1_275' title='bbox 727 2713 800 2767; x_wconf 78' lang='lat' dir='ltr'>Jesu</span> <span class='ocrx_word' id='word_1_276' title='bbox 821 2710 940 2768; x_wconf 79' lang='lat' dir='ltr'>Christi</span> <span class='ocrx_word' id='word_1_277' title='bbox 957 2713 990 2764; x_wconf 86' lang='lat' dir='ltr'>in</span> <span class='ocrx_word' id='word_1_278' title='bbox 1008 2710 1168 2778; x_wconf 77' lang='lat' dir='ltr'>cvanpetto</span> <span class='ocrx_word' id='word_1_279' title='bbox 1186 2710 1340 2764; x_wconf 83' lang='lat' dir='ltr'>dicentis.-</span> 
     </span>
    </p>

    <p class='ocr_par' dir='ltr' id='par_1_24' title="bbox 110 2809 1341 2882">
     <span class='ocr_line' id='line_1_25' title="bbox 110 2809 1341 2882; baseline -0.004 -15"><span class='ocrx_word' id='word_1_280' title='bbox 110 2813 267 2873; x_wconf 80' lang='lat' dir='ltr'>Quodunt</span> <span class='ocrx_word' id='word_1_281' title='bbox 285 2826 327 2867; x_wconf 77' lang='lat' dir='ltr'>eoa</span> <span class='ocrx_word' id='word_1_282' title='bbox 337 2813 479 2867; x_wconf 77' lang='lat' dir='ltr'>minimis</span> <span class='ocrx_word' id='word_1_283' title='bbox 498 2813 577 2868; x_wconf 73' lang='lat' dir='ltr'>neeis</span> <span class='ocrx_word' id='word_1_284' title='bbox 594 2812 750 2882; x_wconf 61' lang='lat' dir='ltr'>fratribus</span> <span class='ocrx_word' id='word_1_285' title='bbox 762 2812 883 2881; x_wconf 82' lang='lat' dir='ltr'>fecistis</span> <span class='ocrx_word' id='word_1_286' title='bbox 903 2812 983 2866; x_wconf 81' lang='lat' dir='ltr'>mitri</span> <span class='ocrx_word' id='word_1_287' title='bbox 1000 2811 1209 2880; x_wconf 66' lang='lat' dir='ltr'>terminatae</span> <span class='ocrx_word' id='word_1_288' title='bbox 1229 2809 1341 2863; x_wconf 80' lang='lat' dir='ltr'>donum</span> 
     </span>
    </p>

    <p class='ocr_par' dir='ltr' id='par_1_25' title="bbox 14 2888 1340 2991">
     <span class='ocr_line' id='line_1_26' title="bbox 14 2888 1340 2991; baseline -0.005 -25"><span class='ocrx_word' id='word_1_289' title='bbox 14 2888 19 2991; x_wconf 59' lang='lat' dir='ltr'>J</span> <span class='ocrx_word' id='word_1_290' title='bbox 59 2912 91 2966; x_wconf 64' lang='lat' dir='ltr'>at</span> <span class='ocrx_word' id='word_1_291' title='bbox 106 2913 172 2968; x_wconf 78' lang='lat' dir='ltr'>aine</span> <span class='ocrx_word' id='word_1_292' title='bbox 180 2912 509 2968; x_wconf 79' lang='lat' dir='ltr'>maluthonnescia</span> <span class='ocrx_word' id='word_1_293' title='bbox 517 2913 593 2980; x_wconf 81' lang='lat' dir='ltr'>quia</span> <span class='ocrx_word' id='word_1_294' title='bbox 602 2911 1011 2977; x_wconf 75' lang='lat' dir='ltr'>cnumcrectoremtcoetis,</span> <span class='ocrx_word' id='word_1_295' title='bbox 1022 2923 1119 2964; x_wconf 82' lang='lat' dir='ltr'>unum</span> <span class='ocrx_word' id='word_1_296' title='bbox 1129 2910 1224 2963; x_wconf 81' lang='lat' dir='ltr'>Deuxn</span> <span class='ocrx_word' id='word_1_297' title='bbox 1234 2908 1340 2963; x_wconf 81' lang='lat' dir='ltr'>colitis</span> 
     </span>
    </p>

    <p class='ocr_par' dir='ltr' id='par_1_26' title="bbox 13 3006 1340 3079">
     <span class='ocr_line' id='line_1_27' title="bbox 13 3006 1340 3079; baseline -0.005 -14"><span class='ocrx_word' id='word_1_298' title='bbox 13 3026 16 3039; x_wconf 92' lang='lat'>·</span> <span class='ocrx_word' id='word_1_299' title='bbox 107 3015 137 3065; x_wconf 86' lang='lat' dir='ltr'>et</span> <span class='ocrx_word' id='word_1_300' title='bbox 149 3011 372 3076; x_wconf 64' lang='lat' dir='ltr'>eucraticum</span> <span class='ocrx_word' id='word_1_301' title='bbox 383 3011 535 3079; x_wconf 78' lang='lat' dir='ltr'>baptismo</span> <span class='ocrx_word' id='word_1_302' title='bbox 547 3011 702 3079; x_wconf 75' lang='lat' dir='ltr'>baptizati</span> <span class='ocrx_word' id='word_1_303' title='bbox 713 3010 831 3079; x_wconf 78' lang='lat' dir='ltr'>fuistis,</span> <span class='ocrx_word' id='word_1_304' title='bbox 845 3023 909 3064; x_wconf 82' lang='lat' dir='ltr'>una</span> <span class='ocrx_word' id='word_1_305' title='bbox 922 3013 1010 3063; x_wconf 82' lang='lat' dir='ltr'>terra</span> <span class='ocrx_word' id='word_1_306' title='bbox 1022 3009 1123 3063; x_wconf 81' lang='lat' dir='ltr'>simili</span> <span class='ocrx_word' id='word_1_307' title='bbox 1132 3008 1220 3061; x_wconf 84' lang='lat' dir='ltr'>modo</span> <span class='ocrx_word' id='word_1_308' title='bbox 1233 3007 1268 3059; x_wconf 76' lang='lat' dir='ltr'>irc</span> <span class='ocrx_word' id='word_1_309' title='bbox 1277 3006 1340 3074; x_wconf 76' lang='lat' dir='ltr'>fine</span> 
     </span>
    </p>

    <p class='ocr_par' dir='ltr' id='par_1_27' title="bbox 107 3107 1339 3178">
     <span class='ocr_line' id='line_1_28' title="bbox 107 3107 1339 3178; baseline -0.006 -13"><span class='ocrx_word' id='word_1_310' title='bbox 107 3113 210 3165; x_wconf 76' lang='lat' dir='ltr'>vestro</span> <span class='ocrx_word' id='word_1_311' title='bbox 221 3111 372 3178; x_wconf 72' lang='lat' dir='ltr'>suscipiet</span> <span class='ocrx_word' id='word_1_312' title='bbox 384 3124 436 3164; x_wconf 84' lang='lat' dir='ltr'>noa</span> <span class='ocrx_word' id='word_1_313' title='bbox 447 3113 477 3165; x_wconf 86' lang='lat' dir='ltr'>et</span> <span class='ocrx_word' id='word_1_314' title='bbox 488 3111 660 3178; x_wconf 78' lang='lat' dir='ltr'>depluttetl</span> <span class='ocrx_word' id='word_1_315' title='bbox 672 3112 710 3165; x_wconf 81' lang='lat' dir='ltr'>Et</span> <span class='ocrx_word' id='word_1_316' title='bbox 721 3112 837 3164; x_wconf 82' lang='lat' dir='ltr'>iterum</span> <span class='ocrx_word' id='word_1_317' title='bbox 848 3123 929 3163; x_wconf 84' lang='lat' dir='ltr'>unus</span> <span class='ocrx_word' id='word_1_318' title='bbox 941 3109 1067 3176; x_wconf 78' lang='lat' dir='ltr'>sapiens</span> <span class='ocrx_word' id='word_1_319' title='bbox 1079 3108 1126 3162; x_wconf 84' lang='lat' dir='ltr'>ait</span> <span class='ocrx_word' id='word_1_320' title='bbox 1142 3125 1151 3161; x_wconf 89' lang='lat'>:</span> <span class='ocrx_word' id='word_1_321' title='bbox 1166 3107 1224 3166; x_wconf 80' lang='lat' dir='ltr'>oui</span> <span class='ocrx_word' id='word_1_322' title='bbox 1235 3107 1339 3172; x_wconf 81' lang='lat' dir='ltr'>despi-</span> 
     </span>
    </p>

    <p class='ocr_par' dir='ltr' id='par_1_28' title="bbox 108 3206 1339 3279">
     <span class='ocr_line' id='line_1_29' title="bbox 108 3206 1339 3279; baseline -0.005 -14"><span class='ocrx_word' id='word_1_323' title='bbox 108 3211 153 3265; x_wconf 81' lang='lat' dir='ltr'>cit</span> <span class='ocrx_word' id='word_1_324' title='bbox 162 3211 311 3278; x_wconf 79' lang='lat' dir='ltr'>aliquem,</span> <span class='ocrx_word' id='word_1_325' title='bbox 320 3210 492 3279; x_wconf 75' lang='lat' dir='ltr'>earprodrat</span> <span class='ocrx_word' id='word_1_326' title='bbox 501 3210 620 3279; x_wconf 78' lang='lat' dir='ltr'>factori</span> <span class='ocrx_word' id='word_1_327' title='bbox 628 3211 704 3277; x_wconf 76' lang='lat' dir='ltr'>ejus.</span> <span class='ocrx_word' id='word_1_328' title='bbox 718 3210 822 3264; x_wconf 85' lang='lat' dir='ltr'>Stultus</span> <span class='ocrx_word' id='word_1_329' title='bbox 835 3210 881 3262; x_wconf 89' lang='lat' dir='ltr'>ille</span> <span class='ocrx_word' id='word_1_330' title='bbox 892 3209 1003 3276; x_wconf 72' lang='lat' dir='ltr'>iuvenis</span> <span class='ocrx_word' id='word_1_331' title='bbox 1016 3208 1085 3260; x_wconf 86' lang='lat' dir='ltr'>nihil</span> <span class='ocrx_word' id='word_1_332' title='bbox 1098 3206 1133 3260; x_wconf 92' lang='lat' dir='ltr'>ad</span> <span class='ocrx_word' id='word_1_333' title='bbox 1146 3207 1213 3259; x_wconf 86' lang='lat' dir='ltr'>haee</span> <span class='ocrx_word' id='word_1_334' title='bbox 1225 3218 1339 3273; x_wconf 90' lang='lat' dir='ltr'>respon·</span> 
     </span>
    </p>

    <p class='ocr_par' dir='ltr' id='par_1_29' title="bbox 108 3305 1340 3377">
     <span class='ocr_line' id='line_1_30' title="bbox 108 3305 1340 3377; baseline -0.002 -16"><span class='ocrx_word' id='word_1_335' title='bbox 108 3309 159 3363; x_wconf 82' lang='lat' dir='ltr'>dit</span> <span class='ocrx_word' id='word_1_336' title='bbox 170 3312 288 3363; x_wconf 87' lang='lat' dir='ltr'>Sanctus</span> <span class='ocrx_word' id='word_1_337' title='bbox 307 3316 398 3363; x_wconf 87' lang='lat' dir='ltr'>autern</span> <span class='ocrx_word' id='word_1_338' title='bbox 418 3309 580 3377; x_wconf 67' lang='lat' dir='ltr'>iconomus,</span> <span class='ocrx_word' id='word_1_339' title='bbox 591 3310 805 3376; x_wconf 76' lang='lat' dir='ltr'>imprudentiam</span> <span class='ocrx_word' id='word_1_340' title='bbox 825 3315 853 3363; x_wconf 92' lang='lat' dir='ltr'>et</span> <span class='ocrx_word' id='word_1_341' title='bbox 862 3309 1005 3361; x_wconf 89' lang='lat' dir='ltr'>stultitiam</span> <span class='ocrx_word' id='word_1_342' title='bbox 1018 3309 1078 3375; x_wconf 88' lang='lat' dir='ltr'>ejus</span> <span class='ocrx_word' id='word_1_343' title='bbox 1099 3305 1203 3372; x_wconf 80' lang='lat' dir='ltr'>uidens,</span> <span class='ocrx_word' id='word_1_344' title='bbox 1216 3305 1340 3359; x_wconf 84' lang='lat' dir='ltr'>adtribuit</span> 
     </span>
    </p>

    <p class='ocr_par' dir='ltr' id='par_1_30' title="bbox 57 3405 1339 3475">
     <span class='ocr_line' id='line_1_31' title="bbox 57 3405 1339 3475; baseline -0.005 -13"><span class='ocrx_word' id='word_1_345' title='bbox 57 3411 92 3462; x_wconf 76' lang='lat' dir='ltr'>oo</span> <span class='ocrx_word' id='word_1_346' title='bbox 108 3422 203 3463; x_wconf 88' lang='lat' dir='ltr'>secum</span> <span class='ocrx_word' id='word_1_347' title='bbox 217 3415 272 3462; x_wconf 89' lang='lat' dir='ltr'>tres</span> <span class='ocrx_word' id='word_1_348' title='bbox 283 3409 351 3463; x_wconf 86' lang='lat' dir='ltr'>alios</span> <span class='ocrx_word' id='word_1_349' title='bbox 364 3407 500 3474; x_wconf 85' lang='lat' dir='ltr'>homines,</span> <span class='ocrx_word' id='word_1_350' title='bbox 519 3414 547 3462; x_wconf 93' lang='lat' dir='ltr'>et</span> <span class='ocrx_word' id='word_1_351' title='bbox 564 3423 691 3463; x_wconf 85' lang='lat' dir='ltr'>reversus</span> <span class='ocrx_word' id='word_1_352' title='bbox 703 3408 793 3462; x_wconf 88' lang='lat' dir='ltr'>estad</span> <span class='ocrx_word' id='word_1_353' title='bbox 805 3422 880 3475; x_wconf 90' lang='lat' dir='ltr'>eum,</span> <span class='ocrx_word' id='word_1_354' title='bbox 894 3414 920 3461; x_wconf 90' lang='lat' dir='ltr'>et</span> <span class='ocrx_word' id='word_1_355' title='bbox 933 3408 969 3460; x_wconf 88' lang='lat' dir='ltr'>ita</span> <span class='ocrx_word' id='word_1_356' title='bbox 982 3407 1062 3460; x_wconf 88' lang='lat' dir='ltr'>simili</span> <span class='ocrx_word' id='word_1_357' title='bbox 1082 3407 1163 3461; x_wconf 92' lang='lat' dir='ltr'>modo</span> <span class='ocrx_word' id='word_1_358' title='bbox 1175 3405 1339 3471; x_wconf 89' lang='lat' dir='ltr'>deprecatus</span> 
     </span>
    </p>

    <p class='ocr_par' dir='ltr' id='par_1_31' title="bbox 107 3507 1341 3579">
     <span class='ocr_line' id='line_1_32' title="bbox 107 3507 1341 3579; baseline -0.006 -13"><span class='ocrx_word' id='word_1_359' title='bbox 107 3517 228 3566; x_wconf 89' lang='lat' dir='ltr'>esteum</span> <span class='ocrx_word' id='word_1_360' title='bbox 245 3517 276 3565; x_wconf 90' lang='lat' dir='ltr'>ut</span> <span class='ocrx_word' id='word_1_361' title='bbox 296 3525 345 3566; x_wconf 89' lang='lat' dir='ltr'>sua</span> <span class='ocrx_word' id='word_1_362' title='bbox 365 3513 467 3566; x_wconf 87' lang='lat' dir='ltr'>misero</span> <span class='ocrx_word' id='word_1_363' title='bbox 488 3513 636 3579; x_wconf 75' lang='lat' dir='ltr'>paralytico</span> <span class='ocrx_word' id='word_1_364' title='bbox 657 3510 788 3566; x_wconf 86' lang='lat' dir='ltr'>redderet</span> <span class='ocrx_word' id='word_1_365' title='bbox 806 3511 935 3564; x_wconf 80' lang='lat' dir='ltr'>scabella.</span> <span class='ocrx_word' id='word_1_366' title='bbox 958 3510 1005 3563; x_wconf 91' lang='lat' dir='ltr'>llle</span> <span class='ocrx_word' id='word_1_367' title='bbox 1026 3509 1168 3573; x_wconf 73' lang='lat' dir='ltr'>antemio</span> <span class='ocrx_word' id='word_1_368' title='bbox 1189 3507 1291 3561; x_wconf 88' lang='lat' dir='ltr'>malitia</span> <span class='ocrx_word' id='word_1_369' title='bbox 1312 3513 1341 3560; x_wconf 88' lang='lat' dir='ltr'>et</span> 
     </span>
    </p>

    <p class='ocr_par' dir='ltr' id='par_1_32' title="bbox 107 3610 1339 3678">
     <span class='ocr_line' id='line_1_33' title="bbox 107 3610 1339 3678; baseline -0.004 -13"><span class='ocrx_word' id='word_1_370' title='bbox 107 3611 237 3678; x_wconf 83' lang='lat' dir='ltr'>snperbia</span> <span class='ocrx_word' id='word_1_371' title='bbox 250 3624 299 3665; x_wconf 90' lang='lat' dir='ltr'>sua</span> <span class='ocrx_word' id='word_1_372' title='bbox 312 3612 476 3678; x_wconf 84' lang='lat' dir='ltr'>perdurans,</span> <span class='ocrx_word' id='word_1_373' title='bbox 490 3611 588 3666; x_wconf 89' lang='lat' dir='ltr'>noluit.</span> <span class='ocrx_word' id='word_1_374' title='bbox 609 3614 725 3665; x_wconf 86' lang='lat' dir='ltr'>sanctus</span> <span class='ocrx_word' id='word_1_375' title='bbox 743 3616 835 3664; x_wconf 87' lang='lat' dir='ltr'>autem</span> <span class='ocrx_word' id='word_1_376' title='bbox 845 3611 1005 3672; x_wconf 84' lang='lat' dir='ltr'>Leonorius‚</span> <span class='ocrx_word' id='word_1_377' title='bbox 1019 3610 1129 3663; x_wconf 84' lang='lat' dir='ltr'>elevans</span> <span class='ocrx_word' id='word_1_378' title='bbox 1140 3621 1235 3663; x_wconf 87' lang='lat' dir='ltr'>vocem</span> <span class='ocrx_word' id='word_1_379' title='bbox 1248 3621 1339 3673; x_wconf 85' lang='lat' dir='ltr'>suam,</span> 
     </span>
    </p>

    <p class='ocr_par' dir='ltr' id='par_1_33' title="bbox 106 3704 1339 3775">
     <span class='ocr_line' id='line_1_34' title="bbox 106 3704 1339 3775; baseline -0.004 -14"><span class='ocrx_word' id='word_1_380' title='bbox 106 3709 215 3762; x_wconf 86' lang='lat' dir='ltr'>eunetis</span> <span class='ocrx_word' id='word_1_381' title='bbox 227 3709 275 3775; x_wconf 76' lang='lat' dir='ltr'>qui</span> <span class='ocrx_word' id='word_1_382' title='bbox 296 3709 398 3762; x_wconf 80' lang='lat' dir='ltr'>ibidem</span> <span class='ocrx_word' id='word_1_383' title='bbox 420 3708 536 3762; x_wconf 91' lang='lat' dir='ltr'>aderant</span> <span class='ocrx_word' id='word_1_384' title='bbox 551 3707 738 3773; x_wconf 83' lang='lat' dir='ltr'>audientibus,</span> <span class='ocrx_word' id='word_1_385' title='bbox 761 3708 879 3763; x_wconf 90' lang='lat' dir='ltr'>multum</span> <span class='ocrx_word' id='word_1_386' title='bbox 902 3722 950 3775; x_wconf 92' lang='lat' dir='ltr'>prc</span> <span class='ocrx_word' id='word_1_387' title='bbox 964 3711 1029 3762; x_wconf 84' lang='lat' dir='ltr'>lesu</span> <span class='ocrx_word' id='word_1_388' title='bbox 1041 3708 1139 3761; x_wconf 86' lang='lat' dir='ltr'>ctxristi</span> <span class='ocrx_word' id='word_1_389' title='bbox 1152 3704 1339 3759; x_wconf 87' lang='lat' dir='ltr'>misericordia</span> 
     </span>
    </p>

    <p class='ocr_par' dir='ltr' id='par_1_34' title="bbox 106 3803 1339 3876">
     <span class='ocr_line' id='line_1_35' title="bbox 106 3803 1339 3876; baseline -0.005 -14"><span class='ocrx_word' id='word_1_390' title='bbox 106 3809 234 3863; x_wconf 80' lang='lat' dir='ltr'>exoravit</span> <span class='ocrx_word' id='word_1_391' title='bbox 245 3822 309 3862; x_wconf 88' lang='lat' dir='ltr'>eum</span> <span class='ocrx_word' id='word_1_392' title='bbox 318 3812 349 3862; x_wconf 91' lang='lat' dir='ltr'>ot</span> <span class='ocrx_word' id='word_1_393' title='bbox 360 3809 461 3862; x_wconf 92' lang='lat' dir='ltr'>misero</span> <span class='ocrx_word' id='word_1_394' title='bbox 473 3809 621 3876; x_wconf 77' lang='lat' dir='ltr'>paralytico</span> <span class='ocrx_word' id='word_1_395' title='bbox 634 3809 809 3863; x_wconf 88' lang='lat' dir='ltr'>misereretur</span> <span class='ocrx_word' id='word_1_396' title='bbox 821 3821 869 3862; x_wconf 87' lang='lat' dir='ltr'>sua</span> <span class='ocrx_word' id='word_1_397' title='bbox 882 3807 1023 3861; x_wconf 88' lang='lat' dir='ltr'>reddendo</span> <span class='ocrx_word' id='word_1_398' title='bbox 1036 3806 1076 3859; x_wconf 91' lang='lat' dir='ltr'>itti</span> <span class='ocrx_word' id='word_1_399' title='bbox 1088 3804 1206 3859; x_wconf 82' lang='lat' dir='ltr'>scabella</span> <span class='ocrx_word' id='word_1_400' title='bbox 1217 3822 1225 3872; x_wconf 90' lang='lat'>;</span> <span class='ocrx_word' id='word_1_401' title='bbox 1238 3810 1266 3858; x_wconf 88' lang='lat' dir='ltr'>et</span> <span class='ocrx_word' id='word_1_402' title='bbox 1277 3803 1339 3856; x_wconf 88' lang='lat' dir='ltr'>ideo</span> 
     </span>
    </p>

    <p class='ocr_par' dir='ltr' id='par_1_35' title="bbox 51 3902 1337 3975">
     <span class='ocr_line' id='line_1_36' title="bbox 51 3902 1337 3975; baseline -0.003 -14"><span class='ocrx_word' id='word_1_403' title='bbox 51 3910 88 3961; x_wconf 72' lang='lat'>35</span> <span class='ocrx_word' id='word_1_404' title='bbox 104 3921 155 3975; x_wconf 90' lang='lat' dir='ltr'>per</span> <span class='ocrx_word' id='word_1_405' title='bbox 166 3912 223 3962; x_wconf 84' lang='lat' dir='ltr'>tres</span> <span class='ocrx_word' id='word_1_406' title='bbox 235 3908 422 3963; x_wconf 82' lang='lat' dir='ltr'>invocationes</span> <span class='ocrx_word' id='word_1_407' title='bbox 442 3909 565 3963; x_wconf 82' lang='lat' dir='ltr'>exoravit</span> <span class='ocrx_word' id='word_1_408' title='bbox 585 3909 661 3963; x_wconf 91' lang='lat' dir='ltr'>illum</span> <span class='ocrx_word' id='word_1_409' title='bbox 683 3914 714 3962; x_wconf 88' lang='lat' dir='ltr'>ut</span> <span class='ocrx_word' id='word_1_410' title='bbox 735 3908 863 3974; x_wconf 91' lang='lat' dir='ltr'>impleret</span> <span class='ocrx_word' id='word_1_411' title='bbox 874 3906 948 3975; x_wconf 82' lang='lat' dir='ltr'>quod</span> <span class='ocrx_word' id='word_1_412' title='bbox 961 3907 1093 3961; x_wconf 82' lang='lat' dir='ltr'>Dominus</span> <span class='ocrx_word' id='word_1_413' title='bbox 1107 3905 1135 3957; x_wconf 91' lang='lat' dir='ltr'>in</span> <span class='ocrx_word' id='word_1_414' title='bbox 1148 3904 1289 3973; x_wconf 80' lang='lat' dir='ltr'>evangelio</span> <span class='ocrx_word' id='word_1_415' title='bbox 1302 3902 1337 3957; x_wconf 92' lang='lat' dir='ltr'>dc</span> 
     </span>
    </p>

    <p class='ocr_par' dir='ltr' id='par_1_36' title="bbox 105 4002 1340 4075">
     <span class='ocr_line' id='line_1_37' title="bbox 105 4002 1340 4075; baseline -0.003 -16"><span class='ocrx_word' id='word_1_416' title='bbox 105 4007 216 4060; x_wconf 84' lang='lat' dir='ltr'>duobus</span> <span class='ocrx_word' id='word_1_417' title='bbox 228 4006 358 4060; x_wconf 83' lang='lat' dir='ltr'>tratribus</span> <span class='ocrx_word' id='word_1_418' title='bbox 369 4007 407 4059; x_wconf 91' lang='lat' dir='ltr'>ait</span> <span class='ocrx_word' id='word_1_419' title='bbox 419 4023 426 4059; x_wconf 76' lang='grc' dir='ltr'><strong><em>ι</em></strong></span> <span class='ocrx_word' id='word_1_420' title='bbox 438 4007 471 4061; x_wconf 81' lang='lat' dir='ltr'>st</span> <span class='ocrx_word' id='word_1_421' title='bbox 478 4007 657 4074; x_wconf 77' lang='lat' dir='ltr'>peccaverit</span> <span class='ocrx_word' id='word_1_422' title='bbox 669 4006 702 4060; x_wconf 85' lang='lat' dir='ltr'>in</span> <span class='ocrx_word' id='word_1_423' title='bbox 713 4008 743 4059; x_wconf 87' lang='lat' dir='ltr'>te</span> <span class='ocrx_word' id='word_1_424' title='bbox 760 4006 865 4075; x_wconf 77' lang='lat' dir='ltr'>frater</span> <span class='ocrx_word' id='word_1_425' title='bbox 879 4009 960 4073; x_wconf 75' lang='lat' dir='ltr'>tuuc,</span> <span class='ocrx_word' id='word_1_426' title='bbox 981 4006 1059 4060; x_wconf 82' lang='lat' dir='ltr'>vade</span> <span class='ocrx_word' id='word_1_427' title='bbox 1070 4008 1099 4058; x_wconf 88' lang='grc'>11</span> <span class='ocrx_word' id='word_1_428' title='bbox 1112 4002 1340 4070; x_wconf 65' lang='lat' dir='ltr'>compedium</span> 
     </span>
    </p>

    <p class='ocr_par' dir='ltr' id='par_1_37' title="bbox 105 4102 1340 4175">
     <span class='ocr_line' id='line_1_38' title="bbox 105 4102 1340 4175; baseline -0.006 -14"><span class='ocrx_word' id='word_1_429' title='bbox 105 4108 200 4175; x_wconf 77' lang='lat' dir='ltr'>solua,</span> <span class='ocrx_word' id='word_1_430' title='bbox 213 4112 242 4159; x_wconf 86' lang='lat' dir='ltr'>ct</span> <span class='ocrx_word' id='word_1_431' title='bbox 252 4111 344 4160; x_wconf 88' lang='lat' dir='ltr'>cetera</span> <span class='ocrx_word' id='word_1_432' title='bbox 354 4120 444 4174; x_wconf 85' lang='lat' dir='ltr'>usque</span> <span class='ocrx_word' id='word_1_433' title='bbox 455 4107 498 4160; x_wconf 83' lang='lat' dir='ltr'>ait</span> <span class='ocrx_word' id='word_1_434' title='bbox 508 4106 566 4160; x_wconf 78' lang='lat' dir='ltr'>titi</span> <span class='ocrx_word' id='word_1_435' title='bbox 576 4107 657 4161; x_wconf 76' lang='lat' dir='ltr'>sicut</span> <span class='ocrx_word' id='word_1_436' title='bbox 670 4105 811 4161; x_wconf 73' lang='lat' dir='ltr'>ethnicus</span> <span class='ocrx_word' id='word_1_437' title='bbox 823 4109 853 4160; x_wconf 86' lang='grc'>11</span> <span class='ocrx_word' id='word_1_438' title='bbox 866 4104 1065 4174; x_wconf 77' lang='lat' dir='ltr'>publicanus.</span> <span class='ocrx_word' id='word_1_439' title='bbox 1089 4104 1137 4157; x_wconf 90' lang='lat' dir='ltr'>llte</span> <span class='ocrx_word' id='word_1_440' title='bbox 1150 4102 1340 4169; x_wconf 78' lang='lat' dir='ltr'>imprudenter</span> 
     </span>
    </p>

    <p class='ocr_par' dir='ltr' id='par_1_38' title="bbox 106 4201 1340 4274">
     <span class='ocr_line' id='line_1_39' title="bbox 106 4201 1340 4274; baseline -0.006 -14"><span class='ocrx_word' id='word_1_441' title='bbox 106 4205 249 4273; x_wconf 82' lang='lat' dir='ltr'>respondit</span> <span class='ocrx_word' id='word_1_442' title='bbox 262 4222 269 4259; x_wconf 93' lang='lat'><strong>:</strong></span> <span class='ocrx_word' id='word_1_443' title='bbox 286 4206 365 4266; x_wconf 80' lang='lat' dir='ltr'>Quia</span> <span class='ocrx_word' id='word_1_444' title='bbox 376 4205 456 4260; x_wconf 82' lang='lat' dir='ltr'>milti</span> <span class='ocrx_word' id='word_1_445' title='bbox 476 4209 506 4261; x_wconf 87' lang='lat' dir='ltr'>et</span> <span class='ocrx_word' id='word_1_446' title='bbox 526 4205 593 4271; x_wconf 79' lang='lat' dir='ltr'>tici,</span> <span class='ocrx_word' id='word_1_447' title='bbox 615 4205 703 4260; x_wconf 79' lang='lat' dir='ltr'>nomo</span> <span class='ocrx_word' id='word_1_448' title='bbox 727 4206 783 4260; x_wconf 84' lang='lat' dir='ltr'>Dei</span> <span class='ocrx_word' id='word_1_449' title='bbox 790 4205 802 4258; x_wconf 84' lang='lat' dir='ltr'>l</span> <span class='ocrx_word' id='word_1_450' title='bbox 813 4207 874 4260; x_wconf 80' lang='lat' dir='ltr'>Fac</span> <span class='ocrx_word' id='word_1_451' title='bbox 886 4205 966 4274; x_wconf 80' lang='lat' dir='ltr'>quod</span> <span class='ocrx_word' id='word_1_452' title='bbox 979 4205 1037 4258; x_wconf 82' lang='lat' dir='ltr'>tibi</span> <span class='ocrx_word' id='word_1_453' title='bbox 1044 4204 1149 4272; x_wconf 81' lang='lat' dir='ltr'>placet</span> <span class='ocrx_word' id='word_1_454' title='bbox 1161 4215 1262 4269; x_wconf 75' lang='lat' dir='ltr'>opere.</span> <span class='ocrx_word' id='word_1_455' title='bbox 1275 4201 1340 4268; x_wconf 80' lang='lat' dir='ltr'>Epo</span> 
     </span>
    </p>

    <p class='ocr_par' dir='ltr' id='par_1_39' title="bbox 103 4299 1341 4374">
     <span class='ocr_line' id='line_1_40' title="bbox 103 4299 1341 4374; baseline -0.007 -13"><span class='ocrx_word' id='word_1_456' title='bbox 103 4318 165 4374; x_wconf 84' lang='lat' dir='ltr'>per</span> <span class='ocrx_word' id='word_1_457' title='bbox 176 4306 311 4361; x_wconf 78' lang='lat' dir='ltr'>satutem</span> <span class='ocrx_word' id='word_1_458' title='bbox 322 4305 487 4362; x_wconf 67' lang='lat' dir='ltr'>(litlebec-ti</span> <span class='ocrx_word' id='word_1_459' title='bbox 498 4306 580 4374; x_wconf 73' lang='lat' dir='ltr'>repis</span> <span class='ocrx_word' id='word_1_460' title='bbox 593 4306 627 4359; x_wconf 82' lang='lat' dir='ltr'>in</span> <span class='ocrx_word' id='word_1_461' title='bbox 638 4310 693 4360; x_wconf 82' lang='lat' dir='ltr'>tua</span> <span class='ocrx_word' id='word_1_462' title='bbox 706 4306 840 4360; x_wconf 83' lang='lat' dir='ltr'>dictione</span> <span class='ocrx_word' id='word_1_463' title='bbox 851 4305 934 4360; x_wconf 84' lang='lat' dir='ltr'>niltit</span> <span class='ocrx_word' id='word_1_464' title='bbox 946 4317 1049 4372; x_wconf 71' lang='lat' dir='ltr'>apaan.</span> <span class='ocrx_word' id='word_1_465' title='bbox 1063 4307 1179 4356; x_wconf 88' lang='lat' dir='ltr'>sanctus</span> <span class='ocrx_word' id='word_1_466' title='bbox 1190 4299 1341 4354; x_wconf 86' lang='lat' dir='ltr'>Leonorius</span> 
     </span>
    </p>

    <p class='ocr_par' dir='ltr' id='par_1_40' title="bbox 52 4401 1340 4473">
     <span class='ocr_line' id='line_1_41' title="bbox 52 4401 1340 4473; baseline -0.007 -12"><span class='ocrx_word' id='word_1_467' title='bbox 52 4407 89 4461; x_wconf 84' lang='lat' dir='ltr'>to</span> <span class='ocrx_word' id='word_1_468' title='bbox 107 4407 205 4473; x_wconf 86' lang='lat' dir='ltr'>iratus,</span> <span class='ocrx_word' id='word_1_469' title='bbox 218 4407 324 4460; x_wconf 87' lang='lat' dir='ltr'>conctis</span> <span class='ocrx_word' id='word_1_470' title='bbox 336 4405 502 4469; x_wconf 83' lang='lat' dir='ltr'>ridentibus,</span> <span class='ocrx_word' id='word_1_471' title='bbox 512 4406 627 4460; x_wconf 88' lang='lat' dir='ltr'>accessit</span> <span class='ocrx_word' id='word_1_472' title='bbox 647 4406 681 4458; x_wconf 87' lang='lat' dir='ltr'>ad</span> <span class='ocrx_word' id='word_1_473' title='bbox 694 4405 880 4473; x_wconf 88' lang='lat' dir='ltr'>paralyticum,</span> <span class='ocrx_word' id='word_1_474' title='bbox 890 4403 987 4458; x_wconf 86' lang='lat' dir='ltr'>dicens</span> <span class='ocrx_word' id='word_1_475' title='bbox 1002 4405 1027 4457; x_wconf 90' lang='lat' dir='ltr'>ei</span> <span class='ocrx_word' id='word_1_476' title='bbox 1041 4419 1047 4455; x_wconf 94' lang='lat'><strong>:</strong></span> <span class='ocrx_word' id='word_1_477' title='bbox 1061 4401 1202 4457; x_wconf 75' lang='lat' dir='ltr'>Ecatende</span> <span class='ocrx_word' id='word_1_478' title='bbox 1212 4412 1340 4453; x_wconf 81' lang='lat' dir='ltr'>manum</span> 
     </span>
    </p>

    <p class='ocr_par' dir='ltr' id='par_1_41' title="bbox 107 4498 1341 4573">
     <span class='ocr_line' id='line_1_42' title="bbox 107 4498 1341 4573; baseline -0.008 -13"><span class='ocrx_word' id='word_1_479' title='bbox 107 4509 213 4573; x_wconf 81' lang='lat' dir='ltr'>tuam‚·</span> <span class='ocrx_word' id='word_1_480' title='bbox 224 4511 253 4559; x_wconf 91' lang='lat' dir='ltr'>et</span> <span class='ocrx_word' id='word_1_481' title='bbox 263 4504 394 4560; x_wconf 82' lang='lat' dir='ltr'>extendit.</span> <span class='ocrx_word' id='word_1_482' title='bbox 407 4507 439 4557; x_wconf 85' lang='lat' dir='ltr'>Et</span> <span class='ocrx_word' id='word_1_483' title='bbox 450 4511 559 4560; x_wconf 87' lang='lat' dir='ltr'>sanctus</span> <span class='ocrx_word' id='word_1_484' title='bbox 571 4505 723 4558; x_wconf 89' lang='lat' dir='ltr'>Leonorius</span> <span class='ocrx_word' id='word_1_485' title='bbox 741 4505 797 4558; x_wconf 77' lang='lat' dir='ltr'>att:</span> <span class='ocrx_word' id='word_1_486' title='bbox 817 4505 855 4558; x_wconf 84' lang='lat' dir='ltr'>In</span> <span class='ocrx_word' id='word_1_487' title='bbox 866 4503 990 4557; x_wconf 74' lang='lat' dir='ltr'>notarice</span> <span class='ocrx_word' id='word_1_488' title='bbox 1003 4501 1128 4556; x_wconf 70' lang='lat' dir='ltr'>Deretini</span> <span class='ocrx_word' id='word_1_489' title='bbox 1138 4502 1210 4555; x_wconf 81' lang='lat' dir='ltr'>Jcsu</span> <span class='ocrx_word' id='word_1_490' title='bbox 1227 4498 1341 4553; x_wconf 78' lang='lat' dir='ltr'>citriati</span> 
     </span>
    </p>

    <p class='ocr_par' dir='ltr' id='par_1_42' title="bbox 107 4598 1338 4673">
     <span class='ocr_line' id='line_1_43' title="bbox 107 4598 1338 4673; baseline -0.009 -12"><span class='ocrx_word' id='word_1_491' title='bbox 107 4605 254 4672; x_wconf 70' lang='lat' dir='ltr'>marom</span> <span class='ocrx_word' id='word_1_492' title='bbox 264 4604 336 4673; x_wconf 79' lang='lat' dir='ltr'>mei,</span> <span class='ocrx_word' id='word_1_493' title='bbox 347 4617 440 4672; x_wconf 74' lang='lat' dir='ltr'>rurae</span> <span class='ocrx_word' id='word_1_494' title='bbox 451 4606 480 4658; x_wconf 92' lang='grc'>11</span> <span class='ocrx_word' id='word_1_495' title='bbox 500 4603 635 4660; x_wconf 79' lang='lat' dir='ltr'>ambula.</span> <span class='ocrx_word' id='word_1_496' title='bbox 658 4604 706 4658; x_wconf 90' lang='grc'><strong>1111</strong></span> <span class='ocrx_word' id='word_1_497' title='bbox 719 4617 787 4658; x_wconf 90' lang='lat' dir='ltr'>vero</span> <span class='ocrx_word' id='word_1_498' title='bbox 799 4604 852 4658; x_wconf 89' lang='lat' dir='ltr'>cito</span> <span class='ocrx_word' id='word_1_499' title='bbox 866 4602 994 4668; x_wconf 87' lang='lat' dir='ltr'>surrexit,</span> <span class='ocrx_word' id='word_1_500' title='bbox 1007 4602 1076 4655; x_wconf 83' lang='lat' dir='ltr'>nitril</span> <span class='ocrx_word' id='word_1_501' title='bbox 1089 4602 1118 4655; x_wconf 93' lang='lat' dir='ltr'>ln</span> <span class='ocrx_word' id='word_1_502' title='bbox 1130 4599 1187 4653; x_wconf 90' lang='lat' dir='ltr'>ullo</span> <span class='ocrx_word' id='word_1_503' title='bbox 1200 4598 1338 4651; x_wconf 88' lang='lat' dir='ltr'>membro-</span> 
     </span>
    </p>
   </div>
   <div class='ocr_carea' id='block_1_3' title="bbox 144 4694 1272 4762">
    <p class='ocr_par' dir='ltr' id='par_1_43' title="bbox 144 4694 1272 4762">
     <span class='ocr_line' id='line_1_44' title="bbox 144 4694 1272 4762; baseline -0.009 -3"><span class='ocrx_word' id='word_1_504' title='bbox 144 4715 239 4762; x_wconf 79' lang='lat' dir='ltr'>cxmu.</span> <span class='ocrx_word' id='word_1_505' title='bbox 250 4716 342 4762; x_wconf 77' lang='lat' dir='ltr'>emis.</span> <span class='ocrx_word' id='word_1_506' title='bbox 356 4694 382 4758; x_wconf 83' lang='grc' dir='ltr'>τ’.</span> <span class='ocrx_word' id='word_1_507' title='bbox 400 4715 428 4758; x_wconf 91' lang='lat' dir='ltr'>n.</span> <span class='ocrx_word' id='word_1_508' title='bbox 1243 4699 1272 4749; x_wconf 89' lang='grc'>11</span> 
     </span>
    </p>
   </div>
   <div class='ocr_carea' id='block_1_4' title="bbox 0 0 1662 5482">
    <p class='ocr_par' dir='ltr' id='par_1_44' title="bbox 0 0 1662 5482">
     <span class='ocr_line' id='line_1_45' title="bbox 0 0 1662 5482; baseline 0 1"><span class='ocrx_word' id='word_1_509' title='bbox 0 0 1662 5482; x_wconf 95' lang='lat' dir='ltr'> </span> 
     </span>
    </p>
   </div>
  </div>
 </body>
</html>
