3316 5482
322 346 417 397 areu.
436 346 517 396 nar.
536 346 653 398 Panis.
672 367 718 378 —
733 347 886 399 aeruna.
909 349 956 398 ab
973 349 1050 399 con.
1070 349 1145 400 sare.
1288 335 1352 402 189

142 494 233 565 elemn
244 511 293 567 ide
305 518 418 569 sanctae
430 515 570 569 Trinitatis
583 515 694 570 instruit
707 522 734 571 ct
746 518 897 572 haereticas
916 518 1026 572 fraudes
1043 520 1077 572 ab
1090 533 1122 573 eo
1134 519 1215 589 longe
1234 521 1352 587 repellit.

136 598 291 683 lath'anqne
300 616 419 683 pullulat
431 618 459 670 in
471 619 576 685 gremio
588 625 699 673 sanctae
720 621 814 674 matris
835 620 972 675 Ecclesiae
990 635 1069 689 seges
1088 622 1272 676 multitudinis
1294 636 1351 676 cre-

132 696 256 779 diittlt'nm,
267 715 369 769 evulsis
380 717 505 770 funditus
517 718 659 785 spinarum
671 720 774 773 aculeis
786 738 793 787 ;
807 726 880 773 terra
891 720 938 774 diu
949 721 1049 774 sterilis
1058 722 1203 775 fecundata
1215 724 1279 787 [est]
1288 735 1351 776 rore

125 812 228 867 aradae
237 815 362 869 caelestis
371 820 399 870 et
408 818 541 884 gratiores
553 819 657 884 profert
675 820 779 873 tructus
801 820 834 874 ad
848 821 1016 888 agnitionem
1036 835 1172 888 supernae
1189 822 1351 876 vocationis.
1426 808 1430 815 ’

84 892 101 945 5
113 898 136 950 F
136 902 193 964 ide
200 926 313 982 namque
325 921 466 971 crescente
478 917 621 984 catholica,
635 924 729 972 sancta
742 919 896 987 congaudet
909 920 1029 973 Ecclesia
1041 926 1149 975 tantum
1163 923 1351 988 promeruisse

10 1004 12 1021 ²
103 1012 387 1083 hasnumbeatum
398 1017 671 1086 scilicetdildasium,
692 1019 770 1086 cujus
794 1019 966 1074 hortamenta
987 1021 1118 1075 sectando
1141 1022 1237 1075 Christi
1261 1023 1351 1089 replet

97 1110 212 1167 ovilia

142 1214 202 1268 1⁵1.
212 1216 293 1270 llulta
304 1216 489 1285 deincepsuir
501 1220 598 1273 beatus
608 1219 762 1273 construxit
775 1220 941 1274 monasteria
952 1238 960 1288 ;
975 1234 1030 1275 non
1040 1234 1143 1288 paucos
1155 1221 1193 1274 ibi
1215 1221 1350 1275 nobilium

78 1314 257 1370 enuhiens
266 1315 348 1385 tilios,
356 1331 482 1371 normam
490 1318 653 1386 disciplinae
666 1320 831 1386 informavit,
837 1325 867 1372 ut
880 1321 972 1386 plures
983 1319 1203 1375 bominoolierre
1216 1322 1351 1387 potuisset

26 1394 56 1450 ¹⁰
70 1404 250 1485 itlunnos,
261 1424 319 1471 tam
331 1432 364 1472 ex
378 1420 519 1474 nobilibus
530 1433 614 1488 quarn
626 1434 660 1475 ex
673 1422 850 1488 pauperibus,
866 1421 977 1487 pupillis
994 1427 1022 1474 et
1043 1422 1184 1489 orphanis,
1199 1435 1307 1476 necnon
1320 1425 1348 1475 et

68 1515 274 1579 i²a1itiriseir
287 1518 429 1585 tyrannica
449 1531 619 1588 paganorum
642 1521 736 1573 fraude
758 1520 972 1574 misericorditer
992 1521 1144 1587 abstractis,
1164 1525 1191 1574 et
1211 1525 1241 1574 ut
1258 1526 1351 1587 pastor

63 1614 202 1669 (ivatas
213 1615 316 1671 talenta
338 1618 390 1671 sibi
399 1617 437 1687 [a]
449 1619 565 1673 bomlno
577 1619 681 1672 credita
700 1621 750 1687 ipsi
763 1619 900 1686 duplicata
919 1619 1037 1673 fideliter
1049 1625 1190 1686 reportare
1210 1621 1349 1674 valuisset.

59 1704 231 1771 ⁰tnnem
250 1719 353 1785 quippe
377 1721 519 1788 regionem
543 1721 755 1774 hibernensium
780 1728 806 1774 cl
826 1722 985 1789 hnglorum,
1008 1735 1118 1775 necnon
1145 1726 1173 1774 et
1192 1726 1349 1775 exterarum

55 1815 139 1861 ssa
150 1815 268 1883 Eanum,
290 1830 341 1872 suo
362 1819 490 1873 instruxit
510 1820 636 1887 exemplo
656 1825 682 1874 et
702 1820 820 1873 erudivit
837 1833 984 1887 sermone;
1006 1833 1123 1887 quarum
1143 1833 1211 1889 gens
1230 1825 1257 1873 ct
1275 1820 1351 1874 natio

10 1903 35 1953 :3
53 1914 121 1959 ae
129 1915 194 1969 tas
203 1918 352 1972 etvirtutes
364 1920 423 1987 ejus
436 1920 574 1988 hodieque
586 1919 736 1975 honorilice
749 1921 851 1988 ubique
863 1926 1019 1975 veneratur.

138 2012 202 2068 1⁸.
213 2018 275 2071 lirat
287 2016 371 2084 igitur
382 2017 412 2070 in
424 2018 479 2071 illis
491 2017 590 2071 diebus
603 2019 715 2086 quidam
728 2024 860 2084 tyrannus
872 2019 901 2072 in
914 2019 1104 2085 superioribus
1125 2020 1248 2085 partibus
1266 2020 1352 2087 regio·

55 2114 85 2153 1¹
95 2105 169 2164 is
177 2114 254 2182 illius,
262 2130 392 2184 peruersa
404 2117 567 2171 crudelitate
580 2123 608 2171 et
619 2119 659 2171 ira
671 2131 831 2185 succensus,
845 2118 892 2186 qui
904 2119 975 2172 hanc
984 2119 1102 2172 hahebat
1111 2120 1351 2186 consuetudinem,

55 2208 124 2257 ¹²2
161 2217 405 2284 quotienscumque
416 2232 495 2271 suam
507 2219 677 2286 cognovisset
688 2220 835 2287 conjugem
847 2219 1008 2285 concepisse
1021 2219 1050 2271 in
1063 2223 1151 2283 utero,
1164 2219 1255 2272 statim
1273 2220 1352 2286 iugu-

56 2299 195 2366 labat
211 2329 280 2370 eam
297 2318 329 2370 lit
346 2330 408 2371 cum
431 2318 488 2384 jam
509 2316 609 2371 multas
630 2319 816 2371 interemisset
831 2319 962 2372 mulieres
981 2318 1069 2372 nobili
1088 2319 1213 2385 prosapia
1232 2324 1352 2383 exortas,

10 2404 35 2459 2⁰
54 2410 264 2479 coeperunt
276 2421 405 2483 parentes
419 2430 514 2470 earum
527 2418 645 2471 multum
657 2431 740 2484 super
753 2418 804 2471 boc
817 2418 973 2472 contristari
987 2422 1014 2471 et
1027 2418 1134 2484 longius
1146 2432 1175 2471 se
1187 2418 1221 2471 ab
1242 2432 1275 2472 eo
1289 2419 1353 2472 sub·

57 2507 236 2569 ¹¹1(suere.
253 2516 350 2570 Nudus
361 2517 452 2584 itaque
466 2530 558 2584 neque
571 2517 754 2584 colloquendo
768 2531 860 2585 neque
876 2519 961 2571 ullius
979 2518 1079 2584 negotii
1098 2530 1181 2571 causa
1201 2519 1229 2570 in
1246 2518 1350 2585 aliqua·

60 2605 234 2683 “ltaque
246 2629 276 2669 re
288 2616 328 2669 illi
342 2617 518 2683 adhaerebat,
531 2631 622 2685 neque
634 2619 764 2672 mandata
776 2619 800 2672 ei
822 2618 940 2686 dirigere
957 2616 1116 2685 [volebant],
1140 2623 1171 2670 ut
1192 2631 1249 2671 non
1267 2617 1349 2684 parti·

63 2692 106 2745 05
116 2714 193 2767 Des
202 2715 299 2770 tierent
310 2715 430 2770 malitiae
448 2716 534 2770 illius.
547 2720 624 2771 'lunc
641 2718 767 2784 poposcit
777 2719 889 2771 beatum
901 2717 1050 2770 Gildasium
1062 2721 1093 2769 ut
1105 2718 1253 2770 verborum
1263 2717 1349 2783 ipsius

67 2802 276 2869 petitionem
288 2817 465 2882 percepisset.
485 2817 539 2870 Sed
557 2822 668 2871 sanctus
686 2818 736 2883 vir,
759 2799 934 2870 calliditatem
956 2817 1076 2870 malitiae
1093 2818 1153 2883 ejus
1170 2817 1348 2885 perspiciens,

16 2901 53 2965 ὕ
71 2898 195 2968 “ullo
206 2915 287 2970 modo
299 2930 445 2971 assensum
457 2918 481 2972 ei
494 2919 630 2985 praebuit,
644 2919 691 2971 sed
705 2917 785 2985 longe
797 2923 938 2984 promotus
951 2915 1012 2984 [est]
1025 2918 1059 2971 ab
1073 2930 1114 2983 eo,
1126 2931 1161 2970 ne
1171 2917 1281 2983 quando
1291 2918 1350 2984 ejus

76 2989 327 3070 interlocutione
339 3018 447 3070 nobiles
459 3021 486 3070 et
498 3018 635 3085 principes
647 3017 768 3085 regionis
789 3017 862 3070 illius
883 3017 993 3082 penitus
1014 3016 1215 3081 deciperentur.
1236 3018 1269 3068 At
1290 3016 1350 3082 ipsc

83 3100 254 3168 praetatus
267 3121 412 3184 tyrannus,
426 3131 483 3170 non
496 3118 591 3171 valens
605 3119 760 3185 pertingere
772 3130 844 3183 quae
858 3117 977 3183 petebat,
992 3115 1066 3166 misit
1078 3113 1112 3166 ad
1125 3115 1263 3180 quendum
1277 3115 1350 3181 prin·

91 3197 204 3273 eiilem
215 3216 328 3269 alterius
342 3215 509 3284 provinciae,
522 3223 552 3271 ul
561 3219 586 3270 ei
599 3217 684 3270 tiliam
697 3230 774 3270 suam
790 3217 818 3268 in
831 3213 1054 3282 coniugioldaret.
1066 3213 1143 3278 Quod
1153 3227 1214 3267 curn
1226 3214 1350 3280 protinus

98 3301 245 3381 aildisset,
256 3316 349 3368 statim
360 3316 548 3370 internuntius
561 3319 620 3384 eius
643 3317 737 3370 retulit
749 3316 846 3369 dicens
860 3332 867 3369 ι
883 3313 1035 3375 Quomodo
1044 3313 1163 3380 possim
1181 3312 1259 3366 dare
1279 3312 1349 3365 uui·

66 3392 95 3445 ³⁰
106 3408 182 3468 Qum
196 3414 302 3484 filiam
314 3428 416 3469 meam
428 3429 573 3470 mucrone
585 3416 839 3485 interficimcdaru
851 3414 981 3469 hostili?
994 3413 1153 3479 Numquid
1165 3425 1227 3465 uon
1240 3411 1350 3466 audivi

116 3512 270 3571 duantum
282 3516 421 3582 stragem
439 3513 551 3583 fecerit
573 3514 806 3582 istemaiepicus
822 3516 866 3567 tot
888 3512 1072 3565 mulieribus
1091 3510 1152 3564 sibi
1171 3510 1350 3578 copulatis?

121 3604 318 3681 Nequaquam
332 3613 366 3666 id
374 3627 503 3681 possum
515 3626 615 3682 apere.
630 3615 698 3667 Nou
712 3613 789 3667 dabo
807 3614 837 3667 ei
848 3613 951 3681 sitiam
965 3624 1076 3665 meam.
1089 3611 1230 3663 Praelatus
1248 3612 1351 3677 quippe

122 3706 250 3774 ltrannus
273 3713 372 3766 iterum
394 3717 477 3781 atque
499 3714 598 3767 iterum
619 3715 644 3766 ei
661 3714 808 3780 mandavit,
831 3712 948 3765 dicens:
985 3713 1190 3777 Quoscumque
1215 3709 1350 3764 volueris

123 3807 233 3865 obsides
246 3813 277 3864 et
289 3811 502 3879 fideijussores
514 3812 573 3865 tibi
584 3812 671 3879 dabo,
684 3812 737 3866 sed
750 3815 873 3865 tautum
896 3809 949 3877 fac
961 3822 1040 3877 quae
1060 3821 1162 3875 posco.
1183 3809 1231 3861 cui
1251 3809 1296 3860 ille
1309 3821 1350 3860 re·

56 3874 106 3943 ⁸²5
125 3910 249 3975 nonnil:
270 3911 355 3965 Vana
367 3914 412 3965 est
420 3910 534 3978 petitio
547 3914 601 3966 tua
614 3915 643 3965 et
664 3912 790 3979 flustra
810 3909 975 3978 ropiiaudo
998 3907 1131 3974 laboras,
1144 3907 1210 3961 uisi
1226 3906 1349 3961 beatum

123 4008 218 4063 uirum
241 4009 420 4065 Gildusium
444 4010 524 4065 ruihi
548 4011 775 4080 fideijussorem
794 4009 928 4074 dederis,
952 4008 1027 4074 quia
1050 4007 1113 4059 uisi
1138 4020 1199 4074 per
1219 4020 1349 4060 mauram

125 4107 215 4176 ipsius
226 4124 298 4165 eam
310 4112 458 4180 cuiquam
469 4125 585 4180 nequeo
597 4114 685 4167 decre.
698 4115 731 4165 dl
744 4111 792 4165 ille
802 4125 866 4165 mox
879 4110 991 4163 nuntios
1005 4109 1077 4160 misit
1090 4109 1123 4160 ad
1136 4109 1247 4161 beatum
1261 4107 1349 4159 Gilda-

125 4210 198 4277 sium,
213 4212 358 4278 postulans
368 4213 404 4269 ab
416 4226 449 4266 eo
462 4219 493 4266 ut
505 4215 669 4281 quantocius
681 4214 787 4266 veniret
800 4219 827 4266 et
845 4212 964 4278 puellam
986 4210 1039 4262 lide
1056 4210 1151 4262 suade
1169 4222 1253 4260 manu
1267 4206 1350 4273 patris

125 4313 251 4378 reciperet
263 4316 290 4365 et
311 4313 364 4365 sibi
384 4316 529 4382 conjugem
550 4314 669 4381 legitimo
690 4314 812 4365 traderet
832 4311 1018 4364 matrimonio.
1038 4311 1159 4373 Quorum
1180 4309 1222 4359 vir
1238 4311 1349 4359 sanctus

38 4378 103 4443 ⁴⁰
125 4419 235 4464 renuens
247 4412 343 4476 verba,
358 4411 500 4476 respondit
511 4413 607 4466 dicens
622 4431 628 4465 :
642 4412 745 4464 Nostis
759 4412 833 4478 quia
846 4411 991 4464 doreciuus
1005 4412 1104 4462 uester·
1121 4405 1350 4460 callidissimus

126 4512 161 4561 eri
173 4513 200 4565 et
215 4509 390 4578 waurtica
402 4509 529 4576 feritate
535 4525 713 4579 perversus.
731 4512 763 4564 Si
785 4510 843 4564 tali
860 4509 1037 4577 deceptione
1049 4506 1236 4560 subduxerit
1254 4517 1302 4557 rue
1316 4507 1349 4557 ut

126 4606 256 4668 Maraeu
266 4609 443 4677 suscipiam
451 4613 595 4679 pueliam
607 4614 705 4666 uiorie
717 4610 914 4677 trudendam,
923 4608 1017 4678 pravi
1028 4609 1211 4674 laps-cissam
1219 4605 1348 4671 peccato
