3316 5482
255 372 322 440 386
599 387 724 438 caran.
744 387 846 438 cono.
865 387 1039 438 usercen.
1058 385 1139 437 nar.

255 571 315 612 sum
324 557 487 625 quantocius
497 569 616 623 movere,
627 557 654 610 id
663 570 781 624 seposse
791 557 948 610 nullatcnus
958 568 1024 610 voce
1032 553 1141 622 publica
1151 557 1191 607 est
1199 552 1356 607 confessus.
1367 552 1494 618 Dumque

256 653 293 707 ita
313 658 415 708 stantes
428 655 528 723 singuli
540 656 766 721 obstupescerent
777 658 877 708 eventu
890 655 939 724 rei,
953 653 1043 720 coepit
1055 652 1152 706 vinctis
1165 651 1194 705 in
1206 662 1317 705 carcere
1331 649 1415 718 quasi
1428 647 1494 701 levis

255 756 393 809 tonitruus
412 756 518 823 audiri;
537 761 565 809 ct
585 756 675 809 statim
695 756 736 809 vis
756 755 892 823 quaedam
913 767 976 809 curn
993 766 1092 822 magno
1110 752 1214 819 impetu
1231 749 1388 805 adveniens
1405 750 1491 802 totum

255 855 344 909 valide
355 855 438 909 nimis
450 855 588 909 concussit
600 868 738 909 carcerem
751 855 785 908 ab
798 855 871 908 imis.
882 854 1031 908 confestim
1052 853 1120 907 seris
1131 851 1262 906 omnibus
1281 848 1406 904 effractis
1417 846 1491 901 nexi·

254 953 361 1022 busque
377 954 522 1021 dissipatis,
536 956 604 1009 ostia
623 955 748 1010 obserata
760 959 908 1021 patuerunt
919 953 1060 1006 inclausis.
1075 952 1141 1006 llico
1153 963 1218 1020 ergo
1230 948 1346 1019 vestigia
1359 947 1488 1016 depressa
1501 945 1517 997 t

255 1053 369 1107 terentis
380 1054 494 1121 pignora
506 1055 668 1122 levigarunt,
681 1058 709 1107 et
731 1054 771 1107 rei
782 1066 921 1107 carcerem
943 1052 1045 1120 egressi
1057 1050 1202 1106 ecclesiam
1223 1049 1376 1117 petierunt.
1390 1050 1490 1102 omnes

254 1153 337 1222 igitur
345 1154 392 1221 qui
402 1154 525 1221 aderant,
535 1155 564 1207 in
574 1159 686 1221 stupore
698 1154 780 1221 versi,
792 1166 908 1220 coepere
920 1153 1045 1207 attollere
1055 1151 1202 1206 novitatem
1210 1147 1338 1204 miraculi
1348 1160 1383 1203 ac
1394 1147 1489 1202 merita

255 1252 371 1307 duorum
384 1255 529 1321 conjuncta
541 1253 623 1307 simul
641 1257 808 1317 sanctorum,
821 1252 950 1306 llartialis
961 1250 1094 1320 laude[m]
1107 1255 1134 1305 et
1144 1249 1228 1317 Elegii
1243 1247 1407 1316 praedicare
1420 1246 1488 1301 iano

254 1372 322 1413 rem.
336 1355 431 1410 cuncti
443 1356 525 1408 etiarn
535 1356 603 1408 baec
614 1354 740 1409 videntes
750 1353 856 1407 Christo
869 1353 983 1407 Domino
995 1353 1097 1406 uberes
1106 1350 1214 1419 laudes,
1227 1349 1276 1418 qui
1289 1348 1348 1403 suis
1361 1351 1489 1417 operatur

181 1521 186 1529 ,
253 1457 390 1525 inservis,
403 1455 516 1510 vocibus
528 1453 680 1508 efferebant
692 1453 841 1507 continuis.
1499 1445 1525 1499 id

287 1558 343 1611 27.
362 1559 425 1610 Post
435 1555 528 1623 aliqua
540 1554 670 1621 temporis
681 1553 817 1607 curricula
829 1557 958 1620 coeperat
970 1554 1036 1608 urbs
1048 1550 1184 1605 barisiaci
1193 1549 1354 1605 saevissimo
1373 1547 1488 1603 cremari

254 1655 394 1711 incendio.
408 1657 475 1711 Nam
486 1667 550 1707 curn
563 1659 618 1708 tota
639 1667 709 1721 pene
721 1653 830 1707 arderet
842 1652 947 1718 civitas,
968 1651 1209 1706 vehementissime
1228 1662 1433 1718 usquequaque
1449 1648 1488 1702 vis

254 1756 381 1811 flammae
392 1755 484 1809 edacis
501 1755 607 1809 screbat
627 1754 810 1823 glomerantes
822 1766 933 1822 quaqua
945 1753 974 1806 in
986 1758 1062 1821 parte
1075 1750 1191 1807 favillas.
1203 1753 1281 1805 Tunc
1293 1750 1405 1820 Elegiae
1417 1763 1487 1804 mae·

255 1860 324 1922 stus,
336 1868 399 1909 curn
411 1854 515 1907 videret
524 1854 581 1920 jain
593 1866 675 1921 supra
688 1866 768 1907 suurn
783 1852 981 1906 monasterium
1004 1850 1226 1918 praedictamque
1247 1849 1334 1903 sancti
1356 1850 1489 1905 lartialis

254 1955 396 2009 ecclesiam
410 1952 492 2008 dante
504 1958 586 2007 vento
597 1953 693 2022 globos
705 1951 876 2006 flammarum
886 1965 948 2005 curn
961 1951 1058 2004 axibus
1067 1955 1094 2004 et
1104 1951 1269 2004 carbonibus
1278 1949 1357 2018 ferri,
1367 1951 1489 2020 graviter
1506 1951 1534 2004 lt

253 2055 395 2123 ingemuit.
407 2057 465 2107 lain
478 2054 562 2121 enim,
583 2053 768 2107 invalescente
789 2053 860 2121 igne,
874 2052 903 2104 in
924 2057 1054 2118 promptu
1065 2055 1125 2105 crat
1143 2057 1176 2105 ut
1192 2050 1273 2105 etiarn
1292 2054 1490 2120 tegumentum

253 2156 382 2210 basilicae
393 2155 419 2209 vi
430 2154 557 2209 vallantis
570 2153 690 2207 incendii
703 2154 939 2219 [consumereturl.
954 2151 1086 2206 Attollens
1107 2163 1171 2220 ergo
1186 2151 1295 2220 Elegius
1307 2162 1408 2206 vocem
1428 2164 1493 2207 curn

254 2256 357 2324 gemitu
368 2254 455 2307 dixit:
472 2254 611 2309 Osaucte
621 2253 792 2321 Martialis,
805 2265 863 2307 cur
880 2253 987 2307 domui
1004 2249 1099 2320 [tuoe]
1118 2263 1182 2306 nou
1197 2251 1387 2306 succurris?
1407 2252 1495 2308 Certe

255 2354 338 2410 euim
358 2353 491 2422 uoueris,
504 2353 626 2422 quodsi
637 2356 667 2406 te
678 2352 768 2407 bodie
778 2364 841 2407 uou
852 2354 984 2407 curoute
994 2354 1164 2420 crematur,
1176 2363 1350 2419 numquam
1360 2350 1439 2418 jam
1453 2349 1494 2406 ab

255 2453 361 2521 Elegio
382 2453 417 2506 iu
437 2465 548 2507 aeuum
566 2452 809 2507 restaurabitur.
831 2451 979 2506 confestim
1001 2451 1082 2520 igitur
1102 2451 1189 2505 adfuit
1209 2451 1317 2506 bomini
1340 2451 1442 2520 gratia,
1462 2455 1491 2504 et
1505 2449 1537 2502 at

255 2553 337 2608 aliam
356 2566 420 2607 mox
432 2553 461 2606 in
479 2557 585 2620 partem
598 2557 679 2607 vento
692 2551 815 2606 dammas
827 2551 995 2619 impellente,
1008 2556 1036 2605 et
1047 2549 1162 2606 ecclesia
1175 2555 1202 2606 et
1213 2556 1300 2605 totum
1321 2552 1383 2619 ejus
1396 2563 1493 2606 mona·

255 2652 369 2708 sterium
381 2652 512 2707 remansit
523 2651 677 2707 incolumis.

287 2752 442 2807 28.1tem
461 2752 561 2806 auno.
580 2750 644 2821 [52]
662 2751 764 2805 abiens
785 2751 897 2819 quidam
919 2753 1010 2817 bomo,
1031 2758 1108 2818 pasto
1130 2764 1245 2818 corpore
1265 2752 1294 2805 in
1316 2751 1451 2820 prandio,
1464 2752 1493 2805 in

253 2853 391 2908 dominica
403 2853 449 2907 die
468 2852 502 2906 ad
524 2852 626 2906 iontem
645 2865 705 2905 sese
726 2851 828 2918 lavare,
842 2851 969 2920 cognovit
980 2851 1053 2919 quod
1075 2851 1191 2906 insidiae
1209 2852 1377 2906 daemonum
1387 2854 1493 2920 valent,

253 2954 300 3008 ubi
313 2967 379 3008 crux
391 2953 532 3007 salvatoris
544 2966 600 3007 non
613 2952 696 3006 fuerit
707 2957 771 3006 ante
788 2957 879 3007 notata
898 2965 949 3006 nec
962 2965 1062 3006 nomen
1075 2954 1135 3019 ejus
1147 2954 1311 3007 invocatum.
1326 2955 1397 3007 liam
1409 2960 1488 3008 stans
1504 2955 1535 3007 rs

255 3054 291 3107 atl
303 3054 415 3121 iontem,
428 3053 475 3106 ubi
488 3067 517 3107 se
529 3052 678 3119 inclinavit,
693 3065 801 3119 semper
821 3051 951 3105 insistens
965 3051 1092 3105 inimicus
1113 3052 1227 3106 cuilibet
1246 3065 1359 3120 nocere,
1373 3054 1404 3106 in
1417 3054 1492 3108 simi·

255 3154 398 3208 litudinem
418 3155 559 3221 quusdam
580 3154 680 3207 mortui
698 3153 818 3207 bominis
839 3154 972 3220 apparuit,
991 3158 1018 3207 et
1038 3154 1063 3207 ci
1084 3167 1146 3208 cum
1167 3155 1265 3221 palmis
1286 3155 1315 3207 in
1338 3153 1436 3209 oculos
1457 3154 1492 3208 de

255 3255 330 3308 ionte
343 3255 464 3322 ingessit.
478 3257 537 3308 lior
550 3257 580 3307 ut
592 3267 663 3320 aqua
681 3254 781 3307 insidia
791 3252 934 3308 daemonis
948 3254 1051 3322 ingesta
1064 3253 1094 3307 in
1112 3255 1206 3309 oculos
1222 3254 1342 3308 bominis
1362 3254 1488 3319 intravit,

255 3355 343 3421 primo
356 3355 487 3420 corripuit
506 3367 591 3421 pavor
611 3355 722 3420 nimius,
735 3354 772 3407 ita
793 3360 823 3408 ut
835 3355 943 3421 penitus
962 3355 1122 3408 hebesceret
1142 3356 1245 3421 animo,
1264 3355 1390 3423 nihilque
1412 3355 1488 3410 aliud

254 3468 336 3521 quam
350 3459 474 3508 mortuus
485 3460 634 3521 putaretur.
646 3455 730 3522 lgltur
739 3453 844 3507 adfines
853 3454 919 3508 dum
930 3455 1098 3509 invenissent
1112 3468 1176 3508 eum
1190 3456 1268 3521 juxta
1281 3455 1389 3509 iontem
1401 3456 1489 3510 fuisse
1504 3457 1535 3510 ³⁰

258 3566 426 3620 percussum,
440 3556 569 3619 concepta
583 3554 745 3620 cogitatione
766 3559 930 3620 putavemnt
942 3567 1005 3607 curn
1017 3553 1052 3607 ad
1073 3554 1205 3608 terminos
1218 3554 1313 3608 mortis
1325 3554 1488 3609 deductum.

257 3652 351 3721 ltaque
363 3658 554 3719 supportantes
566 3666 629 3706 eum
641 3654 742 3719 apertis
754 3654 840 3708 oculis
851 3654 920 3706 nibil
932 3652 1079 3720 videntem,
1089 3658 1275 3722 cognoverunt
1283 3654 1319 3708 ob
1331 3667 1417 3722 quam
1430 3669 1489 3710 rem

254 3752 326 3806 soret
336 3752 373 3805 ita
393 3752 538 3806 damnatus
559 3753 687 3807 caecitate
708 3753 861 3807 oculorum.
875 3755 907 3805 tlt
924 3753 992 3820 ipse,
1006 3758 1150 3822 aegrotans
1163 3754 1243 3822 longo
1255 3753 1422 3823 diutinoque
1433 3755 1490 3810 lan·

252 3864 348 3919 guorc,
361 3851 435 3903 rnisit
448 3864 542 3917 preces
553 3864 616 3905 curn
628 3852 773 3919 gemitibus
786 3853 814 3904 in
825 3852 932 3906 caelum
944 3852 978 3906 ad
989 3852 1163 3919 percipienda
1176 3852 1286 3919 auxilia,
1296 3857 1327 3906 ut
1338 3852 1456 3908 daretur
1464 3855 1489 3907 ei

253 3949 288 4003 de
299 3950 376 4003 caelo
388 3950 531 4003 sanitatem
544 3951 675 4016 recipere.
690 3955 766 4005 Tunc
778 3952 971 4005 universorum
983 3956 1054 4006 licus
1067 3958 1093 4007 et
1109 3952 1206 4006 orandi
1219 3951 1391 4007 voluntatem
1403 3953 1488 4007 dabat
1503 3954 1534 4006 bt

252 4054 287 4115 et,
301 4054 331 4103 ut
352 4049 526 4115 postmodum
547 4049 653 4118 claruit,
667 4051 805 4105 orationes
826 4052 886 4119 ejus
898 4066 954 4107 non
975 4053 1131 4118 respuebat.
1145 4052 1254 4106 llcdurn
1275 4063 1342 4106 vero
1360 4052 1491 4107 sanitatis

253 4162 302 4215 pro
314 4149 459 4203 clementia
471 4149 578 4203 bomini
591 4155 618 4203 et
629 4151 726 4205 merito
747 4153 911 4206 sanctissimi
925 4153 1039 4218 apostoli
1063 4152 1191 4206 llartialis
1203 4153 1327 4206 inserere
1345 4165 1405 4206 non
1417 4154 1492 4222 pige·

254 4249 303 4302 bit.
313 4251 359 4301 llst
367 4248 441 4302 enim
450 4249 616 4315 hujusmodi.
624 4252 765 4305 Postbanc
777 4251 885 4319 longam
894 4252 1062 4320 caecitatem,
1074 4253 1103 4305 in
1113 4265 1209 4306 somno
1220 4264 1269 4319 per
1281 4255 1393 4306 noctem
1403 4251 1494 4307 tribus

253 4346 358 4400 vicibus
369 4346 436 4401 vidit
448 4361 478 4401 se
491 4348 616 4402 assistere
635 4355 698 4403 ante
710 4364 847 4404 summum
861 4352 1013 4418 apostolum
1027 4351 1188 4415 blartialem,
1202 4351 1231 4403 in
1248 4349 1372 4417 quodam
1391 4365 1493 4419 magno

253 4451 280 4499 et
289 4445 509 4513 splendidissimo
519 4449 618 4514 palatio
632 4450 660 4503 in
670 4449 761 4503 medio
771 4451 931 4504 lemovicae
942 4451 1066 4518 civitatis,
1078 4451 1171 4517 ibique
1180 4450 1285 4515 lumen,
1295 4452 1375 4518 quod
1388 4452 1493 4506 malitia
1510 4454 1540 4505 ld

206 4571 212 4596 t
254 4544 421 4599 daemonum
432 4547 573 4614 subtraxit,
587 4549 738 4615 aptissimo
757 4551 880 4616 apostolo
893 4549 946 4604 sibi
970 4550 1057 4604 reddi.
1071 4550 1250 4604 lividissimus
1268 4550 1354 4617 igitur
1377 4553 1495 4606 luminis

255 4657 363 4713 caecus,
374 4644 521 4701 devisione
531 4660 579 4702 sua
589 4650 721 4718 cogitans,
730 4648 818 4705 cautis
827 4656 854 4704 et
863 4650 1034 4706 solummodo
1046 4649 1229 4717 prudentibus
1238 4650 1384 4706 referebat
1392 4654 1495 4709 visum.
