3316 5482
447 121 543 172 smu.
561 119 645 172 nur.
664 119 780 172 rums.
798 140 845 153 -
859 119 1014 172 menno.
1032 122 1080 173 sn
1095 121 1174 173 con.
1193 120 1270 172 sarr.
1408 100 1475 175 277

240 295 317 349 tudo.
329 292 420 347 Nostri
433 292 555 361 legiones
566 292 727 359 disponunt,
733 290 807 345 acies
818 292 946 358 densant,
956 290 1081 346 ordinate
1093 294 1255 361 procedunt,
1268 295 1345 364 signa
1356 309 1476 364 sequun-

238 397 296 458 tur,
319 391 447 444 cominus
467 390 581 458 bellum,
603 390 692 457 primo
712 389 823 456 lanceis,
843 390 943 444 deinde
961 396 1047 458 agunt
1068 390 1175 459 gladiis,
1197 405 1296 447 manus
1316 398 1475 460 conserunt,

238 492 382 546 obstantes
403 491 585 558 proturbant;
604 483 765 558 grassantur
784 491 903 544 bostium
922 490 1016 556 caede,
1040 492 1127 558 ruina,
1150 498 1265 560 strage3⁴
1277 493 1358 560 juvat
1375 499 1474 562 restes,

235 602 327 655 arma,
341 602 440 643 manus
450 588 543 643 bostili
555 589 691 658 sanguine
704 588 818 642 iniectas
830 589 963 655 aspicere,
977 602 1090 643 acervos
1103 601 1272 657 paganorum
1293 590 1410 660 calcare,
1422 592 1479 646 vir-

187 691 209 743 b
234 691 290 744 tuti
302 687 444 757 uniuersa,
458 702 514 743 non
528 688 654 743 fortunae
665 689 828 743 discribere.
841 691 939 742 Persae
951 690 985 742 ad
998 689 1113 744 bellicos
1132 694 1279 757 apparatus
1298 691 1397 744 nonin
1414 704 1476 745 coe·

236 796 298 844 tum
312 794 423 857 coeunt,
436 789 485 843 sed
497 788 662 857 dissolvunt,
675 802 809 857 moreque
820 781 982 842 venantium
998 789 1132 856 palantes,
1144 789 1248 856 ubique
1269 787 1473 859 diffunduntur,

238 889 389 957 repentino
401 889 515 957 impetu,
527 889 694 956 ubicumque
714 889 905 956 opportunitas
914 893 997 956 patet,
1010 889 1148 957 advolant,
1170 889 1341 959 fugientibus
1361 891 1474 958 instant,

239 988 416 1042 obstantibus
427 989 519 1043 subito
531 992 606 1058 terga
618 993 738 1056 vertunt,
751 988 880 1057 doctique
894 992 948 1042 tarn
960 994 1033 1042 retro
1053 988 1165 1056 sagittas
1188 1000 1270 1055 uuam
1287 993 1351 1042 ante
1366 990 1469 1056 jacere,

239 1088 362 1142 maxime
385 1088 505 1143 incautis
525 1089 655 1159 rugiendo
676 1095 787 1144 nocent.
810 1089 959 1156 Praecipue
980 1092 1136 1141 nostrorum
1164 1087 1293 1154 impetus,
1327 1086 1478 1155 praecipue

188 1179 225 1237 ib
239 1188 328 1242 ritant
351 1200 526 1256 congressus.
550 1191 577 1243 Si
597 1189 700 1244 luerint
720 1190 831 1257 dejecti,
853 1188 893 1242 nil
912 1189 1023 1256 penitus
1043 1191 1168 1256 possunt,
1189 1188 1390 1242 obtruncantur
1418 1188 1478 1243 sine

240 1285 344 1342 damno
356 1287 433 1355 quasi
446 1299 521 1342 ores.
533 1287 574 1341 id
586 1289 647 1357 boc,
664 1290 688 1342 si
700 1289 789 1356 primo
802 1290 906 1356 impetu
919 1286 1039 1341 frustrati
1052 1286 1155 1339 luerint
1172 1291 1199 1339 et
1210 1287 1245 1340 ad
1265 1285 1356 1355 bugam
1369 1292 1476 1353 protur-

240 1387 307 1455 bati,
320 1388 435 1442 omnino
455 1394 545 1454 actum
569 1395 627 1453 est;
644 1389 802 1444 nullatenus
817 1389 853 1443 ad
873 1389 976 1443 bellum
992 1387 1120 1454 redeunt,
1131 1399 1217 1454 amia,
1230 1387 1294 1454 tela,
1307 1400 1398 1455 arcus,
1411 1387 1476 1455 pba-
1496 1460 1499 1467 ἱ

241 1493 337 1556 retras,
351 1490 408 1543 sire
427 1490 559 1558 quicquid
580 1490 748 1560 fugientibus
767 1503 916 1545 onerosum
937 1492 988 1556 est,
1009 1486 1158 1555 proiciunt,
1173 1488 1337 1554 tantumque
1354 1487 1477 1555 qualibet

240 1593 301 1643 arte
312 1588 384 1643 elabi
396 1595 531 1660 satagimt.
968 1648 973 1664 ,

199 1687 227 1742 itt
274 1687 593 1757 &remansissemus
605 1705 668 1746 oum
680 1703 729 1746 sua
741 1688 916 1746 multitudine
925 1690 1041 1746 vallatus
1052 1688 1187 1757 undique,
1199 1688 1323 1742 hortatus
1335 1686 1399 1757 [est]
1408 1682 1473 1744 suos

239 1788 356 1843 viriliter
367 1802 458 1860 agere,
471 1792 577 1859 priscae
589 1793 697 1846 virtutis
707 1798 735 1846 et
745 1793 850 1860 gloriae
863 1804 999 1846 memores
1012 1803 1084 1857 esse,
1097 1789 1240 1844 victoriam
1253 1802 1310 1843 non
1332 1801 1366 1843 ex
1385 1787 1486 1842 multi·‘

239 1888 337 1944 tudine
349 1889 398 1945 sed
410 1903 442 1945 ex
454 1894 509 1946 beo
528 1905 600 1960 esse,
621 1906 652 1946 se
668 1893 742 1948 bella
762 1893 869 1948 bomini
887 1892 1000 1958 bellare,
1014 1893 1101 1945 ileum
1113 1890 1207 1945 omnia
1224 1902 1315 1957 posse,
1337 1889 1406 1942 nibil
1429 1889 1476 1943 bei

240 1989 373 2043 exemitui
385 1988 566 2046 diffidendum
579 2005 650 2046 esse.
664 1991 743 2059 Sive,
756 1992 855 2061 inquit,
867 1991 1012 2060 vivimus,
1025 1990 1155 2046 Domino
1172 1989 1318 2056 vicimus,
1331 1989 1397 2043 sice
1411 2000 1473 2042 mo

239 2087 355 2157 rimw,
367 2089 498 2145 Domino
509 2090 683 2159 morimur,·
695 2092 840 2160 quamvis
850 2091 980 2146 Domino
992 2090 1076 2145 mori
1083 2089 1202 2145 rectius
1210 2089 1349 2144 dicerint
1359 2090 1475 2158 vicere,

187 2190 222 2243 ω
239 2189 318 2257 qtsia
327 2198 401 2245 vere
411 2190 522 2245 vicunt
533 2192 589 2260 qui
602 2191 722 2248 cbristo
734 2193 900 2247 morientes
910 2189 1475 2260 aeternoperfrnunturbeaiitudine.
1588 2201 1590 2207 ·

243 2286 370 2357 oselini
388 2290 528 2346 cortdicio
539 2292 729 2361 pupnandi:
749 2291 803 2346 ubi
818 2292 897 2360 fides
920 2291 1115 2359 idolatriam,
1122 2290 1253 2358 justitia
1275 2291 1474 2360 iniustitiam,

238 2388 665 2459 conanennoporntannam,
677 2394 817 2459 totusque
828 2392 982 2446 virtutum
993 2391 1152 2446 exercitus
1169 2389 1321 2445 citiorum
1340 2388 1476 2445 debellat

233 2490 395 2557 portenta
407 2488 462 2544 ubi
471 2489 607 2545 Mieboet
618 2491 703 2545 venit
719 2490 807 2546 nobis
819 2491 855 2545 in
866 2491 1064 2558 adiuiorium
1076 2503 1149 2546 cnm
1159 2490 1367 2545 multitudine
1383 2504 1477 2560 anpe-
1573 2507 1578 2518 ·

240 2588 355 2644 iorum
369 2588 431 2643 Diu
441 2589 530 2645 uobis
536 2590 687 2659 princeps
699 2592 873 2646 Persarum
884 2591 1013 2660 resistit,
1031 2593 1201 2658 nostroque
1222 2589 1304 2644 betto
1320 2593 1352 2644 et
1364 2603 1475 2659 preces

187 2689 225 2744 ab
241 2686 498 2757 adjutoriumque
508 2688 673 2745 Michaelis
685 2690 833 2759 impiam
844 2689 899 2744 sed
911 2690 1036 2745 tandem
1047 2702 1111 2746 non
1117 2689 1316 2758 praevalebit
1323 2690 1474 2758 princeps

241 2785 428 2857 Persarum,
448 2788 598 2855 quoniam
617 2791 784 2856 eonsurpet
805 2787 939 2844 Michael
962 2789 996 2842 in
1022 2788 1364 2844 multitudineoirtutis
1386 2802 1473 2858 suae,

236 2882 458 2953 pumtobitque
471 2898 535 2954 pro
551 2886 640 2942 nobis
657 2899 728 2942 cum
741 2887 873 2956 antiquo
895 2891 1046 2957 serpente.
1063 2888 1148 2948 Quod
1167 2888 1197 2942 si
1217 2886 1321 2943 adbuc
1327 2887 1478 2956 princeps

241 2983 418 3038 Persarum
428 2984 463 3037 in
475 2984 530 3041 boc
538 2985 618 3041 bello
628 2989 772 3041 nostram
779 2988 958 3055 permissus
969 2991 1016 3042 est
1025 2986 1178 3055 impedire
1187 2987 1363 3055 victoriam,
1373 2987 1475 3056 faciat

240 3084 394 3138 Dominus
404 3086 486 3153 quod
497 3084 610 3140 bonum
621 3087 711 3140 estin
724 3087 825 3141 occrlis
836 3086 904 3141 suis
918 3103 924 3139 :
939 3087 1086 3155 quoniam
1094 3087 1189 3142 etiam
1202 3087 1257 3143 boc
1268 3088 1358 3142 modo
1366 3086 1475 3155 felices

187 3186 223 3239 50
241 3183 284 3238 de
293 3182 374 3239 betto
385 3185 567 3256 redibimus,
581 3187 658 3255 quio
670 3186 831 3242 moriendo
843 3185 1119 3256 triumphabimus.
1132 3186 1202 3242 brit
1222 3200 1306 3242 mors
1328 3187 1476 3256 absorpto

242 3283 281 3338 in
291 3285 435 3352 victorio,
448 3285 503 3341 ubi
514 3299 590 3341 oera
602 3287 791 3342 donabimur
802 3288 887 3354 cita,
898 3300 955 3343 nec
966 3288 1050 3342 ultus
1063 3286 1189 3355 felicior
1204 3287 1383 3354 brriusmodi
1394 3299 1474 3342 mor·

243 3382 317 3452 tuis,
332 3395 408 3452 quos
420 3383 555 3439 Michaet
565 3385 695 3440 deducet
703 3384 739 3438 in
744 3385 937 3453 paradisum
949 3385 1164 3440 enuntiationis.
1183 3385 1248 3454 Sed,
1269 3388 1305 3439 ut
1322 3386 1473 3465 aspicitis,

240 3482 332 3537 mutto
350 3483 441 3539 modo
452 3483 574 3538 diutius
585 3484 780 3553 loquentium,
793 3485 847 3538 sed
866 3484 1006 3540 viriiiter
1024 3484 1112 3540 nobis
1132 3488 1179 3539 est
1196 3485 1372 3554 apmtdum:
1391 3486 1475 3540 oide-

242 3581 650 3651 it'cetutquoeumquebetti
665 3586 776 3652 aerem
795 3583 910 3650 esitus,
922 3584 1104 3638 nullatenus
1125 3583 1163 3638 de
1183 3585 1398 3652 conpressione
1416 3598 1475 3640 sua

187 3684 224 3738 55
241 3681 382 3750 paueat
391 3682 606 3738 adversarius.

277 3783 310 3835 4.
322 3783 369 3837 liis
389 3782 479 3851 dictis,
492 3784 593 3854 insigni
613 3790 761 3852 provectus
779 3798 861 3854 equo,
882 3784 955 3839 acies
976 3783 1096 3849 ordinat,
1118 3782 1217 3838 vexilla
1237 3783 1367 3852 disponit,
1381 3799 1476 3839 unum-

241 3894 380 3951 quemque
401 3885 566 3939 nominatim
586 3885 721 3940 hortando
744 3885 875 3953 antiquae
895 3885 994 3953 rogitat
1012 3897 1164 3939 memorem
1177 3897 1239 3938 csse
1259 3884 1376 3938 virtutis.
1400 3888 1476 3939 Tunc

240 3982 342 4037 illustri
354 3995 447 4038 secum
460 3987 601 4050 assumpta
611 3985 733 4052 coborte,
747 3984 915 4052 ubicumque
927 3985 1019 4038 hostes
1037 3984 1157 4038 ferocius
1178 3984 1329 4047 incursant,
1343 3984 1475 4051 impetum

240 4083 331 4138 ineos
343 4083 445 4152 iacere,
467 4083 566 4138 multos
586 4084 761 4151 obtmncare,
780 4084 902 4151 reliquos
922 4083 950 4137 in
970 4085 1061 4151 lugam
1082 4087 1207 4150 uertere3
1229 4082 1331 4137 deinde
1350 4083 1475 4136 celeriter

187 4185 223 4238 io
239 4181 379 4249 revolem,
392 4183 449 4237 suis
461 4183 626 4250 proturbatis
637 4196 808 4252 succurrere,
822 4184 890 4237 alios
903 4184 1080 4252 substituere,
1100 4184 1169 4236 nibil
1190 4182 1368 4251 improvisum
1385 4183 1476 4236 dimit·

237 4287 308 4336 tere.
322 4282 596 4349 Ubicumqueautem
614 4297 678 4337 cum
697 4283 822 4337 hostibus
841 4281 972 4351 congredi
993 4288 1020 4335 et
1039 4296 1137 4336 manus
1157 4283 1239 4337 datur
1260 4295 1415 4349 conserere,
1435 4283 1473 4335 ibi

236 4394 306 4436 vero
318 4383 421 4438 nonus
430 4382 584 4450 iucundum
597 4385 782 4450 spectaculum
795 4398 802 4436 :
816 4381 944 4438 videlieet
955 4397 970 4436 a
983 4383 1087 4436 dextris
1098 4387 1126 4436 et
1138 4396 1153 4436 a
1169 4383 1287 4436 sinistris
1302 4383 1406 4437 bostem
1419 4382 1472 4449 gla-
