3316 5482
208 286 275 356 456
552 297 678 349 aaran.
698 296 801 347 eone.
819 294 994 346 eamean.
1014 292 1095 345 aar.

240 475 296 528 35.
310 473 413 527 Eodem
425 476 517 525 autem
531 474 666 534 tempore,
679 480 741 520 cum
756 464 862 519 ualidus
875 466 904 517 in
918 464 1041 532 praefata
1062 464 1131 518 urbe
1152 463 1227 533 ignis
1238 465 1437 529 accenderetur,

205 573 328 641 quidam,
342 571 460 624 maxima
477 568 652 622 ueneratione
665 566 774 618 beatum
786 563 877 618 virum
891 564 1005 631 habens,
1017 564 1085 616 duas
1096 577 1166 631 quas
1187 563 1264 618 dono
1282 565 1380 618 vivens
1391 564 1435 630 pla

209 674 296 728 nelias
309 671 432 729 dederat.
445 666 592 734 assumpsit
606 682 612 718 ι
627 678 695 732 quas
708 666 756 718 ubi
768 664 887 730 primum
901 665 955 730 igni
969 664 1138 731 ostenderat,
1152 665 1214 718 sine
1239 664 1335 732 aliqua
1347 671 1439 731 tempo-

209 774 246 826 ris
258 773 388 826 dilatione
401 770 510 822 damma
523 765 645 820 evanuit.

243 872 298 927 86.
311 874 342 924 lit
354 871 405 923 hoc
417 867 529 934 quidem
542 878 599 919 non
611 862 694 916 morlo
705 876 736 916 co
756 868 879 929 tempore
899 863 960 929 luit,
983 861 1032 914 sed
1054 862 1170 929 singulis
1191 860 1294 916 diebus
1314 863 1462 917 clareseiti

207 974 293 1025 immo
306 970 396 1035 etiam,
410 982 472 1021 cum
484 966 555 1034 ignis
566 966 595 1017 in
605 963 687 1017 domo
700 962 842 1029 cuiusdam
856 962 976 1029 magistri
988 962 1080 1014 lacohi
1091 963 1300 1029 procederet,et
1308 963 1353 1015 hic
1361 963 1440 1015 sancti

208 1071 258 1125 viri
279 1083 387 1124 saccum
411 1067 497 1134 paleis
520 1066 631 1131 plenum
646 1063 769 1128 haberet,
790 1066 845 1114 tota
866 1062 925 1128 ejus
946 1061 1045 1113 domus
1066 1066 1174 1127 praeter
1196 1062 1317 1129 Philippi
1339 1074 1440 1115 saecun

208 1172 323 1225 incensa
335 1174 386 1222 est.

241 1270 295 1324 87.
310 1271 378 1322 ltern
390 1281 453 1320 cum
466 1266 538 1318 circa
550 1264 727 1317 'tudertinam
740 1263 879 1329 quandam
891 1276 982 1315 arcem
995 1263 1119 1330 ingentes
1134 1262 1277 1316 orirentur
1292 1262 1404 1328 imbres,
1414 1266 1441 1315 ut

207 1370 367 1425 universum
387 1367 555 1420 frumentum
575 1364 726 1430 vineasque
747 1361 898 1426 deicerent,
920 1361 1028 1425 iratres,
1050 1362 1167 1429 Philippi
1191 1362 1339 1428 scapulare
1361 1362 1477 1428 superii

208 1482 317 1523 crucem
342 1470 494 1528 sumentes,
516 1478 566 1532 per
589 1464 686 1517 urbem
708 1462 893 1530 supplicantes
911 1462 1137 1529 clamantesque:
1167 1460 1320 1515 Miserere
1342 1461 1440 1515 rwstri

208 1568 296 1633 Deus,
310 1566 364 1632 qai
375 1576 438 1616 aen
450 1562 499 1615 oie
520 1563 650 1614 mortem
664 1559 851 1627 peccatoris,
871 1560 925 1612 red
946 1562 981 1611 ut
1001 1561 1203 1614 concertatur
1222 1562 1253 1612 et
1272 1558 1370 1625 vivat,
1383 1570 1440 1625 per

208 1665 322 1720 merita
334 1662 440 1732 fidelia
452 1662 536 1715 aerei
550 1661 599 1714 tat
609 1659 753 1727 Phihppi
778 1659 878 1713 libera
898 1657 1040 1727 samaias
1059 1661 1223 1726 sperantes
1235 1659 1271 1712 ia
1282 1662 1332 1727 te,·
1345 1664 1372 1712 et
1382 1671 1441 1712 coa·

208 1763 286 1817 tinuo
299 1767 447 1830 tempestas
458 1761 564 1825 abiens,
578 1759 728 1826 splendens
739 1772 772 1812 ae
784 1758 875 1811 clarus
888 1757 1000 1812 effectus
1013 1765 1054 1812 est
1066 1772 1123 1812 aer.

243 1862 299 1916 88.
313 1864 416 1915 Rursus
429 1864 569 1927 praeterea
583 1872 598 1913 a
612 1858 758 1926 magistrali
772 1859 868 1911 morbo
881 1862 1017 1912 retentum
1029 1858 1168 1925 quendam
1181 1858 1318 1913 liberauit.
1456 1856 1481 1909 lt

242 1961 295 2015 39.
310 1960 361 2015 Sed
374 1959 441 2027 quid
453 1960 569 2013 ulterius
583 1960 753 2025 prosequar?
771 1957 886 2023 Quidam
899 1971 962 2010 cum
984 1963 1056 2011 esset
1077 1957 1262 2025 praedicator,
1278 1957 1327 2024 qui
1340 1955 1440 2010 inuidia

211 2066 238 2115 et
251 2061 336 2115 liuore
349 2060 468 2128 pessimo
481 2058 649 2126 compulsus,
663 2059 691 2110 in
706 2058 835 2110 zizaniam
849 2057 999 2124 odiumque
1011 2059 1165 2124 Philippum
1180 2059 1253 2111 terre
1274 2057 1441 2122 conabatur;

213 2162 262 2216 sed
273 2160 357 2214 multo
371 2160 455 2228 magis
468 2172 500 2212 ae
522 2165 596 2212 ratus
617 2158 705 2211 suerat
727 2159 785 2223 ejus
810 2157 910 2210 famam
932 2158 1016 2210 auxit.
1036 2159 1103 2210 Cum
1116 2158 1198 2226 igitur
1209 2157 1326 2210 uerbum
1339 2156 1386 2211 bei
1397 2155 1443 2209 do·

211 2267 305 2317 cturus
326 2264 408 2326 esset,
422 2258 600 2312 tudertinum
622 2257 753 2325 populum
777 2258 816 2311 sic
837 2257 972 2311 allocutus
989 2262 1051 2311 est:
1076 2258 1161 2317 Quae
1179 2257 1311 2311 insania
1331 2267 1444 2325 quaeue

210 2359 352 2415 secordia
374 2371 424 2413 oea
445 2358 572 2424 invasit,
596 2360 630 2411 et
641 2355 825 2425 Philippum
838 2357 1073 2412 hornimeaeoem
1092 2357 1185 2411 illam
1207 2356 1444 2412 sanctissimam
1456 2353 1483 2406 it

210 2458 362 2516 permeatis
374 2459 386 2512 t
397 2458 443 2511 Ne
453 2457 590 2512 credatis
602 2457 696 2510 etiam
719 2459 812 2523 atque
823 2457 920 2512 etiam
932 2470 994 2524 oro,
1014 2457 1140 2525 pacando
1164 2456 1327 2512 diabolica
1338 2454 1443 2510 amnia

209 2559 415 2615 administrat
435 2560 513 2610 (arte.
535 2557 610 2621 Quod
623 2570 685 2609 cum
707 2557 789 2609 tantis
809 2557 963 2623 opprobriis
984 2557 1212 2623 contumeliisque
1221 2569 1258 2609 ex
1269 2568 1373 2623 spurco
1392 2568 1439 2609 ore

210 2658 376 2727 protulisset,
389 2669 482 2710 coram
495 2656 629 2709 exanimis
642 2657 670 2708 in
683 2661 783 2709 terram
805 2656 912 2709 cecidit.
936 2659 1043 2709 Fratres
1066 2670 1130 2711 vero
1149 2657 1237 2710 nostri
1250 2654 1370 2720 ordinis,
1382 2668 1443 2709 cum

210 2757 376 2812 omuibusin
390 2756 471 2809 rebus
485 2754 523 2821 pii
535 2754 741 2821 elementesque
763 2759 864 2817 essent,
887 2755 938 2808 hoc
958 2753 1111 2824 audientes,
1132 2760 1215 2822 atque
1236 2756 1298 2822 ejus
1310 2753 1443 2809 insaniam

211 2858 288 2911 nihili
301 2857 462 2923 pendentes,
476 2855 582 2909 eumad
597 2855 799 2908 sanctissimum
813 2853 929 2920 Philippi
942 2867 1041 2919 corpus
1054 2855 1184 2907 tulerunt.
1199 2855 1283 2921 Cujus
1297 2868 1329 2908 se
1341 2853 1445 2908 meritis
1459 2850 1486 2903 rt

212 2959 239 3011 in
253 2957 338 3025 pedes
356 2956 451 3009 erexit.

243 3057 297 3110 40.
310 3059 434 3110 Ceterum
448 3058 590 3121 postquam
604 3054 632 3106 in
645 3054 704 3106 dies
717 3053 845 3106 omnibus
858 3054 886 3105 iu
910 3055 992 3106 rebus
1015 3067 1064 3106 sua
1076 3054 1132 3106 visa
1144 3059 1185 3106 est
1198 3054 1292 3122 augeri
1305 3056 1442 3121 sanctitas,

209 3159 305 3211 iratres
319 3157 463 3209 unanimes
473 3152 679 3219 concordesque
693 3166 755 3206 cum
769 3154 797 3204 in
811 3153 920 3220 aliquod
934 3154 1019 3206 altare
1028 3152 1160 3206 decorum
1173 3153 1320 3207 locandum
1347 3160 1443 3208 statue

213 3264 285 3310 runt.
298 3257 396 3322 sicque
409 3268 470 3307 cum
484 3254 614 3319 episcopo
629 3253 744 3318 aliisque
757 3252 863 3305 clericis
874 3266 946 3306 anno
959 3268 974 3305 a
988 3253 1126 3305 nativitate
1145 3254 1252 3305 Domini
1264 3265 1284 3306 rr
1296 3263 1357 3307 ccc⁰
1369 3264 1443 3319 istut,

210 3365 259 3410 11110
272 3355 333 3407 illus
343 3355 424 3421 junii,
439 3355 527 3419 ipsam
540 3366 572 3405 ex
586 3353 645 3404 loco
658 3352 705 3404 ubi
729 3351 857 3404 conditus
878 3358 937 3404 erat
952 3353 1095 3405 extrahere
1118 3354 1252 3418 tolentes,
1276 3355 1376 3422 ingens
1396 3369 1443 3421 per
1459 3355 1487 3407 ut

212 3460 295 3509 lotam
305 3455 402 3508 urbem
416 3454 483 3506 odor
496 3452 640 3517 emanarit,
655 3457 682 3503 et
695 3453 902 3517 quodomnium
915 3454 1072 3520 rhamnum,
1092 3460 1218 3507 constare
1239 3455 1350 3509 uidetur
1364 3457 1444 3508 simu-

211 3557 283 3608 lacra
297 3554 341 3605 illa
354 3565 434 3605 cerea
457 3565 529 3618 quae
543 3552 571 3603 in
585 3550 687 3616 templo
701 3551 869 3618 eminebant,
887 3551 920 3604 ad
934 3553 1135 3606 sanctissimum
1148 3566 1248 3619 corpus
1259 3568 1291 3607 se
1303 3556 1429 3609 coluisse.

246 3651 539 3705 41.lrnonmu1tum
561 3656 621 3716 post
641 3651 772 3716 temporis
785 3649 897 3717 quidam
918 3651 959 3703 uir
971 3651 1056 3704 mirae
1074 3651 1237 3718 prudentiae
1258 3666 1311 3707 nec
1335 3654 1448 3708 uninoris

211 3752 369 3820 sapientiae,
384 3750 568 3815 Florentinus,
583 3762 643 3801 cum
657 3747 775 3801 Tuderto
788 3750 893 3815 primus
906 3755 988 3816 esset,
1003 3751 1206 3803 sanctissimum
1225 3764 1328 3817 corpus
1341 3752 1377 3805 ad
1390 3766 1450 3820 pro·

213 3854 286 3919 prius
300 3851 379 3903 sedes
391 3849 496 3902 reterre
509 3849 644 3915 cupiebat.
659 3851 746 3912 Quare
760 3853 849 3902 actum
863 3856 944 3903 estut
958 3849 984 3900 id
999 3850 1090 3902 furtim
1112 3864 1147 3903 ex
1169 3850 1329 3904 Tudertinis
1343 3854 1448 3907 aroeni·
1463 3852 1492 3903 li

213 3954 265 4006 bus
277 3951 367 4003 silenti
381 3954 461 4002 nocte
474 3949 594 4015 trahens,
608 3962 717 4013 semper
732 3949 759 3999 in
772 3948 888 4001 obscura
900 3950 959 4001 lure
974 3949 1129 4016 proficiens,
1148 3949 1220 4015 apud
1243 3950 1322 4003 urbis
1336 3951 1409 4006 iores
1422 3954 1450 4004 in

214 4065 293 4105 mane
307 4050 482 4117 reperiretur.
497 4049 575 4102 Pueri
590 4061 653 4101 uero
666 4061 762 4101 omnes
776 4049 950 4116 infantesque
964 4050 1123 4116 parentibus
1136 4050 1293 4116 Philippum
1306 4049 1449 4107 discedere

214 4151 333 4203 aiebant.

247 4252 300 4303 42.
316 4251 361 4303 llis
376 4250 457 4303 rebus
470 4249 506 4300 ita
519 4249 595 4313 actis,
615 4248 713 4300 mulier
726 4248 871 4316 quaedam,
884 4262 945 4301 cum
958 4250 1044 4302 altera
1058 4264 1140 4303 nianu
1162 4264 1227 4316 prae
1240 4265 1342 4319 magno
1354 4253 1450 4309 dolore

214 4351 251 4403 uti
265 4364 320 4403 non
334 4354 435 4415 posset,
449 4348 558 4400 beatum
570 4347 721 4413 Philippum
733 4361 849 4399 exorans
863 4348 960 4400 melius
973 4355 1055 4414 alque
1068 4350 1119 4402 alia
1138 4351 1277 4403 utebatur.
1461 4358 1489 4408 to

248 4450 302 4501 43.
317 4449 428 4501 interim
442 4461 544 4514 pauper
557 4447 667 4514 quidam
682 4453 737 4500 toto
751 4462 816 4500 suae
830 4449 899 4500 vitae
913 4450 1029 4513 spatioa
1053 4450 1098 4500 tali
1113 4448 1273 4503 infirmitate
1285 4455 1448 4520 angebatur,

214 4550 372 4602 utriscum
386 4549 482 4601 baculo
496 4548 591 4614 predam
607 4560 715 4600 uiovere
728 4554 830 4614 posset.
845 4549 893 4612 Qui
908 4554 1050 4615 postquam
1072 4556 1134 4602 arrle
1158 4549 1274 4616 Philippi
1289 4554 1446 4620 sepulcrum
