3316 5482
321 350 416 401 amn.
434 349 517 401 nar.
537 349 654 400 ruem.
672 370 718 380 -
735 347 888 399 nerano.
907 347 955 398 nn
972 347 1049 398 oon.
1069 345 1145 399 saco.
1276 332 1344 398 345

102 520 223 574 vinculis
234 519 359 587 undique
377 520 411 574 ab
433 520 591 573 bominibus
612 518 799 572 circumdatur
814 522 842 572 et
862 522 1001 584 tamquam
1013 516 1101 570 bestia
1122 516 1291 570 ferocissima
1309 518 1344 571 ad

103 632 215 674 sacram
225 617 323 673 aedem
337 617 507 687 perducitur.
520 617 570 672 libi
584 631 647 672 cum
657 619 702 672 vix
714 617 890 671 intromissus
904 617 1010 682 fuisset,
1023 630 1088 670 mox
1099 616 1224 683 deposito
1237 617 1342 684 tumre,

104 719 188 788 quasi
199 733 285 790 agnus
297 723 456 773 mansuetus
469 720 550 786 stetit,
565 723 646 786 atque
660 719 731 772 inse
744 731 879 785 reversus,
893 718 1064 786 interrogare
1077 717 1167 783 eoepit
1179 731 1265 785 quare
1278 718 1343 772 illuc

103 819 242 875 adductus
254 827 281 873 et
293 819 406 873 mnibus
417 819 513 873 fuisset
523 819 631 887 ligatus.
639 819 688 871 cui
701 831 763 871 cum
776 819 879 871 dictum
892 805 988 871 fuisset
1001 829 1072 883 quae
1082 820 1108 869 et
1121 822 1222 884 quanta
1234 818 1343 872 fecisset

69 923 91 974 5
109 925 140 973 et
153 933 224 986 quae
236 919 387 972 necessitas
400 931 461 972 eum
476 918 542 972 illuc
554 917 616 970 duci
630 917 817 983 compulisset,
832 917 963 970 misemm
979 929 1008 968 se
1022 928 1053 968 ac
1067 919 1238 982 peccatorem
1250 916 1344 970 clami·

106 1020 196 1087 tabat,
208 1019 256 1086 qui
268 1024 358 1079 antea,
372 1017 437 1071 dum
461 1031 544 1072 sanae
563 1018 663 1071 mentis
682 1017 788 1084 fuisset,
802 1020 907 1070 tantum
925 1015 1069 1069 dominum
1087 1020 1114 1068 et
1130 1015 1267 1070 seniorem
1286 1030 1344 1071 non

106 1117 237 1184 audierit,
251 1128 371 1182 eumque
387 1121 445 1168 uta
465 1115 511 1168 tali
532 1121 608 1181 peste
625 1115 694 1182 eripi
715 1120 806 1181 posset
821 1114 962 1180 deprecari
981 1112 1138 1167 tardaverit.
1154 1113 1229 1166 'lalia
1241 1128 1343 1170 memo

107 1230 185 1279 rans,
198 1215 286 1268 tribus
298 1213 397 1267 diebus
409 1215 447 1267 ibi
461 1215 620 1281 permansit,
634 1220 661 1267 et
673 1214 713 1267 sio
725 1226 810 1266 sanus
822 1214 886 1266 inde
899 1213 1019 1266 recessit

143 1318 194 1369 14.
206 1314 301 1369 Adbuc
313 1315 457 1368 innumera
478 1319 627 1380 supersunt
646 1326 717 1380 quae
737 1314 772 1367 de
790 1313 863 1366 illius
883 1314 1028 1368 virtutibus
1041 1316 1136 1370 referri
1150 1320 1281 1382 possunt3
1295 1313 1343 1368 sed

52 1418 88 1470 ld
107 1415 234 1482 pluribus
246 1415 365 1481 omissis,
377 1426 463 1481 pauca
476 1412 592 1467 dicenda
606 1419 680 1478 sunt,
691 1411 756 1480 quia
766 1417 792 1466 et
803 1414 896 1467 omnia
908 1427 1124 1469 commemorare
1133 1415 1271 1469 fastidium
1281 1427 1342 1468 esse

106 1519 200 1582 potest
211 1519 239 1568 et
251 1515 386 1582 quaedam
399 1526 512 1567 narrare
524 1511 663 1566 laudabile
675 1526 735 1566 esse
752 1513 844 1566 debet.
858 1513 954 1567 llolier
966 1515 1112 1581 quaedam,
1125 1515 1226 1569 bodaa
1244 1528 1340 1583 paren·

107 1616 182 1669 bbus
193 1621 298 1680 vocam,
306 1627 437 1668 manuum
449 1613 618 1667 debilitatem
630 1613 698 1666 adeo
711 1613 828 1680 grauiter
840 1613 993 1668 incurrerat
1001 1619 1031 1667 ut
1043 1616 1171 1682 quotiens
1184 1616 1342 1670 comederet

108 1719 136 1768 et
147 1714 266 1782 biberet,
279 1714 390 1768 alterins
410 1726 508 1766 manus
526 1714 585 1779 ejus
607 1713 648 1766 ori
665 1714 758 1766 cibum
779 1719 806 1766 et
827 1719 920 1780 potum
940 1715 1116 1769 ministraret.
1131 1719 1203 1771 llaec
1220 1697 1339 1783 duoque,

107 1827 191 1882 quam
206 1813 336 1867 amiserat
355 1813 469 1879 cupiens
482 1826 643 1879 recuperare
655 1813 810 1879 sanitatem,
823 1826 878 1880 quo
892 1815 979 1880 major
991 1816 1141 1881 recipiendi
1153 1817 1238 1881 [spes]
1253 1814 1341 1869 adfuit
1434 1811 1438 1818 '

57 1915 90 1967 15
108 1913 235 1968 celeriter
254 1912 402 1979 festinavit,
412 1925 497 1980 seque
508 1926 571 1966 cum
584 1911 683 1966 fiducia
695 1918 790 1966 sancto
807 1913 852 1966 liei
872 1913 972 1967 offerre
983 1915 1097 1968 curavit.
1113 1915 1160 1968 Cui
1172 1915 1255 1969 veluti
1268 1913 1341 1968 dice·

108 2017 202 2066 retur:
225 2012 317 2066 Fides
340 2013 396 2065 tacu
417 2013 581 2066 tarataram
592 2009 677 2079 fecit,
699 2013 789 2064 statim
809 2016 838 2065 ut
860 2012 970 2068 advenit
990 2015 1149 2081 sospitatem
1171 2014 1286 2081 recepit,
1309 2026 1342 2068 ac

108 2115 240 2179 quantun
251 2112 423 2178 impetrasset
434 2111 578 2164 sanitatem
595 2111 688 2164 multis
701 2111 840 2167 indicarit.

141 2211 193 2266 15.
206 2215 245 2264 Tu
257 2224 376 2279 quoque,
390 2211 535 2276 bachildis,
549 2222 606 2264 non
624 2223 674 2264 nos
690 2210 813 2280 effugies,
827 2224 898 2279 quae
920 2226 970 2279 per
986 2213 1079 2266 omnia
1090 2194 1190 2266 d'ebilis
1209 2213 1336 2280 pedibus,

109 2311 183 2366 illius
194 2311 442 2366 meritisessanata
454 2320 481 2365 ct
493 2311 661 2366 tuo‘domui
671 2325 733 2366 cnm
745 2312 845 2381 gaudio
855 2312 979 2366 remissa.
991 2317 1028 2366 be
1041 2312 1149 2368 duobus
1158 2313 1240 2367 etiam
1250 2314 1337 2367 caecis
1399 2325 1408 2346 ·
1445 2323 1477 2376 ¹,

57 2414 91 2466 20
108 2425 165 2466 non
189 2389 301 2466 aestimo
324 2412 495 2480 superfluum
519 2413 706 2479 referendum,
730 2415 777 2481 qui
802 2415 909 2480 aequali
934 2414 1029 2468 decern
1054 2429 1190 2469 annorum
1215 2420 1339 2482 tempore

108 2512 214 2566 lumine
225 2513 331 2580 privati,
344 2525 399 2566 una
410 2512 455 2565 die
472 2513 552 2566 ambo
573 2514 660 2579 ipsius
680 2515 765 2580 patris
776 2515 890 2568 deinum
905 2516 1092 2582 quaesierunt,
1106 2517 1187 2569 ambo
1199 2529 1256 2569 una
1274 2517 1340 2569 bora

108 2613 203 2666 lumen
224 2617 398 2678 receperunt,
421 2625 530 2665 necnon
554 2613 698 2666 amborum
721 2614 786 2666 satis
806 2614 1002 2668 demonstravit
1023 2615 1186 2669 illuminatio
1207 2621 1340 2682 quantum

109 2711 183 2778 apud
196 2715 278 2765 lieum
293 2713 370 2765 istius
383 2712 544 2778 protectoris
557 2711 645 2765 valeat
657 2713 873 2767 oralio.constat
885 2715 968 2782 euim,
978 2716 1042 2767 dum
1054 2718 1093 2768 tot
1102 2714 1274 2768 infirmorum
1284 2728 1341 2769 cor-

110 2821 208 2877 porum
221 2823 351 2876 praesens
363 2810 478 2863 edicitur
491 2811 636 2877 reparatio,
659 2810 732 2878 quod
752 2812 906 2865 animarum
927 2826 1037 2880 quoque
1059 2819 1213 2867 nostrarum
1228 2818 1341 2866 aeterna

60 2913 94 2965 25
111 2909 194 2976 possit
205 2921 265 2962 esse
277 2909 398 2962 salvatio.
413 2908 489 2962 Unde
506 2914 543 2973 te,
556 2909 678 2975 piissime
690 2915 718 2962 et
730 2911 926 2978 gloriosissime
939 2916 1040 2978 martyr
1058 2912 1226 2979 Potentiane,
1240 2912 1341 2965 obnixe

110 3009 292 3076 deposcimus
304 3015 335 3062 ut
346 3009 427 3062 nobis
448 3009 476 3061 in
497 3010 579 3062 caelis
601 3010 791 3063 remissionem
803 3011 928 3064 obtineas
950 3012 1072 3064 omnium
1086 3016 1269 3077 peccatorum,
1284 3010 1341 3078 qui-

111 3111 164 3163 bus
176 3110 205 3162 in
222 3110 302 3163 terris
322 3109 476 3163 concedere
496 3109 625 3177 dignatus
645 3123 674 3162 es
694 3110 733 3162 tui
754 3111 876 3176 corporis
894 3111 1125 3177 pretiosissimum
1146 3112 1340 3179 margaritum3

111 3209 214 3276 quique
233 3208 268 3262 de
288 3209 436 3261 Raniberta
456 3209 571 3262 muliere
593 3209 796 3262 multitudinem
818 3209 984 3263 daemonum
1005 3209 1061 3264 tuis
1081 3211 1208 3278 precibus
1231 3211 1340 3279 fugasti,

110 3312 218 3374 praesta
237 3312 267 3360 ut
287 3319 383 3360 eorum
402 3320 480 3360 saeva
500 3305 646 3360 adversum
668 3306 739 3375 [nos]
753 3321 809 3361 non
828 3309 912 3374 possit
933 3308 1089 3375 praevalere
1110 3314 1237 3375 potestas.
1253 3310 1341 3363 Facile

56 3409 91 3461 50
110 3407 185 3460 enim
198 3406 224 3459 id
239 3406 319 3459 nobis
330 3405 402 3471 apud
416 3419 507 3474 regem
519 3411 596 3458 tuum
609 3408 755 3459 bominum
768 3413 892 3461 nostrum
907 3409 1007 3474 poteris
1020 3409 1153 3474 obtinere,
1167 3410 1189 3461 si
1203 3414 1294 3462 nostra
1307 3407 1341 3462 ad

111 3505 280 3570 peccandum
291 3517 377 3571 prona
392 3517 447 3557 non
460 3505 543 3557 nimis
556 3505 693 3559 obstiterit
706 3506 848 3573 fragilitas.

144 3603 194 3655 16.
207 3604 359 3656 Susannam
372 3615 483 3671 quoque
495 3606 632 3672 quandam
646 3606 787 3672 feminam,
801 3607 871 3660 sicut
889 3607 979 3661 bonus
997 3612 1089 3674 pastor
1101 3621 1179 3662 ovem
1193 3606 1339 3674 perditam,

111 3715 128 3756 a
140 3702 249 3757 diabolo
261 3703 325 3770 lupo
339 3706 513 3759 voracissimo
526 3707 626 3773 eripuit
639 3712 666 3759 et
677 3706 750 3774 gregi
765 3712 874 3760 sanctae
885 3708 1021 3762 Ecclesiae
1031 3709 1194 3774 gaudentem
1207 3714 1234 3762 et
1246 3722 1340 3762 sanam

110 3805 238 3857 restituit.
251 3806 318 3868 Quia
337 3806 410 3858 enim
432 3807 567 3860 Christum
589 3806 706 3860 amando
723 3809 842 3860 animam
864 3814 890 3861 et
911 3810 1002 3862 omnia
1015 3811 1056 3862 sui
1076 3811 1198 3877 corporis
1217 3812 1340 3865 membra

54 3906 92 3958 55
110 3916 161 3969 pro
177 3903 262 3958 nibilo
274 3903 363 3970 duxit,
377 3905 475 3960 merito
488 3919 545 3959 non
557 3906 645 3960 solum
659 3906 840 3961 daemonibus
854 3909 1007 3975 imperarit,
1020 3909 1069 3962 sed
1083 3910 1165 3963 etiam
1178 3911 1269 3964 omnia
1283 3924 1341 3965 cor·

110 4003 185 4068 poris
203 4005 335 4070 membra,
350 4005 438 4058 caecis
459 4006 558 4071 visum,
572 4007 663 4059 surdis
683 4007 817 4073 auditum,
832 4009 914 4060 mutis
936 4008 1083 4077 loquelam,
1097 4009 1202 4063 claudis
1215 4024 1340 4078 gressum

110 4101 262 4169 reddendo,
273 4103 308 4156 ad
320 4104 463 4157 sanitatem
481 4104 600 4157 reduxit.

144 4202 194 4254 17.
208 4203 282 4255 lnter
294 4203 393 4257 multos
405 4216 472 4256 sane
484 4217 553 4270 quos
566 4205 696 4258 caecitate
717 4204 829 4271 depulsa
848 4207 998 4258 sanctitatis
1019 4207 1092 4260 illius
1105 4208 1241 4262 miseratio
1253 4216 1295 4262 est
1312 4211 1340 4264 in

108 4300 266 4369 Burgundia
286 4302 441 4355 illuminare
462 4302 582 4370 dignata,
596 4303 757 4356 alberadam
778 4306 916 4370 quandam
939 4306 1093 4372 mulierem,
1112 4321 1182 4374 quae
1202 4308 1262 4361 sine
1281 4309 1340 4361 risu

48 4401 87 4452 td
108 4397 191 4465 longo
202 4403 292 4451 autem
304 4404 426 4466 tempore
436 4400 524 4453 fuerat
533 4401 600 4467 visa,
611 4401 770 4468 videnteim]
781 4408 807 4454 et
819 4402 932 4454 multum
943 4403 1110 4457 exultantem
1121 4405 1225 4457 remisit
1234 4405 1269 4457 ad
1280 4421 1340 4471 pro·

105 4497 177 4566 pria,
191 4499 406 4565 parentibusque
425 4500 498 4551 illius
510 4506 621 4565 propter
634 4506 770 4567 receptam
784 4502 928 4553 sanitatem
943 4503 1088 4554 maximam
1104 4504 1252 4555 transmisit
1265 4506 1341 4557 laeti·

104 4597 182 4663 tiam,
200 4597 249 4665 qui
262 4601 373 4663 propter
385 4598 444 4664 ejus
456 4597 645 4651 infelicitatem
660 4600 775 4652 multam
789 4605 867 4652 antea
883 4601 956 4667 passi
971 4601 1079 4654 fuerant
1091 4603 1237 4655 tristitiam.
