3316 5482
168 329 236 395 390
513 342 640 396 caran.
662 343 764 395 cono.
783 343 959 395 naerens.
978 342 1058 396 nar.

167 515 242 581 tiam,
255 513 397 568 constricti
409 514 505 580 poenis
520 517 640 567 asancte
655 512 777 581 apostolo
795 512 955 579 daemones,
975 504 1128 568 miserrime
1143 519 1308 583 torquentes
1318 530 1393 585 quern

168 613 333 677 invaserant,
347 627 408 667 eum
423 613 481 668 rivo
494 613 637 683 sanguinis
649 626 699 679 per
711 625 741 667 os
754 612 788 666 ab
801 625 833 666 eo
846 616 1031 679 recessenrnt,
1043 611 1162 667 ulterius
1179 627 1238 669 non
1251 618 1393 672 reversuri.

168 717 254 769 ilomo
266 715 355 767 statim
369 714 470 768 cadens
490 714 519 767 in
539 713 635 767 faeiem
656 715 685 767 in
707 719 817 777 terram,
834 725 922 779 usque
940 725 1040 767 nonam
1054 714 1151 767 boram
1167 716 1254 770 veluti
1267 718 1397 772 exanimis

169 827 273 882 pronus
283 816 417 882 apparuit.
431 817 594 881 praeparato
606 827 671 869 vero
684 813 783 869 balneo
795 812 829 866 ad
842 813 1011 866 abluendum
1024 825 1134 882 eorpus,
1147 819 1179 868 ut
1191 816 1332 870 defunctis
1343 830 1397 872 taes

168 919 219 979 est,
232 917 259 968 et
270 912 382 968 sudario
403 914 557 981 ceterisque
578 913 700 967 defuncti
720 911 890 966 indumentis
907 924 970 964 curn
993 911 1103 972 feretro,
1122 918 1153 966 ut
1173 914 1349 982 sepeliretur,
1365 915 1423 971 adi

167 1014 283 1069 cadaver
294 1012 403 1077 delatis,
418 1019 531 1080 repente
543 1014 622 1079 quasi
635 1012 669 1066 de
688 1013 740 1066 levi
759 1024 856 1066 somne
874 1012 1007 1065 excitatus
1023 1012 1159 1078 prosilivit
1177 1027 1273 1068 sanus.
1289 1016 1356 1070 cibo
1370 1028 1400 1071 ae

170 1119 235 1182 potu
246 1117 395 1181 recreatus,
410 1113 443 1166 ad
457 1126 570 1166 sensum
591 1118 618 1166 et
638 1113 672 1166 ad
693 1113 836 1179 pristinam
854 1113 998 1165 sanitatem
1015 1117 1054 1165 est
1067 1125 1204 1180 reversus,
1218 1115 1402 1183 gaudentibus

168 1211 263 1265 amieis
283 1215 311 1264 et
331 1211 491 1277 parentibus
512 1212 653 1276 Deumque
674 1208 901 1278 glorificantibus.
928 1209 1095 1276 Dicebatque
1115 1223 1146 1263 se
1166 1212 1254 1266 titisse
1277 1214 1398 1268 vinetum

167 1312 271 1367 catenis
284 1324 299 1365 a
312 1323 409 1364 novem
423 1311 609 1376 aethiopibus,
622 1310 741 1376 quorum
753 1309 836 1362 facies
855 1315 932 1362 torva
944 1309 1129 1377 terribilisque
1150 1317 1290 1378 aspectus,
1303 1319 1330 1367 et
1346 1327 1403 1382 per·

168 1412 282 1465 ductum
294 1410 328 1464 ad
341 1423 372 1463 os
390 1409 531 1477 cujusdam
553 1408 676 1463 infinitae
696 1408 888 1476 premeditatis
909 1409 982 1476 putei
994 1408 1154 1478 damma[m]
1174 1424 1239 1466 curn
1252 1413 1340 1469 fetore
1358 1428 1402 1468 ex·
1417 1415 1444 1467 tt

171 1510 304 1575 balantis;
326 1508 418 1575 ibique
440 1520 469 1560 sc
488 1508 669 1574 praecipitare
690 1508 863 1573 conantibus,
887 1506 1025 1561 adstitisse
1047 1509 1099 1562 sibi
1121 1510 1284 1565 veneranda
1305 1514 1403 1567 eunitie

170 1610 270 1675 virum,
282 1608 404 1662 vestibus
415 1607 541 1660 vestitum
563 1607 651 1660 niveis
671 1612 698 1660 et
715 1619 817 1661 corona
839 1607 955 1674 gemmis
979 1608 1132 1674 composita
1150 1610 1282 1676 pretiosis
1294 1612 1404 1667 deeora·

172 1715 239 1777 tum,
253 1722 285 1763 ae
297 1709 326 1762 ln
338 1709 448 1762 dextera
460 1720 543 1760 manu
556 1706 611 1760 lilia
623 1711 786 1776 gestantem,
806 1707 972 1774 sinistraque
989 1709 1096 1762 Mauros
1112 1709 1187 1777 virga
1208 1709 1300 1765 ferrea
1317 1712 1406 1767 valide

170 1810 360 1864 verberantem
373 1809 401 1860 in
414 1805 558 1874 capitibus.
569 1807 624 1860 illis
641 1806 669 1858 in
688 1806 823 1872 profunda
840 1807 912 1873 putei
932 1806 1048 1861 maximo
1063 1808 1162 1862 timere
1179 1809 1254 1863 beati
1272 1811 1326 1865 viri
1339 1811 1406 1867 effu·

167 1898 249 1978 ¹pasis,
263 1907 326 1960 liliis
338 1913 448 1961 catenas
460 1906 589 1959 vinculati
602 1906 731 1974 tetigisse,
744 1911 770 1958 et
788 1918 834 1958 eas
853 1904 990 1972 disruptas
1007 1918 1072 1960 mox
1085 1906 1143 1961 fore
1155 1924 1164 1973 3
1177 1907 1289 1977 sibique
1299 1924 1408 1978 praece·
1423 1912 1452 1966 li

172 2009 245 2076 pisse
267 2007 364 2061 reverti
386 2007 415 2059 in
435 2018 560 2073 corpore,
583 2018 634 2058 nec
654 2004 770 2071 amplius
792 2004 1022 2058 inrationabiliter
1039 2004 1125 2072 pollui
1142 2008 1236 2061 carnis
1253 2009 1407 2077 veluptate,

172 2119 256 2174 seque
277 2106 367 2159 subito
388 2118 403 2157 a
424 2109 496 2157 terra
517 2103 677 2157 surrexisse.
701 2104 758 2168 ilie,
780 2103 903 2156 sanitatis
921 2116 1033 2171 compos
1052 2103 1176 2169 effeetus,
1195 2112 1292 2173 postea
1310 2109 1407 2163 multis

171 2206 301 2273 voluptati
315 2203 414 2258 deditis
427 2203 581 2269 exemplum
594 2203 781 2257 continentiae
801 2203 859 2268 fuit,
879 2207 907 2256 et
924 2204 999 2256 omni
1012 2201 1066 2257 vita
1079 2217 1127 2257 sua
1140 2210 1216 2260 easte
1228 2206 1338 2276 vivens,
1351 2222 1411 2278 gra·

172 2307 224 2360 tias
236 2311 263 2359 et
275 2304 372 2358 laudes
384 2303 498 2357 bomine
511 2303 643 2356 salvatori
656 2307 684 2355 ct
695 2303 775 2355 beato
789 2303 913 2368 apostolo
925 2303 989 2371 egit.

205 2408 256 2460 81.
270 2405 334 2474 [its]
347 2405 409 2457 Alio
422 2409 545 2470 tempore
557 2401 694 2470 quandam
707 2402 845 2467 miseram,
860 2402 1002 2455 nobilitate
1013 2403 1125 2469 superbi
1135 2406 1279 2473 sanguinis
1287 2406 1411 2474 glorian·
1427 2410 1459 2463 fb

174 2511 240 2571 tem,
258 2504 293 2558 de
313 2502 500 2556 Lemovicensi
524 2501 711 2566 contermino,
733 2513 832 2566 corpus
852 2513 933 2554 suum
955 2501 1055 2554 nimiae
1075 2502 1207 2568 voluptati
1229 2503 1412 2574 tradentem,

172 2603 361 2660 crudelissime
371 2602 505 2655 immundi
518 2601 628 2666 spiritus
641 2599 810 2666 invadentes,
824 2614 873 2666 per
887 2601 986 2654 multos
998 2599 1057 2653 dies
1069 2601 1215 2655 infeliciter
1227 2616 1291 2656 eam
1303 2607 1413 2660 erneia·

174 2708 246 2759 runt·
260 2706 334 2768 Quae
346 2700 476 2769 perducta
489 2714 504 2754 a
516 2701 572 2753 suis
592 2699 685 2766 pueris
706 2697 740 2752 ad
763 2701 920 2767 sepulerum
940 2700 1051 2766 pretiosi
1070 2700 1208 2769 biartialis,
1222 2702 1331 2770 absque
1343 2705 1413 2759 dila·

175 2806 249 2860 tione
262 2810 325 2857 ante
338 2808 462 2856 sanetum
475 2801 560 2854 altare
568 2800 627 2868 elus
635 2800 663 2851 in
671 2801 762 2866 speeie
770 2800 920 2852 carbonum
928 2800 998 2868 ignis
1008 2805 1141 2854 exeuntes
1151 2813 1212 2854 earn
1222 2801 1411 2873 reliquerunt,

175 2905 309 2959 abeuntes
322 2915 385 2955 cunr
400 2913 524 2954 maerore
537 2907 565 2952 et
577 2898 709 2966 bejulatu.
723 2901 796 2962 Quae
804 2899 919 2952 sanitate
931 2903 1067 2966 percepta,
1081 2898 1251 2953 benedicens
1263 2904 1364 2973 beurn,
1375 2904 1409 2957 ad
1426 2907 1461 2958 25

28 3012 131 3082 ‘quoa
176 3005 285 3071 propria
298 3007 339 3055 est
352 3013 482 3069 regressa.
498 3003 506 3019 ·

1 3081 161 3201 “2³3ng
209 3102 264 3154 82.
277 3101 335 3154 Alio
348 3101 412 3151 item
432 3097 521 3150 reditu
540 3096 670 3163 temporis
686 3097 842 3162 vespertina
860 3097 953 3164 synaxi
977 3109 1039 3149 eum
1058 3100 1144 3149 matre
1161 3099 1273 3165 propria
1292 3101 1412 3166 quidam

19 3185 133 3282 fortuni
177 3201 309 3269 puerulus
321 3198 355 3252 ad
368 3201 492 3251 sanctum
504 3195 656 3262 apostolum
668 3196 828 3260 deveniens,
840 3204 914 3264 rogat
925 3197 1068 3251 oculorum
1081 3197 1226 3265 caliginem
1236 3210 1252 3250 a
1262 3212 1292 3252 se
1304 3200 1413 3254 abster-

4 3281 153 3400 avlggum
177 3303 202 3370 gi
215 3322 221 3356 :
235 3301 324 3355 fuerat
343 3300 417 3352 enim
439 3311 488 3364 per
509 3296 708 3362 correptionem
731 3297 819 3350 morbi
844 3297 965 3362 privatus
987 3297 1148 3355 luminibus.
1167 3299 1283 3364 lloxque
1304 3299 1411 3365 lucem,

97 3385 104 3399 ⁶
176 3414 259 3468 quam
272 3400 354 3466 pestis
367 3397 525 3460 abstulerat,
536 3397 621 3448 virtus
637 3394 735 3447 medici
748 3401 881 3448 restaurat
894 3394 1040 3463 magnifici.
1428 3403 1461 3455 sp

207 3500 262 3553 83.
276 3499 359 3566 Alius,
373 3497 516 3550 infeliciter
528 3496 616 3561 eapite
637 3496 751 3548 tumenti
772 3495 923 3549 accidentia
936 3496 1056 3562 pestiferi
1068 3497 1178 3560 veneni,
1189 3495 1254 3549 dum
1265 3496 1302 3550 de
1315 3501 1410 3553 ancti

176 3600 227 3652 viri
246 3598 362 3664 sepulcri
381 3609 495 3649 accensa
514 3607 575 3647 cera
596 3607 679 3660 super
699 3596 773 3646 virus
793 3597 928 3662 apposuit,
950 3595 1022 3650 dieto
1041 3597 1130 3659 eitius,
1153 3608 1220 3649 sana
1240 3602 1316 3663 cute,
1333 3600 1412 3666 quod

178 3699 292 3753 noxium
305 3710 402 3762 nuper,
415 3696 528 3761 deputat
540 3694 684 3746 innoxium
695 3695 751 3760 jam
764 3694 872 3747 vulnus.

209 3798 265 3850 84.
277 3797 341 3851 Novi
354 3795 494 3848 castellum
506 3794 709 3860 Lemovicensc,
721 3794 767 3846 ubi
781 3795 809 3846 in
824 3794 967 3847 festivitate
979 3795 1065 3860 ipsius
1074 3794 1283 3850 aedificantibus
1293 3795 1412 3852 domum

176 3903 204 3951 et
227 3896 413 3950 laborantibus
432 3895 573 3960 operariis.
587 3893 801 3962 belligeratriees
821 3894 979 3960 phantasiae
999 3895 1165 3948 daemonum
1189 3896 1299 3950 irruunt
1322 3912 1409 3966 super
1427 3902 1461 3953 bb

177 3999 268 4064 ipsos,·
281 4009 350 4064 quos
369 3996 428 4048 sine
446 4006 521 4046 mora
540 3994 676 4060 proiciunt
693 4006 709 4046 a
727 3994 847 4061 fastigiis.
861 3999 888 4046 et
906 3999 960 4047 tam
980 3992 1091 4048 domum
1113 4008 1196 4062 quam
1216 3995 1415 4053 aedificatores

177 4097 285 4162 penitus
296 4093 437 4148 collidunt.
449 4092 578 4146 ilomines
595 4105 659 4145 vero
672 4092 892 4145 exclamaverunt
904 4092 1070 4159 adjutorium
1083 4095 1169 4147 sancti
1183 4095 1326 4149 ltartialis.
1343 4097 1415 4152 lnde

178 4208 234 4249 non
247 4198 311 4247 sunt
323 4193 422 4246 mortui
433 4205 441 4254 3
454 4191 502 4243 sed
519 4191 562 4242 vix
575 4196 636 4256 post
647 4191 757 4257 longum
771 4192 949 4244 incolumitati
963 4197 1027 4244 sunt
1037 4193 1164 4245 restituti.

212 4294 267 4346 85.
280 4296 351 4345 llaec
363 4291 489 4343 videlicet
500 4289 643 4342 celebritas
656 4291 684 4341 in
697 4289 869 4355 depositione
881 4290 1005 4357 ejustlem
1019 4291 1132 4357 piissimi
1145 4292 1267 4347 doctoris
1278 4293 1415 4363 frequen-

178 4397 250 4445 tatur
262 4392 348 4458 pridie
361 4389 490 4442 kalendas
499 4388 664 4454 iulii.Quam
679 4388 842 4441 relatu-atam
855 4402 870 4441 a
885 4387 1013 4442 fidelibus
1025 4389 1078 4442 alio
1091 4390 1272 4445 nibilominus
1284 4399 1416 4463 tempore
1434 4400 1467 4453 lb

178 4490 314 4556 quoddam
329 4486 490 4541 miraculum
503 4486 614 4539 exbibet
625 4485 781 4539 clariorem.
792 4490 858 4539 ,iam
872 4486 900 4539 in
913 4489 1000 4541 sancti
1014 4489 1100 4554 ipsius
1113 4487 1235 4553 praedio.
1258 4494 1336 4558 quod
1350 4494 1419 4548 dici.
