3278 5482
251 317 314 382 158
597 331 721 380 caran.
741 329 842 380 conn.
863 329 1038 380 anoroan.
1056 331 1137 380 nar.

250 502 335 557 secutl
348 505 513 569 subtusque
525 499 676 568 adsilvam,
690 500 718 554 in
731 513 785 567 qua
796 500 922 554 laborare
935 507 1153 568 consueverant3
1166 506 1193 555 et
1203 515 1254 567 per
1263 514 1384 572 magnam
1395 505 1419 556 ml

248 602 394 656 ricordiam
407 608 435 656 et
446 602 573 657 virtutem
586 600 692 654 bomini
705 600 792 655 nostri
804 602 868 654 iesu
880 601 977 653 Christi
991 605 1072 667 alque
1084 600 1300 667 perorationem
1313 608 1339 657 et
1349 603 1419 671 deora

249 701 354 754 tionem
368 699 462 755 famuli
476 699 520 753 sui
532 699 618 753 sancti
631 698 758 753 Leonorii
773 704 956 765 reppererunt
967 702 1051 752 totam
1065 699 1160 753 silvam
1174 700 1248 753 illam
1262 700 1292 754 ln
1304 715 1376 756 mare
1387 702 1419 756 tur

247 803 292 853 tus
309 801 446 866 jactatam,
471 803 499 852 et
521 799 590 852 nibil
614 799 643 851 in
666 797 763 852 eodem
787 810 883 865 campo
908 805 964 852 toto
989 799 1130 864 remansit,
1153 812 1204 853 nec
1224 801 1365 866 spinamm
1384 815 1419 855 nel

245 899 407 953 tribulorum
421 905 448 951 et
465 911 555 966 neque
575 898 694 952 ullorum
707 898 833 951 holerum
845 898 958 965 aliquid,
973 898 1048 965 qnod
1060 897 1288 965 impedimentum
1301 900 1419 955 iecissets

247 996 309 1050 culo
331 1010 382 1051 nec
402 1001 502 1051 aratro.
526 995 626 1050 videns
646 1001 737 1050 autem
760 1001 871 1050 sanctus
892 996 1044 1050 Leonorius
1066 1010 1122 1049 una
1140 1010 1203 1050 cum
1215 999 1273 1051 suis
1285 999 1419 1053 iratribus}

246 1095 352 1166 grande
372 1097 536 1150 miraculum
555 1108 571 1148 a
592 1096 707 1150 bomino
727 1098 792 1149 iesu
816 1097 921 1150 christo
940 1110 989 1162 pro
1002 1097 1042 1150 eis
1055 1097 1166 1163 lactum,
1178 1099 1322 1164 prostratis
1333 1099 1362 1151 in
1372 1104 1419 1152 terr

245 1196 373 1265 genibus,
387 1210 449 1251 cum
463 1210 561 1265 magna
574 1197 764 1263 admiratione,
778 1211 840 1250 cum
852 1197 952 1265 gaudio
964 1210 1073 1264 magno,
1087 1198 1166 1263 proni
1179 1197 1362 1253 adoras-crunt
1373 1211 1419 1252 eun

243 1294 426 1350 laudaverunt
438 1295 526 1363 illum,
540 1295 736 1350 benedicentes
749 1309 850 1350 nomen
863 1297 923 1364 ejus
935 1300 1069 1361 sanctum,
1083 1297 1120 1350 ita
1132 1295 1256 1351 dicentes
1269 1314 1276 1350 ι
1290 1298 1419 1352 Beuedic

245 1407 287 1461 cs,
300 1394 430 1448 Domine
439 1396 522 1448 Deus
528 1396 663 1462 patrum
674 1396 864 1460 uestrorum,
877 1397 906 1448 et
917 1393 1090 1448 laudabilis
1107 1397 1137 1448 et
1150 1396 1308 1464 alariosus
1325 1399 1354 1451 et
1372 1409 1419 1464 sup

244 1494 407 1563 cuaitatus
420 1493 606 1562 insaecula,
619 1496 648 1548 et
665 1493 857 1555 benedictum
868 1506 981 1548 reomau
997 1494 1076 1548 Filii
1093 1494 1143 1547 tui
1158 1495 1394 1550 Domiuiuostri
1402 1495 1419 1549 i

249 1593 367 1651 curisti
378 1608 450 1650 cum
458 1597 568 1650 saucio
576 1594 697 1663 Spiritu
703 1608 764 1663 per
777 1594 908 1663 infinita
917 1596 1047 1650 saecula
1059 1596 1269 1650 saeculorum.
1278 1598 1385 1651 Amen.
1398 1600 1419 1651 rt

248 1700 339 1747 autem
360 1693 483 1748 oratione
503 1693 642 1747 elevantes
663 1707 692 1746 se
714 1706 730 1747 a
751 1698 833 1760 terra,
855 1694 983 1747 viderunt
1001 1699 1139 1748 natantem
1161 1694 1257 1747 siluam
1275 1701 1303 1749 et
1319 1696 1419 1764 coagita

249 1805 332 1859 super
344 1805 429 1857 mare,
441 1792 513 1845 sicut
524 1804 647 1857 anseres,
661 1790 745 1844 llante
759 1796 854 1859 vento,
869 1792 898 1845 in
912 1791 1042 1859 flumine3
1056 1797 1082 1846 et
1095 1793 1131 1845 ita
1144 1797 1230 1846 totam
1242 1793 1317 1847 diem
1328 1792 1419 1847 duxeri

249 1891 317 1944 nillil
336 1891 412 1945 aliud
434 1891 566 1945 iacientes
587 1891 640 1944 nisi
659 1893 746 1944 beum
768 1890 911 1945 laudantes
929 1897 956 1945 et
976 1893 1112 1953 mirabilia
1124 1905 1207 1959 opera
1224 1893 1285 1960 ejus
1303 1906 1367 1946 cum
1378 1906 1419 1946 ma

248 1995 359 2057 stupore
371 1991 400 2044 in
413 1997 545 2057 quantum
558 1995 685 2057 poterant
697 1991 874 2046 admirantes.

281 2092 327 2144 11.
341 2092 388 2144 bie
409 2096 499 2144 aulem
521 2091 652 2158 crastina,
667 2096 727 2158 post
749 2093 897 2145 matutinas
910 2091 1015 2159 laudes,
1028 2093 1117 2159 primo
1129 2106 1210 2146 mane
1223 2092 1257 2146 ad
1270 2107 1419 2161 campnmc

247 2190 370 2244 lossoriis
382 2194 408 2243 et
420 2189 534 2242 sarculis
547 2195 738 2257 perrexerunt,
748 2196 776 2244 et
785 2204 834 2258 per
846 2191 1047 2245 invocationem
1060 2197 1087 2245 et
1096 2192 1228 2245 auxilium
1241 2197 1350 2246 sanctae
1363 2194 1419 2246 'lrir

249 2289 283 2341 tis
294 2293 445 2355 coeperunt
455 2288 580 2340 certatim
592 2288 761 2341 unanimiter
773 2287 877 2342 tudere.
896 2291 927 2341 ut
946 2290 996 2344 boo
1014 2303 1062 2356 per
1074 2295 1130 2343 tres
1142 2291 1310 2356 septimanas
1331 2291 1419 2344 fortite

248 2388 308 2442 sine
320 2387 535 2455 intermissione,
550 2388 602 2440 nisi
615 2391 721 2441 tantum
734 2389 845 2456 quando
853 2390 976 2443 membra
988 2402 1037 2443 sua
1046 2390 1119 2443 nocti
1130 2390 1276 2444 tradebant
1289 2388 1419 2458 requimo

249 2488 346 2543 sedulo
368 2489 503 2542 iecerunt.
526 2490 621 2542 Postea
640 2501 705 2542 vero
727 2489 769 2541 iris
788 2490 876 2542 tribus
898 2489 1116 2543 hebdomadibus
1137 2489 1221 2542 linitis
1241 2494 1419 2558 coeperunt1

110 2613 121 2637 .
156 2609 163 2623 ·
180 2651 188 2667 ι
251 2588 337 2641 nimio
351 2587 445 2642 labore
455 2587 612 2654 jacescere'
625 2591 707 2654 atque
719 2588 885 2654 contristari,
899 2592 926 2640 et
937 2588 1124 2654 cogitaverunt
1141 2591 1220 2640 nocte
1233 2587 1419 2654 supercrescit

247 2686 387 2756 magistro.
410 2686 529 2754 Angelus
551 2691 641 2739 autem
663 2686 770 2739 bomini
791 2687 865 2740 vonit
885 2684 919 2739 ad
940 2690 1065 2739 sanctum
1077 2685 1242 2738 Leonorium
1256 2690 1282 2738 et
1294 2684 1419 2738 indicarit

244 2785 318 2856 quod
332 2787 430 2840 iratres
443 2787 484 2839 sui
498 2786 593 2854 ltrgcre
607 2786 641 2838 de
660 2785 706 2839 illo
722 2786 887 2854 cogitabant,
904 2799 954 2852 pro
973 2786 1043 2840 duro
1062 2786 1155 2839 labore
1167 2798 1251 2852 quem
1264 2785 1384 2851 amplius
1395 2799 1419 2838 st

242 2901 311 2942 uere
323 2901 381 2942 non
393 2892 530 2954 poterant.
544 2889 659 2940 sanctus
670 2891 762 2940 autem
775 2887 935 2954 iconomus,
945 2887 996 2940 boc
1009 2885 1133 2953 audiens,
1144 2886 1321 2939 contristatus
1334 2890 1374 2939 est
1383 2884 1419 2939 vai

241 2993 268 3042 et
280 2989 371 3054 coepit
392 2988 537 3041 lacrimosa
556 2999 622 3041 soce
643 2985 753 3040 dicore:
775 2986 904 3040 Doruiue
924 2988 1005 3040 Deris
1026 2985 1228 3053 omnipotens,
1236 2987 1333 3052 pater
1351 2986 1419 3039 Dom

243 3088 347 3142 uestri
358 3088 431 3142 Iesu
446 3086 571 3155 Christi,
582 3086 638 3154 qui
648 3099 697 3140 me
708 3099 806 3154 usque
821 3087 910 3142 modo
928 3087 967 3141 ab
988 3085 1130 3142 omuibus
1145 3085 1302 3153 periculis
1322 3084 1419 3139 libera

244 3187 425 3242 exaudime
442 3186 585 3240 attribue
605 3185 686 3240 milri
699 3199 762 3254 per
782 3188 870 3241 tuam
881 3189 1026 3241 sanctam
1045 3185 1298 3240 misericordiam
1310 3184 1419 3239 auxili

242 3288 336 3353 atque
349 3288 437 3340 tuum
444 3286 655 3355 praesidium,
674 3289 703 3341 ct
723 3286 877 3355 confirma
895 3287 991 3341 corda
1009 3285 1152 3354 fratrum
1169 3288 1351 3339 uestrorum
1369 3284 1419 3337 ius

242 3384 306 3453 fide
316 3387 346 3438 et
360 3385 393 3437 in
406 3387 458 3440 tuo
470 3385 606 3452 seruitio,
619 3398 658 3438 ue
669 3385 819 3440 iuimicus
828 3387 953 3455 perieris
965 3384 1099 3440 humaui
1112 3385 1213 3440 iocum
1227 3384 1310 3437 iuter
1323 3384 1396 3439 iilos
1402 3398 1419 3453 p

242 3485 285 3537 sii
305 3482 426 3538 labere.
447 3487 529 3537 Nocte
550 3484 632 3552 igitur
653 3485 784 3552 insecuta,
807 3499 871 3539 ecce
892 3487 1005 3554 angelus
1025 3485 1131 3538 bomini
1153 3484 1281 3551 apparuit
1298 3485 1334 3551 oi,
1356 3483 1418 3537 dice

243 3584 352 3637 Sancte
362 3583 503 3649 Moneri,
515 3582 695 3651 confortare
706 3588 735 3639 et
746 3585 969 3654 estorobustus,
977 3585 1124 3652 quoniam
1140 3582 1295 3637 exaudita
1314 3585 1360 3637 est
1372 3583 1419 3651 dep

243 3683 325 3737 catio
337 3686 393 3736 tua
404 3686 434 3737 et
447 3683 600 3738 lacrimae
612 3687 685 3738 tuac
696 3683 896 3739 obtinuerunt
908 3685 989 3751 quod
1012 3683 1199 3753 impetrasti.
1213 3682 1380 3751 Praecepit
1392 3695 1419 3737 er

244 3779 301 3834 tibi
311 3783 461 3837 Dominus
472 3786 502 3838 et
511 3783 660 3850 mapister
671 3785 747 3837 tuus
755 3784 844 3838 Jestts
855 3782 994 3838 Christus
998 3784 1081 3851 jupa
1092 3795 1149 3837 sem
1164 3784 1360 3850 opereatque
1369 3794 1419 3835 om

243 3882 394 3935 utensilia
407 3885 525 3937 terram
540 3896 637 3938 arare
655 3884 889 3952 cortaeuieniia,·
909 3886 1028 3952 ctpoue
1045 3897 1083 3938 ea
1096 3884 1130 3936 iu
1141 3895 1286 3950 euripum
1299 3881 1384 3935 uude
1395 3896 1419 3935 sl

243 3980 279 4034 iu
288 3994 377 4034 more
387 3980 451 4049 fuit
466 3983 616 4050 proiecta,
639 3986 668 4037 et
689 3983 733 4038 ibi
749 3983 866 4037 videbis
877 3985 999 4051 prande
1012 3984 1204 4037 uiiraculum
1216 3981 1255 4034 ab
1267 3980 1419 4054 amm'pote

243 4081 303 4136 Deo
309 4083 440 4148 propter
460 4084 489 4136 te
508 4083 543 4136 iu
561 4085 648 4137 terra
667 4083 799 4153 factum,
820 4087 855 4137 ut
866 4086 896 4138 ei
912 4084 1101 4149 nomenoius
1118 4082 1160 4136 sit
1172 4082 1256 4134 iuter
1269 4079 1412 4135 homiues

243 4182 338 4235 istam
350 4182 505 4249 repiouem
519 4183 685 4237 laudatum
698 4187 792 4252 alque
802 4184 1003 4238 benedictum.
1018 4184 1065 4236 lllc
1078 4187 1179 4248 autem,
1193 4194 1209 4234 a
1223 4193 1320 4235 somno
1333 4182 1418 4249 erigii

245 4280 295 4334 lroc
307 4282 380 4348 quod
396 4282 509 4335 uidisset
520 4282 650 4336 iratribus
671 4296 719 4350 per
739 4283 864 4337 ordinem
882 4284 1029 4349 enarravit,
1043 4287 1124 4350 alque
1139 4283 1210 4335 sicut
1221 4281 1261 4333 illi
1272 4281 1383 4347 iussum
1397 4287 1419 4335 at

243 4385 418 4446 praeceptum
431 4386 472 4433 est
483 4381 517 4433 ab
531 4382 638 4449 angelo,
652 4383 688 4434 ila
698 4383 771 4450 lecit,
794 4388 821 4434 et
839 4385 920 4449 jussit
941 4384 986 4436 illa
999 4382 1101 4449 portari
1115 4383 1143 4434 in
1156 4393 1294 4446 campum,
1305 4380 1385 4447 juxta
1399 4395 1417 4447 p

242 4484 351 4545 ceptum
365 4481 481 4533 bomini.
503 4483 580 4533 bane
602 4485 694 4534 autem
714 4487 776 4548 post
796 4483 943 4536 matutinas
963 4483 1059 4535 laudes
1080 4481 1153 4534 foras
1174 4481 1279 4546 exiens,
1301 4479 1373 4532 vidit
1393 4480 1419 4532 ln

242 4592 339 4646 campo
350 4580 494 4635 duodecim
516 4593 611 4635 cervos
631 4582 828 4649 grandissimos
842 4586 961 4650 stantes3
976 4586 1003 4635 et
1014 4593 1088 4635 unus
1101 4593 1198 4635 ceruus
1207 4578 1317 4646 lacebat
1329 4579 1407 4634 inter
