3316 5482
370 358 372 369 ’
436 372 530 422 orsu.
549 372 632 423 nur.
651 373 767 423 runis.
790 392 832 405 -
847 373 1002 424 arruun.
1023 373 1070 423 uu
1087 373 1164 424 con.
1183 371 1259 422 sarr.
1409 358 1476 425 439

238 544 379 608 vitamque
399 540 554 607 perscripsi.
573 540 638 604 Quis
659 541 733 593 enim
755 540 823 594 adeo
843 540 949 593 ferreus
970 543 1052 605 esset,
1071 544 1101 592 ut
1123 540 1196 592 bunc
1218 552 1274 591 non
1295 538 1475 591 vehementer

239 647 322 705 amet,
337 654 392 694 non
415 641 506 707 cupiat
519 640 628 705 imitari,
642 654 698 693 non
717 640 833 708 egregiis
851 641 910 706 ejus
922 641 1067 693 uirtutibus
1085 641 1242 693 excitetur?
1253 639 1324 692 Nibil
1343 652 1474 706 umquam

239 744 289 795 fuit
311 741 454 808 antiquius
466 741 611 807 potiusque
625 754 708 807 quam
721 741 788 793 mibi
801 742 966 794 sanctissimi
979 741 1028 794 viri
1041 753 1131 793 mores
1150 740 1261 792 imitari.
1275 743 1343 792 Turn
1361 752 1474 792 venera·

237 842 312 894 tione
325 840 446 906 quadam
459 851 540 905 quam
552 852 662 905 semper
673 839 804 892 adversus
816 841 905 905 ipsum
919 839 1011 904 babui,
1023 844 1081 892 tum
1094 839 1136 892 vel
1148 839 1230 891 etiam
1242 838 1269 890 id
1281 839 1344 903 Jure
1353 837 1474 904 quodam

207 942 223 994 5
237 940 270 993 ad
283 942 344 1007 ejus
354 941 437 992 vitam
449 938 672 1005 perscribendam
682 952 726 991 mc
736 939 834 1006 coegit.
842 942 907 991 liam
918 951 980 992 cum
992 940 1110 1006 genitrix
1119 940 1149 990 in
1166 952 1209 991 me
1218 936 1326 991 edendo
1335 938 1365 989 in
1374 950 1471 1002 magno

236 1040 399 1094 discrimine
420 1043 585 1100 versaretur,
604 1038 684 1091 beato
707 1038 829 1105 Philippo
852 1039 925 1092 uouit
945 1036 1078 1105 quidquid
1099 1043 1208 1104 pareret
1228 1037 1252 1090 ei
1273 1036 1470 1089 dedicaturum.

236 1145 277 1195 lle
290 1142 384 1207 itaque
396 1139 509 1205 peperit,
523 1137 602 1203 eique
614 1136 757 1190 dedicavit.
772 1138 953 1202 Quamobrem
974 1137 1071 1189 merito
1090 1149 1201 1197 omnem
1213 1148 1325 1202 operam
1349 1135 1472 1202 Philippo

235 1241 336 1306 debeo,
350 1239 396 1306 qui
417 1251 461 1290 rue
480 1236 512 1289 ad
535 1238 605 1289 banc
617 1237 717 1300 lucem,
730 1251 784 1304 qua
797 1238 883 1298 fruor,
897 1250 931 1290 ex
943 1237 1040 1288 mortis
1053 1236 1177 1289 faucibus
1189 1235 1328 1302 evocavit,
1341 1239 1368 1288 et
1380 1246 1472 1300 quam·

234 1353 318 1407 quam
333 1350 410 1391 meae
422 1338 494 1389 vires
507 1336 542 1389 ad
553 1337 668 1404 gratiam
686 1337 858 1389 referendam
879 1336 970 1389 minus
989 1335 1114 1388 sufficere
1128 1314 1273 1387 videantur
1285 1351 1293 1400 ;
1307 1346 1378 1400 quae
1396 1333 1470 1385 enim

191 1446 218 1497 lo
238 1453 288 1508 par
300 1439 385 1507 gratia
397 1436 492 1490 referri
506 1440 594 1502 potest
606 1437 642 1501 ei,
655 1437 703 1502 qui
725 1437 805 1488 uitam
819 1437 954 1490 contulit?
967 1442 1069 1501 tamen,
1083 1448 1118 1487 ne
1141 1433 1344 1502 ingratitudinis
1355 1433 1471 1485 crimine

236 1551 393 1602 accusarer,
406 1550 455 1603 pro
475 1549 535 1589 mea
547 1536 623 1589 tenui
644 1536 772 1589 facultate
791 1537 874 1589 vitam
895 1538 955 1601 ejus
976 1536 1010 1589 ab
1031 1535 1092 1588 aliis
1113 1534 1173 1587 rudi
1192 1547 1320 1588 sermone
1338 1533 1470 1602 digestam

235 1640 329 1706 aliquo
341 1637 488 1690 verborum
501 1635 648 1703 splendore
661 1643 816 1702 ornatuque
829 1635 1052 1702 perscribendam
1065 1635 1172 1688 censui.
1186 1637 1217 1687 Et
1230 1647 1397 1701 quamquam
1413 1645 1469 1686 non

237 1752 271 1793 ea
284 1736 482 1791 sententiarum
494 1735 635 1802 grauitate,
649 1749 719 1802 quae
732 1737 761 1787 in
773 1741 848 1788 tanto
862 1735 964 1802 talique
975 1735 1033 1787 viro
1052 1735 1181 1802 exigitur,
1194 1747 1260 1787 usus
1278 1733 1339 1799 sim,
1353 1733 1469 1799 Philippi

235 1844 328 1890 tamen
340 1836 487 1889 auctoritas
505 1835 578 1902 quod
600 1835 688 1887 deerit
706 1834 838 1900 implebit.
858 1838 952 1901 Neque
974 1834 1049 1888 enim
1063 1835 1203 1902 ingenium
1217 1847 1319 1900 meum,
1333 1847 1348 1886 a
1362 1832 1469 1901 magnis

187 1939 219 1990 lo
236 1933 459 1999 difficillimisque
471 1933 553 1986 rebus
573 1932 653 2000 longe
673 1933 803 1995 alienum,
817 1932 890 1985 aliud
902 1932 1009 1985 effluere
1029 1936 1117 1997 potest
1128 1931 1202 1998 quod
1215 1936 1289 1984 tanta
1305 1931 1356 1983 viri
1369 1931 1469 1984 sancti-

235 2036 330 2090 monia
342 2033 455 2102 dignum
467 2033 600 2086 uideatur.
614 2034 678 2096 Quis
690 2033 774 2099 enim,
787 2046 891 2085 annum
908 2040 1014 2085 sextum
1026 2031 1269 2099 decimum'ageus,
1282 2036 1387 2084 tantam
1407 2044 1467 2098 pro·

236 2135 355 2188 vinciam
367 2133 433 2186 uelit
445 2145 584 2186 assumere
596 2134 608 2184 t
621 2132 803 2196 Quamobrem
816 2133 840 2184 si
853 2131 919 2198 quid
932 2137 979 2184 aut
991 2130 1157 2186 abolendum
1170 2137 1217 2184 aut
1230 2130 1386 2185 addendum
1404 2130 1466 2197 erit,

236 2239 285 2287 tuo
305 2233 463 2302 gravissimo
479 2231 593 2299 judicio,
616 2232 847 2298 praestantissime
866 2237 943 2297 pater
967 2231 1109 2297 nostrique
1130 2230 1235 2284 ordinis
1257 2230 1413 2285 moderator
1436 2244 1468 2284 ac

236 2339 335 2401 rector,
350 2332 437 2399 trado,
449 2336 480 2385 ut
492 2330 566 2398 quod
579 2336 653 2385 aetas
665 2344 727 2384 mea
739 2330 846 2384 efficere
856 2344 913 2383 non
925 2331 1022 2398 potuit,
1037 2335 1082 2383 tua
1101 2331 1196 2396 peritia
1209 2336 1234 2383 et
1246 2331 1362 2397 gravitas
1377 2331 1467 2398 singu·

187 2436 224 2489 20
243 2433 308 2486 laris
318 2432 450 2485 absolvat.
461 2432 531 2484 illud
543 2445 629 2484 uuum
643 2437 669 2483 te
685 2432 766 2483 etiam
779 2436 861 2496 atque
873 2431 954 2483 etlam
967 2442 1025 2495 oro,
1039 2436 1069 2482 ut
1086 2443 1135 2496 pro
1150 2436 1194 2482 tua
1207 2431 1279 2483 celsa
1301 2438 1329 2483 et
1340 2430 1427 2498 prima
1440 2432 1468 2483 in

235 2536 332 2585 nostro
345 2532 441 2584 ordine
462 2529 593 2598 dignitate
614 2530 682 2582 nibil
705 2531 822 2592 omittas,
837 2543 900 2582 cum
912 2530 1009 2595 possis,
1023 2530 1056 2582 ad
1074 2534 1179 2582 tantum
1194 2531 1280 2582 vimm
1295 2543 1344 2596 pro
1363 2532 1468 2585 meritis

232 2631 430 2685 decorandum.
444 2634 503 2684 Non
515 2633 575 2697 ejus
587 2644 669 2684 causa
681 2629 797 2684 dixerim
811 2647 816 2682 :
829 2631 851 2682 is
864 2631 939 2683 enim
951 2631 1015 2683 satis
1027 2630 1055 2681 in
1068 2634 1180 2682 aelerna
1193 2630 1279 2697 gloria
1292 2631 1391 2698 laudis,
1403 2633 1467 2686 satis

232 2732 386 2797 splendoris
398 2737 425 2785 et
443 2731 583 2799 dignitatis
595 2732 693 2796 babet3
710 2731 757 2784 sed
770 2737 799 2784 ut
817 2730 884 2785 ordo
904 2726 1007 2795 noster,
1021 2732 1099 2796 qu‘us
1111 2732 1120 2750 '
1133 2731 1256 2784 habenae
1270 2736 1332 2785 tuae
1344 2734 1461 2798 pruden·
1490 2737 1500 2757 ·

232 2833 287 2885 tiae
301 2833 461 2885 commissae
473 2836 546 2895 sunt,
561 2832 715 2884 immortale
727 2831 812 2884 decus
824 2837 1018 2898 consequatur.
1032 2831 1108 2894 Quod
1122 2832 1144 2884 si
1157 2830 1263 2897 feceris,
1278 2829 1338 2898 ipso
1351 2832 1420 2886 duce
1439 2839 1467 2886 et

187 2935 216 2986 ’,ὅ
233 2936 346 2985 auctore
362 2932 537 2997 omnipotens
555 2937 581 2983 et
600 2931 761 2984 immortalis
774 2933 845 2983 Deus
857 2936 884 2983 te
902 2931 1033 2996 sospitem
1051 2935 1132 2997 atque
1145 2931 1310 2983 incolumem
1323 2945 1466 2987 conserva·

232 3031 284 3095 bit,
298 3036 328 3083 ut
340 3031 415 3083 omni
435 3028 525 3082 studio
546 3043 666 3095 curaque
681 3043 789 3097 gregem
801 3033 878 3082 tuum
899 3028 933 3082 ad
954 3029 1088 3082 directum
1103 3029 1153 3081 iter
1171 3030 1289 3096 dirigere
1302 3044 1396 3098 queas.
1410 3036 1466 3087 iloc

233 3129 316 3196 igitur
328 3128 532 3192 munusculum,
545 3133 576 3181 ut
588 3129 682 3181 solitae
695 3134 757 3181 tuae
771 3129 946 3181 humanitatis
958 3129 1175 3195 clementiaeque
1193 3142 1301 3195 semper
1313 3131 1416 3183 exstitit
1433 3146 1465 3185 er

232 3227 332 3279 animis
343 3228 392 3281 tibi
414 3228 609 3293 deditissimus,
623 3230 746 3294 accipere
759 3241 816 3281 non
829 3241 948 3281 recuses
962 3228 1038 3292 Quod
1051 3229 1072 3280 si
1096 3228 1269 3295 amplitudini
1282 3235 1345 3283 tuae
1358 3238 1463 3299 gratum

233 3328 319 3381 fuisse
340 3341 462 3392 sensero,
477 3329 574 3381 reddes
592 3342 635 3380 me
656 3329 786 3381 nimirum
800 3329 834 3380 ad
854 3329 921 3381 baec
940 3328 1029 3381 studia
1042 3329 1113 3381 bene
1134 3330 1257 3383 navanda
1279 3330 1464 3386 ardentiorem

187 3430 215 3480 50
230 3439 335 3493 eroque
347 3432 457 3480 tuarum
470 3428 581 3480 laudum
594 3429 696 3494 ubique
711 3428 833 3495 gentium
852 3428 1031 3494 praedicator.
1044 3427 1108 3482 vale
1130 3429 1253 3493 feliciter,
1268 3433 1346 3484 Pater
1357 3433 1465 3499 amplis·

231 3526 303 3579 sime
315 3524 530 3593 dignissimeque
543 3527 694 3580 Generalis.

327 3723 434 3789 Beati
455 3727 610 3801 Philippi
631 3728 711 3788 vita
730 3742 795 3800 per
817 3729 967 3788 eundem
989 3732 1028 3788 F.
1049 3731 1202 3789 Paulum
1227 3729 1380 3803 digesta.

267 3923 295 3974 1.
315 3922 437 3988 Philippo
449 3935 548 3988 parens
561 3921 612 3975 fuit
623 3922 750 3986 lacobus,
764 3922 830 3974 civis
852 3922 1036 3988 Florentinus,
1047 3936 1150 3990 genere
1164 3923 1280 3989 nobilis;
1295 3925 1343 3991 qui
1356 3926 1463 3978 tametsi

233 4034 290 4074 non
301 4022 358 4086 pari
368 4021 515 4087 splendore
522 4022 737 4088 auctoritateque
747 4023 775 4073 iu
785 4020 947 4088 rep[ubliea]
957 4022 1047 4083 fuerit,
1058 4023 1244 4087 perhumanus
1254 4028 1345 4077 tamen
1356 4026 1463 4079 babitus

187 4122 214 4174 iii
230 4124 273 4173 est
280 4120 469 4186 imprimisque
478 4120 608 4173 liberalis.
621 4123 703 4173 llater
712 4122 772 4186 ejus
783 4134 846 4173 curu
852 4121 935 4186 jubar
946 4120 1084 4186 quoddam
1097 4134 1192 4186 parere
1208 4123 1236 4174 in
1246 4124 1338 4190 quiete
1347 4125 1461 4190 uideret,

232 4219 307 4271 bunc
320 4219 443 4284 protinus
456 4220 535 4272 enixa
548 4225 600 4271 est.
613 4221 679 4271 curu
691 4225 791 4278 autem,
804 4221 923 4272 emensis
935 4220 1063 4273 infantiae
1076 4221 1247 4286 rudimentis,
1267 4236 1363 4291 magna
1376 4225 1462 4278 excel-

231 4319 316 4371 lentis
329 4319 430 4386 ingenii
443 4332 507 4384 prae
521 4333 549 4371 se
562 4320 646 4371 ferret
655 4319 765 4383 indicia,
780 4318 929 4371 litterarum
943 4319 1041 4371 studiis
1055 4319 1167 4372 traditus
1180 4327 1230 4372 est.
1243 4323 1302 4373 lam
1315 4328 1374 4374 tum
1385 4338 1414 4376 se
1426 4326 1460 4378 ad

232 4424 388 4472 sanctarum
402 4420 597 4484 seripturarum
617 4420 799 4471 ministerium
821 4421 1004 4484 comparabat.
1023 4422 1107 4472 Tanta
1126 4422 1198 4472 enim
1218 4422 1251 4474 ab
1270 4423 1382 4487 ephebis
1400 4438 1462 4477 cum

233 4519 375 4570 boneslate
387 4522 469 4582 atque
481 4519 610 4571 omnibus
623 4519 650 4570 in
665 4519 747 4571 rebus
762 4520 894 4572 modestia
907 4520 988 4572 vitam
1003 4520 1129 4583 instituit,
1142 4527 1173 4572 ut
1185 4534 1280 4574 omnes
1293 4522 1462 4577 admiraren-

187 4621 215 4671 fo
232 4623 278 4669 tur
289 4618 543 4684 arbitrarenturque
554 4631 617 4671 eum
631 4619 688 4672 fore
700 4620 870 4685 praeclarum
885 4619 1069 4686 eximiumque
1085 4620 1118 4672 ad
1137 4622 1333 4688 rempublicam
1353 4637 1461 4677 conser-
