3316 5482
267 351 829 403 alenconensis-uernum
850 345 1088 402 succussor.
1144 326 1149 333 '
1228 328 1295 397 539

51 525 187 591 excipere
198 536 262 576 cum
273 534 371 590 magno
384 527 514 588 apparatu
527 526 608 589 atque
622 523 725 590 ingenti
739 523 854 586 bonore,
867 521 1072 588 hospitiumque
1089 518 1113 572 ei
1127 517 1156 571 in
1168 517 1230 572 loco
1247 516 1295 584 qui

53 627 162 681 dicitur
172 622 328 678 primordia
341 623 504 690 praeparari.
518 623 670 677 accedente
681 602 746 691 erqo
763 623 822 677 viro
835 622 881 675 bei
896 622 930 680 ad
943 623 1044 674 lectum
1055 619 1142 691 aegri,
1155 619 1221 672 iecit
1231 631 1295 673 con·

55 726 131 780 tlteri
143 726 243 780 delicta
255 726 289 778 a·
301 738 331 778 se
351 725 495 778 commissa
508 730 535 778 et
546 724 581 778 dc
602 725 796 778 emendatione
816 738 866 777 sua
886 723 1064 790 imposterum
1085 718 1219 788 profiteri.
1232 722 1290 785 Quo
1316 715 1405 770 'coci
1421 715 1466 770 ad.

56 828 145 893 iacto,
159 824 281 893 indi[c]ta
295 826 319 878 ei
333 825 498 891 paenitentia
512 838 561 891 pro
574 825 735 893 perpetratis
749 825 849 891 noxiis,
862 824 950 876 linivit
962 836 1024 876 eum
1038 821 1221 876 sacratissimo
1233 820 1294 875 olco

12 927 276 981 aunonensem
296 937 359 977 eum
370 923 565 991 efflagitatione
585 923 687 978 divina.
700 928 815 991 Moxque
836 923 955 976 surrexit
966 935 1059 985 sanus,
1073 935 1107 974 ex
1118 921 1183 987 lupo
1201 921 1290 973 lactus

59 1024 236 1093 postmodum
250 1038 346 1092 agnus.

95 1124 146 1177 18.
159 1124 265 1177 Aliud.
286 1150 317 1161 -
332 1126 461 1189 Percepta
482 1124 574 1191 itaque
597 1123 752 1191 supradicto
772 1136 835 1191 rege
856 1123 997 1189 sospitate,
1010 1121 1109 1175 iterum
1131 1120 1295 1187 deprecatur

60 1221 252 1277 beatissimum
267 1209 319 1275 bei
331 1222 479 1275 antistitem
492 1222 638 1276 Melanium
651 1235 701 1290 pro
723 1226 803 1275 natac
815 1234 882 1275 suae
894 1220 1091 1287 incolumitate,
1104 1232 1186 1288 quam
1199 1218 1293 1273 diabo-

59 1324 104 1377 lus
115 1323 285 1376 atrocissimo
300 1324 416 1377 vexabat
427 1323 610 1377 incommodo.
624 1325 707 1391 cujus
719 1323 847 1390 precibus
859 1323 900 1375 vir
913 1323 960 1375 bei
974 1322 1093 1375 libenter
1110 1333 1294 1388 parens,pro·

15 1423 43 1476 to
58 1422 183 1491 greditur
194 1422 228 1475 ad
241 1423 342 1489 locum,
353 1422 400 1476 ubi
413 1422 502 1488 puella
516 1424 598 1476 anxie
610 1436 625 1476 a
640 1424 775 1476 daemone
788 1423 977 1489 torquebatur.
989 1425 1069 1475 Beato
1083 1433 1202 1488 namque
1214 1420 1294 1474 ltela-

59 1523 107 1577 nio
119 1523 176 1591 lam
189 1523 345 1576 advenienti
367 1523 587 1589 domum,coepit
607 1522 694 1576 isdem
718 1523 793 1576 diros
812 1522 932 1576 ululatus
945 1526 973 1574 et
984 1527 1090 1576 atroces
1099 1534 1179 1575 voces
1196 1534 1245 1588 pcr
1262 1533 1294 1574 os

60 1621 169 1688 puellae
182 1621 316 1688 emittere,
330 1619 425 1674 dicens
447 1636 454 1673 r
474 1621 527 1673 Vir
546 1621 603 1674 Dei
620 1621 749 1689 Melani,
772 1620 848 1688 quid
868 1631 988 1674 mecum
1008 1619 1126 1674 baberi
1145 1619 1226 1678 Quid
1246 1632 1295 1673 me

55 1720 257 1788 persequeris
268 1722 281 1774 t
292 1721 393 1775 Paulo
413 1723 488 1774 ente
506 1720 545 1774 de
564 1721 668 1774 attere
689 1734 738 1774 me
748 1721 912 1789 sepelisti,
929 1722 959 1775 ct
976 1732 1060 1775 nunc
1072 1721 1173 1774 denuo
1184 1719 1223 1773 de
1235 1717 1294 1774 bac

60 1820 178 1874 evellis.
192 1821 240 1873 cui
249 1821 344 1874 beatus
358 1821 415 1873 ait:
430 1819 493 1872 Emi
503 1819 542 1873 ob
551 1833 598 1887 eu,
611 1819 828 1874 crudelissime
838 1819 979 1886 damon,
992 1817 1132 1873 ommium
1144 1817 1293 1872 bonorem

15 1920 45 1974 ib
61 1918 198 1987 inimice,
212 1921 241 1973 ct
252 1920 331 1973 vade
343 1919 378 1972 iri
391 1921 492 1974 mum
504 1920 687 1987 desolatum,
700 1918 755 1972 ubi
761 1931 896 1987 prorsus
907 1931 969 1973 nom
982 1917 1095 1972 babeas
1107 1917 1293 1986 facultatem

59 2018 221 2086 quippiam
233 2018 398 2086 officiendi.
412 2022 527 2086 Moxque
542 2019 622 2072 citius
633 2019 706 2072 dicto
718 2019 847 2072 emittens
867 2023 980 2072 eruenta
1001 2018 1087 2072 bestia
1099 2018 1109 2039 ·
1121 2018 1291 2072 teterrimum
1349 2018 1437 2096 ‘cod

60 2118 174 2173 odorem
186 2118 263 2173 dirae
276 2119 349 2174 vocis
361 2118 503 2186 disparuit.
516 2119 639 2186 lllaque‘
653 2119 719 2172 bora
732 2119 823 2186 puella
836 2132 902 2173 sana
920 2120 988 2173 lacta
1007 2117 1151 2186 gaudendo
1163 2119 1239 2171 venit
1255 2118 1290 2172 ad
1333 2085 1447 2206 ὴῗῗὲῗῖ·

60 2224 175 2285 patrem,
189 2218 307 2285 rogitans
319 2224 350 2272 ut
361 2219 448 2286 ipsam
459 2218 562 2283 villam,
574 2220 602 2272 in
614 2231 668 2286 qua
680 2218 778 2273 virtute
791 2219 837 2272 lici
847 2217 972 2271 altissimi
983 2231 1032 2285 per
1040 2216 1290 2287 intercessio[nem]
1319 2217 1458 2286 illamque.

58 2317 208 2371 beatissimi
220 2318 326 2371 licianii
340 2318 405 2372 salvi
419 2319 480 2372 iacti
495 2319 613 2385 lucrant,
628 2319 761 2385 perpetim
775 2323 869 2373 sancto
881 2319 940 2373 viro
953 2318 1136 2385 fratribusque
1155 2319 1212 2371 suis
1230 2319 1292 2372 titu-

10 2418 41 2472 lo
58 2416 139 2470 taret.
152 2419 235 2484 cujus
251 2416 331 2471 dictis
352 2419 489 2485 praelatus
502 2432 548 2471 rex
568 2418 743 2472 devotissime
756 2419 956 2484 obsecundans,
971 2419 1096 2485 protinus
1108 2431 1156 2485 per
1178 2418 1292 2472 anulum

58 2529 140 2569 suum
152 2516 181 2569 in
193 2530 259 2570 usus
272 2517 343 2570 beati
355 2517 406 2570 viri
425 2524 635 2585 ceterorumque
657 2517 771 2571 fratrum
792 2519 935 2571 concessit.
949 2522 1034 2583 Quam
1047 2523 1158 2572 sanctus
1169 2519 1211 2572 vir
1223 2519 1291 2572 sub·

58 2615 125 2670 dere
136 2629 186 2670 suo
200 2616 322 2671 dominio
343 2630 398 2672 non
411 2618 525 2684 respuit,
538 2617 587 2671 sed
608 2618 659 2671 sibl
672 2617 784 2685 suisque
796 2618 938 2672 monacbis
951 2618 980 2671 in
998 2623 1159 2686 perpetuum
1171 2618 1291 2672 vindica·

57 2715 115 2780 vit;
137 2715 230 2782 sicque
251 2720 361 2769 sanctus
381 2717 432 2780 vir,
453 2729 591 2770 sacrarum
613 2716 744 2770 virtutum
765 2716 908 2771 redimitus
928 2718 1064 2786 insigniis,
1077 2718 1291 2784 prosperabatur

57 2814 160 2867 cotidie
172 2815 200 2867 in
218 2815 325 2868 melius.

10 2915 39 2968 itt
93 2914 143 2966 17.
156 2913 262 2968 Aliud.
275 2915 372 2969 -sed
384 2915 449 2983 quia
463 2917 656 2971 miraculorum
670 2917 755 2985 ipsius
767 2922 841 2971 tanta
854 2930 924 2985 quae
936 2931 951 2970 a
965 2918 1045 2971 nobis
1057 2917 1189 2971 omittitur
1208 2931 1289 2984 super

56 3016 196 3080 superest·
204 3020 278 3082 gesta
291 3018 321 3067 ut
333 3015 436 3069 nullius
448 3016 539 3085 lingua
552 3022 634 3084 queat
646 3016 785 3083 explicari,
796 3023 826 3070 ut
838 3018 956 3084 qualiter
968 3031 1001 3071 ex
1014 3019 1066 3071 troc
1078 3018 1188 3072 saeculo
1199 3021 1288 3071 trans·
1349 3013 1359 3033 '
1395 3011 1401 3024 '

56 3112 119 3166 ierit
131 3126 293 3167 enarremus
303 3119 441 3169 vertamus
454 3108 557 3170 stilum.
571 3120 664 3184 Neque
682 3117 749 3170 tanti
771 3117 905 3183 praesulis
923 3117 1085 3184 obsequium
1108 3117 1212 3171 itineris
1230 3117 1291 3170 abs·

56 3227 113 3282 que
124 3214 280 3268 divinorum
294 3217 473 3270 admiratione
487 3217 620 3271 laetorum
634 3218 718 3271 luisse
730 3218 899 3272 credendum
911 3222 961 3272 cst.
971 3219 1017 3271 Vir
1028 3217 1131 3285 quippe
1144 3222 1198 3272 lieo
1211 3219 1292 3273 caris·

56 3315 144 3368 simus
164 3316 343 3383 omniumque
360 3315 557 3385 dilgnilssimus
578 3318 738 3386 angelorum
752 3318 831 3371 laude
853 3324 881 3372 et
902 3320 1044 3372 bominum
1062 3318 1195 3372 llclanius
1217 3317 1290 3372 diem

10 3417 37 3469 to
56 3426 125 3466 suae
136 3412 333 3477 defunctionis,
348 3415 486 3470 indicante
499 3430 619 3483 superna
640 3418 692 3470 sibi
713 3418 890 3484 revelatione,
904 3419 998 3472 babuit
1010 3418 1082 3472 baud
1095 3419 1227 3486 ignotum.
1240 3419 1290 3483 Qui

57 3514 203 3566 maximam
215 3514 294 3567 ovilis
306 3529 321 3568 a
333 3516 439 3570 christo
452 3516 503 3569 sibi
515 3518 653 3570 commissi
667 3530 762 3570 curam
776 3518 821 3583 pio
834 3518 885 3571 sub
897 3523 1008 3584 pectore
1020 3531 1129 3586 gerens,
1142 3531 1177 3571 ne
1195 3518 1225 3570 in
1242 3517 1290 3571 ali·

54 3625 112 3679 quo
124 3617 215 3678 utpote
228 3613 350 3667 destituti
362 3614 460 3668 solatio
472 3616 603 3668 subtracti
617 3617 743 3682 pastoris,
757 3616 883 3682 rapiendi
902 3617 1075 3670 occasionem
1092 3617 1223 3670 saevienti
1242 3618 1289 3669 tri·

55 3711 173 3764 buercnt
185 3711 260 3779 lupo,
274 3726 342 3766 neve
362 3714 445 3767 inane
466 3714 677 3780 praedicationis
700 3714 734 3767 ab
755 3713 817 3781 ipso
837 3716 911 3768 circa
930 3715 993 3768 illos
1013 3715 1133 3768 studium
1149 3717 1289 3782 impensae

55 3810 145 3878 lieret,
154 3825 218 3865 suos
229 3811 354 3866 sollicitis
367 3814 515 3880 discipulos
528 3814 651 3867 hortatus
660 3819 701 3866 est
710 3814 810 3867 verbis.
820 3816 943 3881 cumque
953 3815 1145 3869 recedentibus
1159 3816 1288 3869 horarum

10 3914 35 3965 tt
53 3911 150 3976 spatiis
162 3912 221 3965 dies
232 3912 396 3966 laetissimus
409 3912 576 3978 advenisset,
590 3914 618 3965 in
641 3926 695 3981 quo
717 3914 841 3967 omnium
853 3915 977 3968 taborum
999 3927 1111 3968 suorum
1124 3913 1206 3968 linem
1219 3916 1288 3969 acci·

53 4015 131 4077 peret
144 4011 280 4077 vitamque
292 4018 450 4079 perpetuam
462 4013 585 4080 gaudens
605 4014 729 4075 intraret,
742 4015 789 4080 qui
808 4013 949 4067 confessor
967 4015 1013 4068 bei
1028 4015 1178 4083 matrisque
1190 4015 1288 4070 doctor

53 4107 190 4162 Ecclesiae
202 4109 324 4175 ltrlscrat,
337 4113 385 4178 qul
397 4110 507 4164 caelesti
519 4111 603 4164 corda
616 4111 736 4165 fidelium
750 4118 831 4180 atquc
849 4114 984 4179 spirituali
1003 4126 1064 4167 rore
1075 4118 1084 4137 '
1097 4127 1206 4181 semper
1227 4113 1288 4166 irri-

51 4215 173 4276 gaverat,
186 4209 316 4274 quatinus
330 4209 358 4261 in
371 4215 500 4263 aeternae
518 4211 662 4264 viriditatis
684 4212 792 4264 bortum
815 4212 1058 4266 inmarcescibilem
1080 4212 1197 4266 fructum
1216 4212 1288 4267 ferre

52 4307 216 4375 potuissent,
229 4310 276 4376 qui
289 4310 420 4363 talentum
433 4311 483 4363 sibi
497 4310 632 4364 creditum
645 4310 762 4365 reddere
776 4326 838 4365 eum
851 4326 933 4366 usura
952 4314 1057 4380 absque
1077 4312 1181 4365 fraudis
1192 4314 1288 4366 ammi-

10 4413 34 4463 to
52 4406 135 4461 xionc
148 4415 349 4474 procuraverat,
363 4411 552 4476 temporalem,
567 4425 649 4478 quam
671 4417 745 4464 casto
763 4412 914 4465 calcaverat
933 4413 1121 4466 indesinenter
1136 4412 1287 4480 desiderio,

52 4507 175 4560 deseruit
188 4508 280 4574 vitam,
295 4515 473 4577 sanctoquca
495 4524 610 4577 corpore
632 4511 840 4565 mundissimam
861 4514 952 4565 emisit
970 4515 1098 4567 animam.
1113 4516 1186 4579 Quae
1205 4515 1287 4568 etiam
1327 4525 1333 4537 ‘

50 4614 163 4673 terram,
185 4622 287 4675 aerem,
302 4610 401 4676 nubes,
414 4611 510 4677 solem,
525 4611 630 4676 lunam,
643 4610 861 4679 stelliferumque
881 4613 997 4680 caelum,
1012 4628 1121 4669 necnon
1144 4623 1170 4668 et
1191 4628 1287 4682 corpo·
