3316 5482
292 321 386 372 uren.
405 322 489 374 nar.
507 324 625 374 esais.
643 344 690 355 -
705 325 860 376 arpenn.
879 326 927 377 an
943 327 1022 379 coo.
1040 312 1117 380 asoa.
1256 316 1323 383 373

84 490 267 558 largientem
281 491 329 558 qui
346 504 420 557 cum,
433 493 586 546 secundum
603 493 749 547 salvatoris
761 507 866 562 vocem,
885 495 931 549 lux
948 496 1045 550 mundi
1064 504 1145 564 esset,
1164 501 1229 566 quia
1252 501 1322 556 lucis

84 602 172 655 opera
189 590 317 657 faciebat,
335 592 394 658 ipse
413 592 552 658 corporeis
574 593 661 646 oculis
678 593 773 647 lumen
786 607 842 647 non
855 594 966 649 videbat
979 600 1006 648 et
1018 597 1119 649 sanctis
1137 599 1243 651 meritis
1261 599 1319 652 suis

84 686 181 740 lumen
204 688 266 741 aliis
284 689 430 742 tribuebat.
450 690 527 744 Unde
544 690 649 757 liquido
673 691 810 760 colligitur
833 692 990 746 caecitatem
1014 707 1104 761 suam,
1129 695 1179 750 etsi
1204 696 1321 750 fortasse

85 786 192 840 nolenti
204 786 347 852 inflictam,
361 788 496 843 avolente
509 794 600 843 tamen
613 791 746 856 perpetim
759 791 844 845 fuisse
856 796 989 846 retentam
1000 811 1008 861 ;
1020 795 1094 861 quod
1104 795 1178 848 enirn
1191 795 1252 850 aliis
1265 801 1320 849 tarn

46 886 67 938 5
87 884 169 938 facile
181 885 352 954 impetrabat,
366 888 427 954 sibi,
441 888 463 940 si
475 888 566 954 vellet,
579 889 687 942 facilius
698 889 822 944 obtinere
834 891 950 944 valebat.

121 983 173 1038 10.
191 986 239 1038 De
251 987 387 1052 quodam
401 987 586 1054 paralytico
603 992 731 1042 sanato.
744 1017 774 1028 -
794 991 921 1056 Turonis,
934 992 963 1043 in
981 992 1086 1057 porticu
1104 1006 1176 1060 quae
1194 995 1321 1062 contigua

88 1088 150 1137 erat
161 1086 329 1140 monasterio
340 1087 529 1154 gloriosissimi
548 1093 575 1140 et
586 1101 636 1154 per
650 1093 736 1142 totum
748 1089 844 1142 orbem
860 1089 1034 1143 famosissimi
1047 1091 1183 1158 pontificis
1200 1095 1317 1162 lfartini,

89 1184 254 1252 paralyticus
267 1186 377 1253 quidam
386 1188 444 1241 fere
456 1201 505 1255 per
515 1188 736 1255 quinquennium
746 1189 854 1256 jacebat
866 1194 894 1242 et
905 1203 921 1242 a
931 1191 1137 1245 transeuntibus
1149 1191 1317 1260 alimoniam,

86 1289 211 1338 asaucto
223 1284 339 1340 salutem
351 1287 504 1354 expetebat.
517 1287 569 1341 sed
583 1301 598 1341 a
611 1288 817 1342 transeuntibus
835 1287 946 1355 quidem
964 1289 1122 1344 alimoniam
1140 1291 1317 1358 arripiebar,
1360 1307 1371 1330 ⁶

34 1381 68 1434 to
85 1395 101 1435 a
114 1390 209 1439 sancto
221 1389 314 1440 autem
326 1386 442 1439 salutem
455 1400 512 1440 non
523 1389 649 1454 accipere
662 1387 812 1440 mirabatur
824 1392 850 1440 et
862 1388 980 1442 dolebat.
994 1392 1054 1443 lion
1066 1391 1131 1457 quia
1143 1391 1321 1458 signipotenti

84 1485 201 1539 llartino
223 1485 252 1538 id
269 1487 439 1553 impossibile
457 1486 626 1553 habebatur3
645 1486 693 1540 sed
711 1488 826 1541 llartino
841 1489 899 1554 jam
917 1487 965 1541 diu
983 1487 1151 1542 sufficienter
1170 1489 1316 1558 declarato,

83 1585 175 1640 bonor
187 1586 269 1654 hujus
281 1586 406 1640 miraculi
418 1587 497 1640 beato
510 1586 665 1653 Pardulplro
678 1599 744 1653 pace
756 1587 863 1640 llartini
876 1586 1007 1641 divinitus
1017 1589 1186 1642 servabatur.
1193 1590 1315 1654 Quadam

82 1685 178 1753 igitur·
188 1694 269 1740 nocte
282 1686 384 1740 audivit
396 1686 425 1739 in
438 1687 542 1740 somnis
550 1699 646 1740 vocem
655 1687 835 1752 imperantem
847 1687 900 1739 sibi
912 1692 942 1740 ut
954 1700 983 1740 se
996 1687 1031 1740 ad
1039 1693 1131 1755 partes
1140 1688 1315 1743 lemovicen·

81 1797 127 1837 ses
147 1798 258 1852 quoquo
280 1785 362 1840 modo
383 1785 525 1839 transferri
547 1786 649 1839 faceret
670 1803 677 1839 ι
698 1786 736 1838 ibi
758 1785 892 1839 famulum
914 1787 960 1839 boi
983 1786 1168 1853 Pardulphum
1186 1788 1314 1843 abbatem

28 1886 63 1938 lb
82 1884 260 1939 inventurum
281 1890 309 1939 et
331 1887 391 1953 ejus
411 1883 539 1953 suffragio
556 1885 739 1938 desideratam
760 1886 904 1939 sanitatem
925 1892 1109 1953 recepturum.
1131 1890 1188 1952 Qua
1208 1888 1313 1942 visione

83 1986 164 2040 tertio
176 1983 364 2050 confirmatus,
376 1998 464 2039 unum
474 1998 506 2038 ex
518 1985 660 2038 monacbis
674 1984 748 2037 adse
760 1984 874 2050 voravit,
886 1989 914 2037 et
923 1998 971 2050 per
981 1997 1044 2038 eum
1057 1985 1148 2038 abbati
1162 1986 1215 2040 loci
1228 1986 1315 2053 ipsius

79 2099 142 2140 rem
153 2085 339 2151 manifestans,
352 2084 387 2137 ad
400 2084 470 2137 banc
491 2082 687 2150 perficiendam
704 2084 764 2151 ejus
775 2083 908 2137 auxilium
928 2084 1082 2151 postulavit.
1096 2085 1187 2138 Abbas
1209 2090 1311 2152 autem,

80 2183 209 2238 miseriae
221 2183 295 2236 illius
316 2183 525 2249 compatienset
544 2182 692 2236 visitationi
706 2183 816 2236 caelesti
836 2182 1022 2252 congaudens,
1046 2185 1184 2250 praecepit
1205 2185 1230 2239 ei
1252 2184 1312 2237 dari

80 2285 198 2339 asellum
216 2297 271 2351 quo
289 2289 445 2351 portaretur
457 2288 485 2337 et
495 2283 566 2337 duos
578 2282 695 2336 famulos
705 2282 857 2336 adbiberi-a
868 2283 970 2350 quibus
981 2282 1172 2336 deduceretur.
1186 2284 1312 2349 Quicum

19 2387 60 2439 2⁰
79 2384 116 2439 ad
127 2385 216 2439 virum
228 2385 273 2437 bei
287 2383 455 2449 pervenisset
467 2382 547 2450 eique
568 2395 678 2436 causam
691 2394 768 2435 suam
781 2394 843 2435 eum
857 2383 983 2448 precibus
1002 2383 1150 2445 retulisset,
1164 2383 1210 2436 ille
1222 2383 1311 2450 primo

80 2483 233 2538 admiratus
245 2483 388 2536 haesitavit
399 2488 426 2536 et
437 2495 452 2535 a
465 2483 579 2535 llartino
592 2495 649 2535 non
662 2488 785 2535 curatum
799 2482 833 2534 ad
845 2495 875 2534 se
886 2481 986 2536 deduci
999 2482 1197 2536 inconveniens
1207 2482 1312 2550 judica·

80 2584 130 2637 vit.
144 2583 196 2636 sed
214 2594 286 2648 mor,
299 2581 460 2634 humilitatis
481 2580 587 2633 liartini
600 2580 781 2633 reminiscens
803 2585 830 2633 et
842 2579 951 2634 divinae
973 2581 1105 2634 voluntati
1126 2582 1311 2646 consentiens,

80 2697 146 2737 cum
158 2683 237 2751 signo
249 2681 338 2735 crucis
351 2687 378 2733 et
389 2680 514 2734 oratione
534 2680 656 2732 membra
669 2680 729 2746 ejus
742 2680 878 2747 palpavit3
892 2685 919 2733 et
931 2680 1062 2733 continuo
1084 2685 1211 2733 sanatum
1224 2680 1313 2734 dimit·

80 2790 155 2849 tens,
168 2794 224 2835 non
237 2781 289 2834 sibi
301 2781 349 2834 sed
362 2780 488 2847 bomino,
501 2780 571 2832 sicut
590 2778 643 2831 alia
655 2778 727 2831 bene
738 2783 822 2847 gesta,
836 2779 912 2832 itaet
933 2778 984 2832 boc
996 2779 1159 2833 miraculum
1177 2781 1313 2846 sapienter

20 2889 63 2942 25
82 2882 237 2950 imputavit.

116 2984 166 3035 11.
184 2983 230 3034 De
242 2978 434 3035 Sermaoenis
453 2993 512 3045 per
523 2979 593 3044 ejus
612 2977 791 3032 orationem
802 2977 965 3045 effugatis.
979 3009 1011 3017 -
1032 2978 1149 3048 Contigit
1166 2979 1195 3032 in
1216 2979 1312 3033 diebus

78 3082 168 3137 saneti
181 3081 327 3147 Pardulpbi
348 3079 577 3134 innumerabilem
594 3080 809 3132 sarracenorum
831 3077 1045 3141 multitudinem,
1066 3078 1101 3131 de
1121 3079 1312 3133 transmarinis

79 3184 204 3253 partibus
215 3194 363 3250 egressam,
377 3180 537 3247 lquimniae
550 3178 619 3232 lines
631 3191 775 3245 occupare,
789 3184 817 3231 et
830 3191 886 3231 non
899 3179 988 3232 solum
1000 3178 1078 3232 villas
1089 3182 1117 3232 et
1128 3178 1250 3243 castella,
1263 3178 1313 3231 sed

80 3284 165 3338 etiam
177 3283 261 3336 urbes
282 3281 480 3334 munitissimas
501 3278 644 3344 dissipare,
667 3278 795 3331 ecclesias
816 3283 844 3330 et
864 3278 1019 3331 sanctuaria
1041 3278 1166 3331 nefandis
1184 3278 1313 3344 operibus

19 3388 61 3441 30
81 3383 236 3451 profanare,
249 3380 323 3434 ferro
336 3386 363 3433 et
376 3379 431 3447 igni
444 3379 571 3431 universa
593 3375 782 3429 indifferenter
795 3382 908 3430 vastare.
923 3377 961 3429 ld
975 3389 1093 3444 quorum
1106 3377 1209 3429 rabiem
1231 3376 1314 3430 refre-

81 3481 201 3536 nandam
213 3480 348 3549 gloriosus
361 3492 411 3531 rex
423 3481 590 3532 Francorum
611 3476 733 3541 liarolus,
748 3476 858 3542 copioso
876 3476 997 3529 exercitu
1016 3479 1174 3543 convocato,
1188 3476 1315 3543 regaliter

79 3583 112 3633 in
123 3593 170 3633 eos
182 3579 279 3646 irruit;
292 3579 432 3632 victoriam
446 3578 571 3643 adeptus,
586 3577 746 3629 innumeros
757 3576 905 3643 interemit,
916 3576 950 3629 ab
960 3576 1021 3629 aliis
1034 3589 1083 3643 per
1091 3575 1199 3631 diversa
1211 3577 1313 3644 fugien-

80 3678 155 3731 tibus
167 3677 254 3744 spolia
272 3684 300 3730 et
314 3677 434 3744 captivos
451 3677 560 3742 eripuit,
573 3683 601 3728 et
617 3675 730 3728 dextera
749 3675 797 3728 bei
812 3680 959 3741 protectus,
978 3675 1081 3728 luctum
1100 3674 1312 3728 christianorum

80 3782 113 3833 in
124 3779 252 3849 gaudium
266 3779 439 3846 permutavit.
453 3777 505 3831 Sed
518 3778 630 3844 pessimi
643 3777 745 3843 hostes,
758 3777 864 3830 bestiali
881 3777 993 3831 saevitia
1006 3776 1174 3844 frendentes,
1188 3777 1270 3831 ctiam
1284 3778 1313 3830 in

20 3881 63 3936 35
81 3878 223 3946 fugiendo,
236 3879 259 3930 si
271 3878 314 3931 vel
327 3878 416 3931 locum
430 3877 605 3929 immunitum
614 3875 657 3930 vel
671 3876 809 3929 bominem
822 3875 1004 3942 improvidum
1016 3875 1196 3941 invenissent,
1208 3875 1312 3945 disper·

81 3978 150 4031 dere
172 3984 199 4031 et
220 3990 318 4031 necare
338 3976 505 4029 festinabant
517 3980 544 4028 et
564 3975 775 4028 christianorum
793 3973 955 4027 detrimenta
976 3987 1025 4027 sua
1037 3974 1113 4028 lucra
1133 3974 1312 4042 deputabant.

81 4081 204 4144 Quorum
215 4079 324 4131 turbam
336 4088 393 4130 non
415 4076 567 4130 modicam‘
580 4090 641 4128 curn
663 4076 818 4129 nuntiatum
836 4075 932 4128 fuisset
950 4076 1010 4129 riro
1033 4076 1079 4128 bei
1098 4076 1132 4128 ad
1148 4077 1312 4131 coenobium
1339 4085 1389 4152 ·(t‚
1402 4096 1431 4136 n,
1445 4083 1493 4146 m.)

81 4192 163 4233 suurn
176 4177 299 4243 tendere,
314 4177 407 4230 famuli
420 4179 489 4243 eius,
502 4177 536 4230 de
558 4177 612 4230 vita
624 4190 674 4229 sua
686 4181 713 4228 et
733 4175 837 4229 domini
852 4176 894 4228 sui
912 4175 1100 4242 desperantes,
1115 4177 1138 4228 ei
1157 4177 1312 4230 vehiculum
1337 4165 1365 4204 ¹¹·
1379 4164 1416 4203 ¹¹¹·
1431 4155 1451 4202 t·
1463 4150 1489 4202 ²·

81 4281 249 4346 paraverunt
261 4282 291 4329 ut
312 4290 374 4329 eum
393 4275 426 4329 ad
446 4276 545 4329 tutiora
563 4276 622 4329 loca
639 4275 810 4329 deducerent
827 4279 854 4327 et
865 4276 964 4342 impiae
982 4276 1069 4342 gentis
1088 4276 1190 4328 rabiem
1211 4277 1313 4329 salubri

15 4384 60 4438 40
78 4377 252 4447 providentia
265 4377 445 4429 declinarent.
455 4377 487 4428 lt
500 4376 556 4440 ille,
567 4375 738 4428 confortatus
748 4376 776 4426 in
787 4376 902 4428 Domino
916 4382 941 4427 et
953 4376 981 4426 in
995 4376 1115 4441 potentia
1127 4375 1234 4427 virtutis
1245 4377 1313 4441 ejuS,

76 4475 223 4542 respondit
234 4490 263 4529 se
275 4476 310 4529 de
324 4477 383 4529 looo
397 4489 447 4528 suo
460 4474 617 4528 nullatenus
636 4487 820 4540 recessurum,
834 4473 883 4526 sed
896 4474 932 4527 ibi
950 4475 1060 4540 qualern
1073 4477 1126 4528 beo
1140 4475 1261 4540 placeret
1273 4474 1315 4528 vel

75 4580 152 4635 vitae
180 4577 224 4631 vel
251 4578 347 4631 mortis
370 4577 535 4631 sententiam
560 4576 677 4629 libenter
696 4580 897 4641 suscepturum.
916 4576 1092 4643 Fugientibus
1122 4576 1214 4643 ltaque
1243 4577 1313 4645 aliis,
