<?xml version="1.0" encoding="UTF-8"?>
<!DOCTYPE html PUBLIC "-//W3C//DTD XHTML 1.0 Transitional//EN"
    "http://www.w3.org/TR/xhtml1/DTD/xhtml1-transitional.dtd">
<html xmlns="http://www.w3.org/1999/xhtml" xml:lang="en" lang="en">
 <head>
  <title>
</title>
<meta http-equiv="Content-Type" content="text/html;charset=utf-8" />
  <meta name='ocr-system' content='tesseract 3.04.00' />
  <meta name='ocr-capabilities' content='ocr_page ocr_carea ocr_par ocr_line ocrx_word'/>
</head>
<body>
  <div class='ocr_page' id='page_1' title='image "./cataloguscodicu02manugoog_0072.png"; bbox 0 0 3316 5482; ppageno 0'>
   <div class='ocr_carea' id='block_1_1' title="bbox 428 325 1336 397">
    <p class='ocr_par' dir='ltr' id='par_1_1' title="bbox 428 325 1336 397">
     <span class='ocr_line' id='line_1_1' title="bbox 428 325 1336 397; baseline 0 -8"><span class='ocrx_word' id='word_1_1' title='bbox 428 339 522 397; x_wconf 78' lang='lat' dir='ltr'><strong>aran.</strong></span> <span class='ocrx_word' id='word_1_2' title='bbox 541 339 625 389; x_wconf 77' lang='lat' dir='ltr'><strong>aar.</strong></span> <span class='ocrx_word' id='word_1_3' title='bbox 645 337 760 388; x_wconf 76' lang='lat' dir='ltr'><strong>asars.</strong></span> <span class='ocrx_word' id='word_1_4' title='bbox 781 356 823 367; x_wconf 90' lang='lat'><em>-</em></span> <span class='ocrx_word' id='word_1_5' title='bbox 841 336 919 387; x_wconf 92' lang='lat' dir='ltr'><strong>con.</strong></span> <span class='ocrx_word' id='word_1_6' title='bbox 940 335 1015 390; x_wconf 81' lang='lat' dir='ltr'><strong>saus.</strong></span> <span class='ocrx_word' id='word_1_7' title='bbox 1293 325 1336 389; x_wconf 82' lang='lat'><strong>47</strong></span> 
     </span>
    </p>
   </div>
   <div class='ocr_carea' id='block_1_2' title="bbox 203 505 1334 858">
    <p class='ocr_par' dir='ltr' id='par_1_2' title="bbox 203 505 1334 858">
     <span class='ocr_line' id='line_1_2' title="bbox 203 505 1330 608; baseline -0.007 -18"><span class='ocrx_word' id='word_1_8' title='bbox 203 512 268 590; x_wconf 82' lang='lat'><strong>300</strong></span> <span class='ocrx_word' id='word_1_9' title='bbox 297 511 394 589; x_wconf 87' lang='lat' dir='ltr'><strong>Item</strong></span> <span class='ocrx_word' id='word_1_10' title='bbox 425 507 565 587; x_wconf 89' lang='lat' dir='ltr'><strong>eodem</strong></span> <span class='ocrx_word' id='word_1_11' title='bbox 592 505 671 603; x_wconf 90' lang='lat' dir='ltr'><strong>die,</strong></span> <span class='ocrx_word' id='word_1_12' title='bbox 692 505 821 607; x_wconf 85' lang='lat' dir='ltr'>passio</span> <span class='ocrx_word' id='word_1_13' title='bbox 853 505 974 583; x_wconf 89' lang='lat' dir='ltr'><strong>sancti</strong></span> <span class='ocrx_word' id='word_1_14' title='bbox 1007 506 1224 608; x_wconf 81' lang='lat' dir='ltr'>Theogenis</span> <span class='ocrx_word' id='word_1_15' title='bbox 1249 508 1330 607; x_wconf 82' lang='lat' dir='ltr'><strong>(tol.</strong></span> 
     </span>
     <span class='ocr_line' id='line_1_3' title="bbox 204 633 1334 858; baseline -0.001 -22"><span class='ocrx_word' id='word_1_16' title='bbox 204 634 277 836; x_wconf 58' lang='lat'><strong>31?</strong></span> <span class='ocrx_word' id='word_1_17' title='bbox 278 633 381 836; x_wconf 48' lang='lat' dir='ltr'><strong>iri?</strong></span> <span class='ocrx_word' id='word_1_18' title='bbox 383 634 505 837; x_wconf 56' lang='lat' dir='ltr'><strong>Zancti</strong></span> <span class='ocrx_word' id='word_1_19' title='bbox 520 779 565 833; x_wconf 91' lang='lat' dir='ltr'><strong>ac</strong></span> <span class='ocrx_word' id='word_1_20' title='bbox 580 753 796 833; x_wconf 85' lang='lat' dir='ltr'><strong>beatissimi</strong></span> <span class='ocrx_word' id='word_1_21' title='bbox 811 753 998 831; x_wconf 84' lang='lat' dir='ltr'><strong>lobannis</strong></span> <span class='ocrx_word' id='word_1_22' title='bbox 1016 755 1197 832; x_wconf 91' lang='lat' dir='ltr'><strong>monachi</strong></span> <span class='ocrx_word' id='word_1_23' title='bbox 1217 766 1334 858; x_wconf 91' lang='lat' dir='ltr'><strong>atque</strong></span> 
     </span>
    </p>
   </div>
   <div class='ocr_carea' id='block_1_3' title="bbox 125 877 1336 1103">
    <p class='ocr_par' dir='ltr' id='par_1_3' title="bbox 125 877 1336 1103">
     <span class='ocr_line' id='line_1_4' title="bbox 125 877 1336 983; baseline -0.002 -23"><span class='ocrx_word' id='word_1_24' title='bbox 125 969 132 983; x_wconf 48' lang='grc'><em>,</em></span> <span class='ocrx_word' id='word_1_25' title='bbox 252 881 406 960; x_wconf 90' lang='lat' dir='ltr'><strong>abbatis</strong></span> <span class='ocrx_word' id='word_1_26' title='bbox 435 877 723 982; x_wconf 64' lang='lat' dir='ltr'><strong>[lieomaensisl</strong></span> <span class='ocrx_word' id='word_1_27' title='bbox 757 880 867 978; x_wconf 91' lang='lat' dir='ltr'><strong>cujus</strong></span> <span class='ocrx_word' id='word_1_28' title='bbox 897 877 1081 956; x_wconf 74' lang='lat' dir='ltr'><strong>transitus</strong></span> <span class='ocrx_word' id='word_1_29' title='bbox 1107 878 1336 960; x_wconf 86' lang='lat' dir='ltr'><strong>observatur</strong></span> 
     </span>
     <span class='ocr_line' id='line_1_5' title="bbox 253 1000 889 1103; baseline -0.016 -17"><span class='ocrx_word' id='word_1_30' title='bbox 253 1008 304 1086; x_wconf 69' lang='lat' dir='ltr'><strong>v‘0</strong></span> <span class='ocrx_word' id='word_1_31' title='bbox 321 1005 398 1083; x_wconf 89' lang='lat' dir='ltr'><strong>kal.</strong></span> <span class='ocrx_word' id='word_1_32' title='bbox 416 1003 605 1083; x_wconf 89' lang='lat' dir='ltr'><strong>februarii</strong></span> <span class='ocrx_word' id='word_1_33' title='bbox 623 1002 701 1103; x_wconf 84' lang='lat' dir='ltr'><strong>(fol.</strong></span> <span class='ocrx_word' id='word_1_34' title='bbox 725 1000 889 1101; x_wconf 57' lang='lat' dir='ltr'><strong>tibi-bii).</strong></span> 
     </span>
    </p>
   </div>
   <div class='ocr_carea' id='block_1_4' title="bbox 95 1151 1415 2212">
    <p class='ocr_par' dir='ltr' id='par_1_4' title="bbox 133 1151 1290 1221">
     <span class='ocr_line' id='line_1_6' title="bbox 133 1151 1290 1221; baseline -0.003 -13"><span class='ocrx_word' id='word_1_35' title='bbox 133 1154 276 1208; x_wconf 78' lang='lat' dir='ltr'><strong>biaersaa</strong></span> <span class='ocrx_word' id='word_1_36' title='bbox 292 1155 351 1207; x_wconf 80' lang='lat' dir='ltr'><strong>vita</strong></span> <span class='ocrx_word' id='word_1_37' title='bbox 362 1159 473 1207; x_wconf 86' lang='lat' dir='ltr'><strong>auctore</strong></span> <span class='ocrx_word' id='word_1_38' title='bbox 485 1156 563 1217; x_wconf 83' lang='lat' dir='ltr'><strong>iona,</strong></span> <span class='ocrx_word' id='word_1_39' title='bbox 577 1152 621 1205; x_wconf 86' lang='lat' dir='ltr'><strong>ed.</strong></span> <span class='ocrx_word' id='word_1_40' title='bbox 635 1153 701 1206; x_wconf 84' lang='lat' dir='ltr'><strong>Act.</strong></span> <span class='ocrx_word' id='word_1_41' title='bbox 715 1151 773 1219; x_wconf 72' lang='lat' dir='ltr'><strong>SS,</strong></span> <span class='ocrx_word' id='word_1_42' title='bbox 787 1152 820 1204; x_wconf 85' lang='lat' dir='ltr'><strong>ad</strong></span> <span class='ocrx_word' id='word_1_43' title='bbox 834 1151 991 1216; x_wconf 75' lang='lat' dir='ltr'><strong>d.i81an.,</strong></span> <span class='ocrx_word' id='word_1_44' title='bbox 1005 1157 1070 1205; x_wconf 83' lang='lat' dir='ltr'><strong>tom.</strong></span> <span class='ocrx_word' id='word_1_45' title='bbox 1085 1154 1118 1218; x_wconf 92' lang='lat' dir='ltr'><strong>ll,</strong></span> <span class='ocrx_word' id='word_1_46' title='bbox 1132 1167 1158 1219; x_wconf 90' lang='lat' dir='ltr'><strong>p.</strong></span> <span class='ocrx_word' id='word_1_47' title='bbox 1171 1154 1290 1221; x_wconf 72' lang='lat' dir='ltr'><strong>sibeno.</strong></span> 
     </span>
    </p>

    <p class='ocr_par' dir='ltr' id='par_1_5' title="bbox 95 1251 1415 2212">
     <span class='ocr_line' id='line_1_7' title="bbox 134 1251 1334 1322; baseline -0.002 -13"><span class='ocrx_word' id='word_1_48' title='bbox 134 1257 194 1309; x_wconf 90' lang='lat' dir='ltr'><strong>lnc.</strong></span> <span class='ocrx_word' id='word_1_49' title='bbox 207 1254 308 1322; x_wconf 69' lang='lat' dir='ltr'><strong>luitur</strong></span> <span class='ocrx_word' id='word_1_50' title='bbox 319 1254 494 1308; x_wconf 84' lang='lat' dir='ltr'><strong>veneraudi</strong></span> <span class='ocrx_word' id='word_1_51' title='bbox 512 1252 577 1306; x_wconf 86' lang='lat' dir='ltr'><strong>viri</strong></span> <span class='ocrx_word' id='word_1_52' title='bbox 596 1253 777 1319; x_wconf 82' lang='lat' dir='ltr'><strong>cultumque</strong></span> <span class='ocrx_word' id='word_1_53' title='bbox 793 1251 958 1319; x_wconf 84' lang='lat' dir='ltr'><strong>reiipioais</strong></span> <span class='ocrx_word' id='word_1_54' title='bbox 969 1251 1120 1305; x_wconf 86' lang='lat' dir='ltr'><strong>imitandi</strong></span> <span class='ocrx_word' id='word_1_55' title='bbox 1131 1252 1213 1306; x_wconf 84' lang='lat' dir='ltr'><strong>beati</strong></span> <span class='ocrx_word' id='word_1_56' title='bbox 1220 1252 1334 1307; x_wconf 81' lang='lat' dir='ltr'><strong>Iobou-</strong></span> 
     </span>
     <span class='ocr_line' id='line_1_8' title="bbox 98 1350 1328 1424; baseline -0.002 -15"><span class='ocrx_word' id='word_1_57' title='bbox 98 1355 154 1409; x_wconf 71' lang='grc' dir='ltr'><strong>πίε</strong></span> <span class='ocrx_word' id='word_1_58' title='bbox 166 1352 314 1407; x_wconf 77' lang='lat' dir='ltr'><strong>mortectri</strong></span> <span class='ocrx_word' id='word_1_59' title='bbox 324 1352 552 1424; x_wconf 73' lang='lat' dir='ltr'><strong>adiciuntque</strong></span> <span class='ocrx_word' id='word_1_60' title='bbox 569 1351 667 1405; x_wconf 88' lang='lat' dir='ltr'><strong>vitam</strong></span> <span class='ocrx_word' id='word_1_61' title='bbox 685 1351 853 1405; x_wconf 85' lang='lat' dir='ltr'><strong>memoriae</strong></span> <span class='ocrx_word' id='word_1_62' title='bbox 862 1352 1106 1405; x_wconf 83' lang='lat' dir='ltr'><strong>commendando</strong></span> <span class='ocrx_word' id='word_1_63' title='bbox 1122 1353 1196 1406; x_wconf 87' lang='lat' dir='ltr'><strong>stito</strong></span> <span class='ocrx_word' id='word_1_64' title='bbox 1204 1350 1328 1420; x_wconf 83' lang='lat' dir='ltr'><strong>patefa-</strong></span> 
     </span>
     <span class='ocr_line' id='line_1_9' title="bbox 99 1449 1334 1520; baseline -0.002 -12"><span class='ocrx_word' id='word_1_65' title='bbox 99 1465 174 1509; x_wconf 87' lang='lat' dir='ltr'><strong>cere</strong></span> <span class='ocrx_word' id='word_1_66' title='bbox 184 1452 329 1519; x_wconf 83' lang='lat' dir='ltr'><strong>nitimur,</strong></span> <span class='ocrx_word' id='word_1_67' title='bbox 351 1464 432 1520; x_wconf 80' lang='lat' dir='ltr'><strong>quae</strong></span> <span class='ocrx_word' id='word_1_68' title='bbox 451 1454 481 1505; x_wconf 87' lang='lat' dir='ltr'><strong>et</strong></span> <span class='ocrx_word' id='word_1_69' title='bbox 501 1453 622 1518; x_wconf 80' lang='lat' dir='ltr'><strong>quanta</strong></span> <span class='ocrx_word' id='word_1_70' title='bbox 640 1450 693 1503; x_wconf 87' lang='lat' dir='ltr'><strong>sai</strong></span> <span class='ocrx_word' id='word_1_71' title='bbox 714 1449 831 1504; x_wconf 80' lang='lat' dir='ltr'><strong>tatoris</strong></span> <span class='ocrx_word' id='word_1_72' title='bbox 849 1450 973 1503; x_wconf 79' lang='lat' dir='ltr'><strong>studuit</strong></span> <span class='ocrx_word' id='word_1_73' title='bbox 993 1451 1099 1504; x_wconf 78' lang='lat' dir='ltr'><strong>satire</strong></span> <span class='ocrx_word' id='word_1_74' title='bbox 1115 1453 1334 1507; x_wconf 86' lang='lat' dir='ltr'><strong>certaminaet</strong></span> 
     </span>
     <span class='ocr_line' id='line_1_10' title="bbox 100 1549 1338 1618; baseline -0.001 -12"><span class='ocrx_word' id='word_1_75' title='bbox 100 1551 225 1607; x_wconf 83' lang='lat' dir='ltr'><strong>nostris</strong></span> <span class='ocrx_word' id='word_1_76' title='bbox 236 1551 362 1618; x_wconf 72' lang='lat' dir='ltr'><strong>caream</strong></span> <span class='ocrx_word' id='word_1_77' title='bbox 369 1562 430 1618; x_wconf 84' lang='lat' dir='ltr'><strong>per</strong></span> <span class='ocrx_word' id='word_1_78' title='bbox 441 1549 586 1617; x_wconf 75' lang='lat' dir='ltr'><strong>coempta</strong></span> <span class='ocrx_word' id='word_1_79' title='bbox 606 1549 815 1602; x_wconf 86' lang='lat' dir='ltr'><strong>monstranda</strong></span> <span class='ocrx_word' id='word_1_80' title='bbox 835 1562 874 1603; x_wconf 90' lang='lat' dir='ltr'><strong>oc</strong></span> <span class='ocrx_word' id='word_1_81' title='bbox 890 1551 1093 1604; x_wconf 74' lang='lat' dir='ltr'><strong>muneranda</strong></span> <span class='ocrx_word' id='word_1_82' title='bbox 1105 1550 1262 1605; x_wconf 78' lang='lat' dir='ltr'><strong>dimiserit</strong></span> <span class='ocrx_word' id='word_1_83' title='bbox 1272 1564 1338 1605; x_wconf 87' lang='lat' dir='ltr'><strong>sac·</strong></span> 
     </span>
     <span class='ocr_line' id='line_1_11' title="bbox 100 1646 1340 1719; baseline -0.002 -12"><span class='ocrx_word' id='word_1_84' title='bbox 100 1651 198 1719; x_wconf 75' lang='lat' dir='ltr'><strong>mita,</strong></span> <span class='ocrx_word' id='word_1_85' title='bbox 211 1653 248 1704; x_wconf 88' lang='lat' dir='ltr'><strong>ut</strong></span> <span class='ocrx_word' id='word_1_86' title='bbox 258 1663 322 1705; x_wconf 84' lang='lat' dir='ltr'><strong>uon</strong></span> <span class='ocrx_word' id='word_1_87' title='bbox 330 1650 434 1705; x_wconf 86' lang='lat' dir='ltr'><strong>sotum</strong></span> <span class='ocrx_word' id='word_1_88' title='bbox 447 1649 565 1702; x_wconf 87' lang='lat' dir='ltr'><strong>ittesui</strong></span> <span class='ocrx_word' id='word_1_89' title='bbox 577 1647 694 1702; x_wconf 80' lang='lat' dir='ltr'><strong>laboris</strong></span> <span class='ocrx_word' id='word_1_90' title='bbox 705 1646 831 1716; x_wconf 84' lang='lat' dir='ltr'><strong>fructus</strong></span> <span class='ocrx_word' id='word_1_91' title='bbox 851 1648 1011 1716; x_wconf 82' lang='lat' dir='ltr'><strong>reciperet,</strong></span> <span class='ocrx_word' id='word_1_92' title='bbox 1025 1650 1240 1703; x_wconf 83' lang='lat' dir='ltr'><strong>verumetiam</strong></span> <span class='ocrx_word' id='word_1_93' title='bbox 1252 1663 1340 1718; x_wconf 82' lang='lat' dir='ltr'><strong>quos·</strong></span> 
     </span>
     <span class='ocr_line' id='line_1_12' title="bbox 101 1746 1336 1821; baseline -0.001 -17"><span class='ocrx_word' id='word_1_94' title='bbox 101 1765 165 1821; x_wconf 78' lang='lat' dir='ltr'><strong>que</strong></span> <span class='ocrx_word' id='word_1_95' title='bbox 183 1751 228 1804; x_wconf 88' lang='lat' dir='ltr'><strong>ad</strong></span> <span class='ocrx_word' id='word_1_96' title='bbox 249 1748 455 1803; x_wconf 82' lang='lat' dir='ltr'><strong>imitationem</strong></span> <span class='ocrx_word' id='word_1_97' title='bbox 475 1748 528 1801; x_wconf 87' lang='lat' dir='ltr'><strong>sui</strong></span> <span class='ocrx_word' id='word_1_98' title='bbox 543 1748 727 1802; x_wconf 76' lang='lat' dir='ltr'><strong>certaminis</strong></span> <span class='ocrx_word' id='word_1_99' title='bbox 750 1747 990 1815; x_wconf 78' lang='lat' dir='ltr'><strong>inpostmodum</strong></span> <span class='ocrx_word' id='word_1_100' title='bbox 1003 1746 1150 1802; x_wconf 81' lang='lat' dir='ltr'><strong>traheret.</strong></span> <span class='ocrx_word' id='word_1_101' title='bbox 1163 1750 1252 1803; x_wconf 83' lang='lat' dir='ltr'><strong>Decet</strong></span> <span class='ocrx_word' id='word_1_102' title='bbox 1263 1761 1336 1817; x_wconf 73' lang='lat' dir='ltr'><strong>erpo</strong></span> 
     </span>
     <span class='ocr_line' id='line_1_13' title="bbox 95 1845 1338 1919; baseline -0.002 -14"><span class='ocrx_word' id='word_1_103' title='bbox 95 1852 175 1919; x_wconf 81' lang='lat' dir='ltr'><strong>post</strong></span> <span class='ocrx_word' id='word_1_104' title='bbox 192 1849 344 1916; x_wconf 76' lang='lat' dir='ltr'><strong>aioriosos</strong></span> <span class='ocrx_word' id='word_1_105' title='bbox 366 1845 542 1913; x_wconf 76' lang='lat' dir='ltr'><strong>triumphos</strong></span> <span class='ocrx_word' id='word_1_106' title='bbox 560 1849 589 1900; x_wconf 91' lang='lat' dir='ltr'><strong>et</strong></span> <span class='ocrx_word' id='word_1_107' title='bbox 605 1848 808 1914; x_wconf 85' lang='lat' dir='ltr'><strong>peccatorum</strong></span> <span class='ocrx_word' id='word_1_108' title='bbox 828 1847 1017 1913; x_wconf 79' lang='lat' dir='ltr'><strong>medicinam</strong></span> <span class='ocrx_word' id='word_1_109' title='bbox 1037 1851 1067 1901; x_wconf 90' lang='lat' dir='ltr'><strong>et</strong></span> <span class='ocrx_word' id='word_1_110' title='bbox 1089 1850 1237 1901; x_wconf 82' lang='lat' dir='ltr'><strong>aeternae</strong></span> <span class='ocrx_word' id='word_1_111' title='bbox 1255 1848 1338 1902; x_wconf 87' lang='lat' dir='ltr'><strong>uitae</strong></span> 
     </span>
     <span class='ocr_line' id='line_1_14' title="bbox 96 1945 1333 2021; baseline -0.002 -18"><span class='ocrx_word' id='word_1_112' title='bbox 96 1949 252 2019; x_wconf 82' lang='lat' dir='ltr'><strong>praemia</strong></span> <span class='ocrx_word' id='word_1_113' title='bbox 261 1945 584 2021; x_wconf 23' lang='lat' dir='ltr'><strong>capereusubtimeata.</strong></span> <span class='ocrx_word' id='word_1_114' title='bbox 606 1945 649 1998; x_wconf 80' lang='lat' dir='ltr'><strong>Ab</strong></span> <span class='ocrx_word' id='word_1_115' title='bbox 662 1946 729 2012; x_wconf 83' lang='lat' dir='ltr'><strong>ipso</strong></span> <span class='ocrx_word' id='word_1_116' title='bbox 741 1957 814 2013; x_wconf 76' lang='lat' dir='ltr'><strong>erpo</strong></span> <span class='ocrx_word' id='word_1_117' title='bbox 829 1945 1008 2013; x_wconf 86' lang='lat' dir='ltr'><strong>primordio</strong></span> <span class='ocrx_word' id='word_1_118' title='bbox 1026 1946 1137 2014; x_wconf 81' lang='lat' dir='ltr'><strong>quibus</strong></span> <span class='ocrx_word' id='word_1_119' title='bbox 1144 1947 1333 2014; x_wconf 83' lang='lat' dir='ltr'><strong>parentibus</strong></span> 
     </span>
     <span class='ocr_line' id='line_1_15' title="bbox 101 2044 1415 2116; baseline 0 -14"><span class='ocrx_word' id='word_1_120' title='bbox 101 2051 155 2103; x_wconf 83' lang='lat' dir='ltr'><strong>vei</strong></span> <span class='ocrx_word' id='word_1_121' title='bbox 167 2049 203 2100; x_wconf 89' lang='lat' dir='ltr'><strong>in</strong></span> <span class='ocrx_word' id='word_1_122' title='bbox 216 2060 276 2116; x_wconf 79' lang='lat' dir='ltr'><strong>quo</strong></span> <span class='ocrx_word' id='word_1_123' title='bbox 289 2049 353 2101; x_wconf 85' lang='lat' dir='ltr'><strong>loco</strong></span> <span class='ocrx_word' id='word_1_124' title='bbox 365 2048 496 2100; x_wconf 78' lang='lat' dir='ltr'><strong>emortus</strong></span> <span class='ocrx_word' id='word_1_125' title='bbox 511 2044 613 2113; x_wconf 87' lang='lat' dir='ltr'><strong>fuerit</strong></span> <span class='ocrx_word' id='word_1_126' title='bbox 624 2047 699 2098; x_wconf 88' lang='lat' dir='ltr'><strong>sunt</strong></span> <span class='ocrx_word' id='word_1_127' title='bbox 706 2045 933 2113; x_wconf 81' lang='lat' dir='ltr'><strong>persequenda.</strong></span> <span class='ocrx_word' id='word_1_128' title='bbox 950 2046 1043 2098; x_wconf 87' lang='lat' dir='ltr'><strong>Ortus</strong></span> <span class='ocrx_word' id='word_1_129' title='bbox 1054 2059 1190 2114; x_wconf 82' lang='lat' dir='ltr'><strong>namque</strong></span> <span class='ocrx_word' id='word_1_130' title='bbox 1198 2050 1337 2103; x_wconf 86' lang='lat' dir='ltr'><strong>estvene·</strong></span> <span class='ocrx_word' id='word_1_131' title='bbox 1412 2081 1415 2085; x_wconf 84' lang='lat'><strong>·</strong></span> 
     </span>
     <span class='ocr_line' id='line_1_16' title="bbox 98 2143 1189 2212; baseline -0.005 -8"><span class='ocrx_word' id='word_1_132' title='bbox 98 2149 231 2204; x_wconf 80' lang='lat' dir='ltr'><strong>raudus</strong></span> <span class='ocrx_word' id='word_1_133' title='bbox 242 2148 347 2202; x_wconf 82' lang='lat' dir='ltr'><strong>cultor</strong></span> <span class='ocrx_word' id='word_1_134' title='bbox 358 2144 518 2199; x_wconf 77' lang='lat' dir='ltr'><strong>lohannes</strong></span> <span class='ocrx_word' id='word_1_135' title='bbox 531 2143 622 2212; x_wconf 86' lang='lat' dir='ltr'><strong>infra</strong></span> <span class='ocrx_word' id='word_1_136' title='bbox 636 2144 784 2198; x_wconf 84' lang='lat' dir='ltr'><strong>terminos</strong></span> <span class='ocrx_word' id='word_1_137' title='bbox 802 2144 1042 2199; x_wconf 69' lang='lat' dir='ltr'><strong>ternodorensis</strong></span> <span class='ocrx_word' id='word_1_138' title='bbox 1055 2147 1189 2200; x_wconf 85' lang='lat' dir='ltr'><strong>castri...</strong></span> 
     </span>
    </p>
   </div>
   <div class='ocr_carea' id='block_1_5' title="bbox 145 2244 1337 3090">
    <p class='ocr_par' dir='ltr' id='par_1_6' title="bbox 145 2244 1337 3090">
     <span class='ocr_line' id='line_1_17' title="bbox 208 2244 1333 2347; baseline 0 -22"><span class='ocrx_word' id='word_1_139' title='bbox 208 2247 274 2325; x_wconf 70' lang='lat'><strong>32⁰</strong></span> <span class='ocrx_word' id='word_1_140' title='bbox 291 2246 421 2324; x_wconf 86' lang='lat' dir='ltr'><strong>Passio</strong></span> <span class='ocrx_word' id='word_1_141' title='bbox 435 2253 590 2323; x_wconf 88' lang='lat' dir='ltr'><strong>sanctae</strong></span> <span class='ocrx_word' id='word_1_142' title='bbox 603 2244 954 2344; x_wconf 80' lang='lat' dir='ltr'><strong>Agathaevirginis,</strong></span> <span class='ocrx_word' id='word_1_143' title='bbox 975 2268 1076 2346; x_wconf 88' lang='lat' dir='ltr'><strong>quae</strong></span> <span class='ocrx_word' id='word_1_144' title='bbox 1093 2269 1206 2347; x_wconf 90' lang='lat' dir='ltr'><strong>passa</strong></span> <span class='ocrx_word' id='word_1_145' title='bbox 1224 2255 1281 2325; x_wconf 92' lang='lat' dir='ltr'><strong>est</strong></span> <span class='ocrx_word' id='word_1_146' title='bbox 1294 2247 1333 2324; x_wconf 91' lang='lat' dir='ltr'><strong>in</strong></span> 
     </span>
     <span class='ocr_line' id='line_1_18' title="bbox 258 2368 1335 2470; baseline -0.001 -21"><span class='ocrx_word' id='word_1_147' title='bbox 258 2369 356 2449; x_wconf 87' lang='lat' dir='ltr'><strong>urbe</strong></span> <span class='ocrx_word' id='word_1_148' title='bbox 370 2368 644 2448; x_wconf 84' lang='lat' dir='ltr'><strong>Catanensium</strong></span> <span class='ocrx_word' id='word_1_149' title='bbox 669 2368 743 2446; x_wconf 92' lang='lat' dir='ltr'><strong>sub</strong></span> <span class='ocrx_word' id='word_1_150' title='bbox 769 2368 888 2446; x_wconf 86' lang='lat' dir='ltr'><strong>becio</strong></span> <span class='ocrx_word' id='word_1_151' title='bbox 907 2369 1143 2470; x_wconf 84' lang='lat' dir='ltr'><strong>imperatore</strong></span> <span class='ocrx_word' id='word_1_152' title='bbox 1162 2378 1200 2448; x_wconf 90' lang='lat' dir='ltr'><strong>et</strong></span> <span class='ocrx_word' id='word_1_153' title='bbox 1218 2372 1335 2462; x_wconf 86' lang='lat' dir='ltr'><strong>Quin-</strong></span> 
     </span>
     <span class='ocr_line' id='line_1_19' title="bbox 257 2493 1322 2596; baseline 0.001 -22"><span class='ocrx_word' id='word_1_154' title='bbox 257 2497 364 2574; x_wconf 89' lang='lat' dir='ltr'><strong>tiano</strong></span> <span class='ocrx_word' id='word_1_155' title='bbox 377 2493 589 2596; x_wconf 84' lang='lat' dir='ltr'><strong>praefecto,</strong></span> <span class='ocrx_word' id='word_1_156' title='bbox 600 2502 638 2571; x_wconf 91' lang='lat' dir='ltr'><strong>et</strong></span> <span class='ocrx_word' id='word_1_157' title='bbox 652 2502 710 2572; x_wconf 91' lang='lat' dir='ltr'><strong>est</strong></span> <span class='ocrx_word' id='word_1_158' title='bbox 723 2493 935 2571; x_wconf 83' lang='lat' dir='ltr'><strong>celebratio</strong></span> <span class='ocrx_word' id='word_1_159' title='bbox 950 2496 1033 2594; x_wconf 89' lang='lat' dir='ltr'><strong>ejus</strong></span> <span class='ocrx_word' id='word_1_160' title='bbox 1047 2518 1169 2575; x_wconf 94' lang='lat' dir='ltr'><strong>nonas</strong></span> <span class='ocrx_word' id='word_1_161' title='bbox 1186 2495 1322 2575; x_wconf 82' lang='lat' dir='ltr'><strong>februa</strong></span> 
     </span>
     <span class='ocr_line' id='line_1_20' title="bbox 258 2620 629 2722; baseline -0.003 -25"><span class='ocrx_word' id='word_1_162' title='bbox 258 2622 307 2697; x_wconf 91' lang='lat' dir='ltr'><strong>rii</strong></span> <span class='ocrx_word' id='word_1_163' title='bbox 323 2620 400 2722; x_wconf 77' lang='lat' dir='ltr'><strong>(fol.</strong></span> <span class='ocrx_word' id='word_1_164' title='bbox 422 2620 588 2719; x_wconf 58' lang='lat' dir='ltr'><strong>lbi-ili).</strong></span> <span class='ocrx_word' id='word_1_165' title='bbox 611 2621 629 2658; x_wconf 79' lang='lat'><em>*</em></span> 
     </span>
     <span class='ocr_line' id='line_1_21' title="bbox 145 2741 1337 2851; baseline 0.003 -29"><span class='ocrx_word' id='word_1_166' title='bbox 145 2845 150 2851; x_wconf 82' lang='lat'><strong>.</strong></span> <span class='ocrx_word' id='word_1_167' title='bbox 208 2743 274 2822; x_wconf 82' lang='grc' dir='ltr'><strong>33ο</strong></span> <span class='ocrx_word' id='word_1_168' title='bbox 286 2744 370 2822; x_wconf 90' lang='lat' dir='ltr'><strong>Vita</strong></span> <span class='ocrx_word' id='word_1_169' title='bbox 387 2743 509 2822; x_wconf 90' lang='lat' dir='ltr'><strong>sancti</strong></span> <span class='ocrx_word' id='word_1_170' title='bbox 528 2741 682 2821; x_wconf 89' lang='lat' dir='ltr'><strong>Vedasti</strong></span> <span class='ocrx_word' id='word_1_171' title='bbox 702 2743 876 2845; x_wconf 87' lang='lat' dir='ltr'><strong>episcopi</strong></span> <span class='ocrx_word' id='word_1_172' title='bbox 904 2753 942 2822; x_wconf 92' lang='lat' dir='ltr'><strong>et</strong></span> <span class='ocrx_word' id='word_1_173' title='bbox 960 2743 1206 2842; x_wconf 88' lang='lat' dir='ltr'><strong>confessoris,</strong></span> <span class='ocrx_word' id='word_1_174' title='bbox 1227 2749 1337 2847; x_wconf 89' lang='lat' dir='ltr'><strong>cujus</strong></span> 
     </span>
     <span class='ocr_line' id='line_1_22' title="bbox 258 2866 1334 2970; baseline 0.004 -25"><span class='ocrx_word' id='word_1_175' title='bbox 258 2890 400 2969; x_wconf 91' lang='lat' dir='ltr'><strong>corpus</strong></span> <span class='ocrx_word' id='word_1_176' title='bbox 428 2866 611 2945; x_wconf 79' lang='lat' dir='ltr'><strong>Atrebate</strong></span> <span class='ocrx_word' id='word_1_177' title='bbox 639 2868 819 2968; x_wconf 85' lang='lat' dir='ltr'><strong>quiescit,</strong></span> <span class='ocrx_word' id='word_1_178' title='bbox 853 2876 892 2946; x_wconf 89' lang='lat' dir='ltr'><strong>et</strong></span> <span class='ocrx_word' id='word_1_179' title='bbox 922 2876 980 2945; x_wconf 90' lang='lat' dir='ltr'><strong>est</strong></span> <span class='ocrx_word' id='word_1_180' title='bbox 1010 2867 1222 2947; x_wconf 84' lang='lat' dir='ltr'><strong>celebratio</strong></span> <span class='ocrx_word' id='word_1_181' title='bbox 1251 2873 1334 2970; x_wconf 87' lang='lat' dir='ltr'><strong>ejus</strong></span> 
     </span>
     <span class='ocr_line' id='line_1_23' title="bbox 258 2990 924 3090; baseline 0 -23"><span class='ocrx_word' id='word_1_182' title='bbox 258 3015 325 3067; x_wconf 84' lang='lat' dir='ltr'><strong>vm</strong></span> <span class='ocrx_word' id='word_1_183' title='bbox 344 2990 433 3068; x_wconf 87' lang='lat' dir='ltr'><strong>idus</strong></span> <span class='ocrx_word' id='word_1_184' title='bbox 452 2990 637 3068; x_wconf 83' lang='lat' dir='ltr'><strong>februarii</strong></span> <span class='ocrx_word' id='word_1_185' title='bbox 656 2990 732 3090; x_wconf 88' lang='lat' dir='ltr'><strong>(fol.</strong></span> <span class='ocrx_word' id='word_1_186' title='bbox 755 2990 924 3089; x_wconf 58' lang='lat' dir='ltr'><strong>ili-iil).</strong></span> 
     </span>
    </p>
   </div>
   <div class='ocr_carea' id='block_1_6' title="bbox 109 3123 1338 3288">
    <p class='ocr_par' dir='ltr' id='par_1_7' title="bbox 109 3123 1338 3288">
     <span class='ocr_line' id='line_1_24' title="bbox 137 3123 1338 3191; baseline 0 -13"><span class='ocrx_word' id='word_1_187' title='bbox 137 3124 190 3178; x_wconf 80' lang='lat' dir='ltr'><strong>Ed.</strong></span> <span class='ocrx_word' id='word_1_188' title='bbox 203 3124 269 3178; x_wconf 80' lang='lat' dir='ltr'><strong>Act.</strong></span> <span class='ocrx_word' id='word_1_189' title='bbox 281 3125 338 3191; x_wconf 67' lang='lat' dir='ltr'><strong>SS„</strong></span> <span class='ocrx_word' id='word_1_190' title='bbox 352 3125 384 3176; x_wconf 84' lang='lat' dir='ltr'><strong>ad</strong></span> <span class='ocrx_word' id='word_1_191' title='bbox 404 3125 461 3177; x_wconf 75' lang='lat' dir='ltr'><strong>uo</strong></span> <span class='ocrx_word' id='word_1_192' title='bbox 482 3125 571 3190; x_wconf 64' lang='lat' dir='ltr'><strong>Febr,</strong></span> <span class='ocrx_word' id='word_1_193' title='bbox 591 3130 655 3177; x_wconf 86' lang='lat' dir='ltr'><strong>tom.</strong></span> <span class='ocrx_word' id='word_1_194' title='bbox 676 3125 696 3185; x_wconf 92' lang='lat' dir='ltr'><strong>l,</strong></span> <span class='ocrx_word' id='word_1_195' title='bbox 711 3139 737 3190; x_wconf 86' lang='lat' dir='ltr'><strong>p.</strong></span> <span class='ocrx_word' id='word_1_196' title='bbox 758 3126 868 3186; x_wconf 57' lang='lat' dir='ltr'><strong>tsi-94„</strong></span> <span class='ocrx_word' id='word_1_197' title='bbox 883 3126 969 3175; x_wconf 89' lang='lat' dir='ltr'><strong>0mm.</strong></span> <span class='ocrx_word' id='word_1_198' title='bbox 993 3137 1069 3177; x_wconf 93' lang='lat' dir='ltr'><strong>num.</strong></span> <span class='ocrx_word' id='word_1_199' title='bbox 1083 3126 1099 3177; x_wconf 84' lang='grc'>9</span> <span class='ocrx_word' id='word_1_200' title='bbox 1111 3130 1137 3177; x_wconf 91' lang='lat' dir='ltr'><strong>et</strong></span> <span class='ocrx_word' id='word_1_201' title='bbox 1158 3123 1290 3190; x_wconf 79' lang='lat' dir='ltr'><strong>quaedam</strong></span> <span class='ocrx_word' id='word_1_202' title='bbox 1311 3126 1338 3178; x_wconf 88' lang='lat' dir='ltr'><strong>in</strong></span> 
     </span>
     <span class='ocr_line' id='line_1_25' title="bbox 109 3221 1222 3288; baseline -0.001 -11"><span class='ocrx_word' id='word_1_203' title='bbox 109 3224 168 3277; x_wconf 85' lang='lat' dir='ltr'><strong>fine</strong></span> <span class='ocrx_word' id='word_1_204' title='bbox 184 3236 262 3276; x_wconf 91' lang='lat' dir='ltr'><strong>num.</strong></span> <span class='ocrx_word' id='word_1_205' title='bbox 275 3226 300 3288; x_wconf 86' lang='lat'><strong>8,</strong></span> <span class='ocrx_word' id='word_1_206' title='bbox 314 3223 417 3275; x_wconf 84' lang='lat' dir='ltr'><strong>scilicet</strong></span> <span class='ocrx_word' id='word_1_207' title='bbox 439 3224 566 3276; x_wconf 85' lang='lat' dir='ltr'><strong>uultum</strong></span> <span class='ocrx_word' id='word_1_208' title='bbox 578 3236 657 3277; x_wconf 87' lang='lat' dir='ltr'><strong>auus</strong></span> <span class='ocrx_word' id='word_1_209' title='bbox 669 3221 1046 3276; x_wconf 84' lang='lat' dir='ltr'><strong>sentientes-incombusta</strong></span> <span class='ocrx_word' id='word_1_210' title='bbox 1058 3222 1222 3276; x_wconf 85' lang='lat' dir='ltr'><strong>remansit.</strong></span> 
     </span>
    </p>
   </div>
   <div class='ocr_carea' id='block_1_7' title="bbox 211 3319 1345 3917">
    <p class='ocr_par' dir='ltr' id='par_1_8' title="bbox 211 3319 1342 3669">
     <span class='ocr_line' id='line_1_26' title="bbox 211 3319 1341 3422; baseline 0.001 -25"><span class='ocrx_word' id='word_1_211' title='bbox 211 3319 276 3397; x_wconf 73' lang='lat'><strong>340</strong></span> <span class='ocrx_word' id='word_1_212' title='bbox 293 3321 425 3399; x_wconf 88' lang='lat' dir='ltr'><strong>Passio</strong></span> <span class='ocrx_word' id='word_1_213' title='bbox 458 3332 683 3400; x_wconf 87' lang='lat' dir='ltr'><strong>sanatorum</strong></span> <span class='ocrx_word' id='word_1_214' title='bbox 714 3321 931 3398; x_wconf 86' lang='lat' dir='ltr'><strong>Dorotbeae</strong></span> <span class='ocrx_word' id='word_1_215' title='bbox 965 3328 1003 3397; x_wconf 88' lang='lat' dir='ltr'><strong>et</strong></span> <span class='ocrx_word' id='word_1_216' title='bbox 1034 3320 1255 3421; x_wconf 86' lang='lat' dir='ltr'><strong>Theophili,</strong></span> <span class='ocrx_word' id='word_1_217' title='bbox 1273 3322 1341 3422; x_wconf 92' lang='lat' dir='ltr'><strong>qui</strong></span> 
     </span>
     <span class='ocr_line' id='line_1_27' title="bbox 260 3443 1340 3545; baseline 0.001 -24"><span class='ocrx_word' id='word_1_218' title='bbox 260 3445 362 3545; x_wconf 90' lang='lat' dir='ltr'><strong>passi</strong></span> <span class='ocrx_word' id='word_1_219' title='bbox 390 3445 546 3523; x_wconf 90' lang='lat' dir='ltr'><strong>suntin</strong></span> <span class='ocrx_word' id='word_1_220' title='bbox 583 3444 829 3545; x_wconf 87' lang='lat' dir='ltr'><strong>Cappadocia</strong></span> <span class='ocrx_word' id='word_1_221' title='bbox 865 3445 971 3544; x_wconf 88' lang='lat' dir='ltr'><strong>apud</strong></span> <span class='ocrx_word' id='word_1_222' title='bbox 1015 3443 1240 3522; x_wconf 85' lang='lat' dir='ltr'><strong>Caesaream</strong></span> <span class='ocrx_word' id='word_1_223' title='bbox 1267 3445 1340 3522; x_wconf 94' lang='lat' dir='ltr'><strong>sub</strong></span> 
     </span>
     <span class='ocr_line' id='line_1_28' title="bbox 262 3567 1342 3669; baseline 0.004 -26"><span class='ocrx_word' id='word_1_224' title='bbox 262 3567 441 3646; x_wconf 88' lang='lat' dir='ltr'><strong>Fabricio</strong></span> <span class='ocrx_word' id='word_1_225' title='bbox 459 3568 640 3669; x_wconf 89' lang='lat' dir='ltr'><strong>praeside</strong></span> <span class='ocrx_word' id='word_1_226' title='bbox 657 3594 725 3647; x_wconf 90' lang='lat' dir='ltr'><strong>vnr</strong></span> <span class='ocrx_word' id='word_1_227' title='bbox 745 3569 834 3646; x_wconf 87' lang='lat' dir='ltr'><strong>idus</strong></span> <span class='ocrx_word' id='word_1_228' title='bbox 853 3568 1037 3645; x_wconf 86' lang='lat' dir='ltr'><strong>februarii</strong></span> <span class='ocrx_word' id='word_1_229' title='bbox 1054 3567 1130 3669; x_wconf 85' lang='lat' dir='ltr'><strong>(fol.</strong></span> <span class='ocrx_word' id='word_1_230' title='bbox 1154 3568 1342 3668; x_wconf 56' lang='grc'><strong>733133*</strong></span> 
     </span>
    </p>

    <p class='ocr_par' dir='ltr' id='par_1_9' title="bbox 214 3691 1345 3917">
     <span class='ocr_line' id='line_1_29' title="bbox 214 3691 1345 3770; baseline 0.001 -1"><span class='ocrx_word' id='word_1_231' title='bbox 214 3692 278 3769; x_wconf 78' lang='lat'><strong>350</strong></span> <span class='ocrx_word' id='word_1_232' title='bbox 295 3692 494 3770; x_wconf 88' lang='lat' dir='ltr'><strong>Transitus</strong></span> <span class='ocrx_word' id='word_1_233' title='bbox 512 3692 635 3770; x_wconf 92' lang='lat' dir='ltr'><strong>sancti</strong></span> <span class='ocrx_word' id='word_1_234' title='bbox 654 3715 699 3769; x_wconf 89' lang='lat' dir='ltr'><strong>ac</strong></span> <span class='ocrx_word' id='word_1_235' title='bbox 714 3692 929 3770; x_wconf 89' lang='lat' dir='ltr'><strong>beatissimi</strong></span> <span class='ocrx_word' id='word_1_236' title='bbox 945 3691 1052 3768; x_wconf 90' lang='lat' dir='ltr'><strong>Pauli</strong></span> <span class='ocrx_word' id='word_1_237' title='bbox 1073 3691 1181 3769; x_wconf 91' lang='lat' dir='ltr'><strong>urbis</strong></span> <span class='ocrx_word' id='word_1_238' title='bbox 1199 3691 1345 3770; x_wconf 86' lang='lat' dir='ltr'><strong>Romae</strong></span> 
     </span>
     <span class='ocr_line' id='line_1_30' title="bbox 265 3814 1342 3917; baseline -0.003 -23"><span class='ocrx_word' id='word_1_239' title='bbox 265 3816 453 3917; x_wconf 87' lang='lat' dir='ltr'><strong>episcopi,</strong></span> <span class='ocrx_word' id='word_1_240' title='bbox 486 3816 554 3916; x_wconf 88' lang='lat' dir='ltr'><strong>qui</strong></span> <span class='ocrx_word' id='word_1_241' title='bbox 591 3815 820 3895; x_wconf 89' lang='lat' dir='ltr'><strong>observatur</strong></span> <span class='ocrx_word' id='word_1_242' title='bbox 853 3840 890 3893; x_wconf 84' lang='lat' dir='ltr'><strong>vr</strong></span> <span class='ocrx_word' id='word_1_243' title='bbox 925 3814 1014 3893; x_wconf 90' lang='lat' dir='ltr'><strong>idus</strong></span> <span class='ocrx_word' id='word_1_244' title='bbox 1049 3815 1234 3893; x_wconf 85' lang='lat' dir='ltr'><strong>februarii</strong></span> <span class='ocrx_word' id='word_1_245' title='bbox 1265 3816 1342 3915; x_wconf 67' lang='lat' dir='ltr'><strong>(iol.</strong></span> 
     </span>
    </p>
   </div>
   <div class='ocr_carea' id='block_1_8' title="bbox 115 4069 1342 4234">
    <p class='ocr_par' dir='ltr' id='par_1_10' title="bbox 115 4069 1342 4234">
     <span class='ocr_line' id='line_1_31' title="bbox 146 4069 1342 4136; baseline 0 -13"><span class='ocrx_word' id='word_1_246' title='bbox 146 4071 256 4123; x_wconf 85' lang='lat' dir='ltr'><strong>Scilicet</strong></span> <span class='ocrx_word' id='word_1_247' title='bbox 266 4073 330 4125; x_wconf 75' lang='lat' dir='ltr'><strong>Acta</strong></span> <span class='ocrx_word' id='word_1_248' title='bbox 342 4074 369 4124; x_wconf 89' lang='lat' dir='ltr'><strong>S.</strong></span> <span class='ocrx_word' id='word_1_249' title='bbox 383 4071 458 4124; x_wconf 82' lang='lat' dir='ltr'><strong>Pauli</strong></span> <span class='ocrx_word' id='word_1_250' title='bbox 470 4071 666 4133; x_wconf 63' lang='lat' dir='ltr'><strong>Narbonensis</strong></span> <span class='ocrx_word' id='word_1_251' title='bbox 680 4071 723 4123; x_wconf 78' lang='lat' dir='ltr'><strong>etl.</strong></span> <span class='ocrx_word' id='word_1_252' title='bbox 737 4071 802 4124; x_wconf 83' lang='lat' dir='ltr'><strong>Act.</strong></span> <span class='ocrx_word' id='word_1_253' title='bbox 816 4071 873 4133; x_wconf 77' lang='lat' dir='ltr'><strong>SS..</strong></span> <span class='ocrx_word' id='word_1_254' title='bbox 887 4070 920 4122; x_wconf 88' lang='lat' dir='ltr'><strong>ad</strong></span> <span class='ocrx_word' id='word_1_255' title='bbox 931 4069 958 4121; x_wconf 88' lang='lat' dir='ltr'><strong>d.</strong></span> <span class='ocrx_word' id='word_1_256' title='bbox 972 4071 1004 4121; x_wconf 71' lang='lat' dir='ltr'><strong>ii</strong></span> <span class='ocrx_word' id='word_1_257' title='bbox 1015 4072 1101 4134; x_wconf 82' lang='lat' dir='ltr'><strong>Mart,</strong></span> <span class='ocrx_word' id='word_1_258' title='bbox 1115 4075 1179 4123; x_wconf 85' lang='lat' dir='ltr'><strong>tom.</strong></span> <span class='ocrx_word' id='word_1_259' title='bbox 1194 4073 1227 4133; x_wconf 88' lang='lat' dir='ltr'><strong>lt,</strong></span> <span class='ocrx_word' id='word_1_260' title='bbox 1243 4086 1269 4136; x_wconf 89' lang='lat' dir='ltr'><strong>p.</strong></span> <span class='ocrx_word' id='word_1_261' title='bbox 1282 4075 1342 4124; x_wconf 74' lang='lat'>573-</span> 
     </span>
     <span class='ocr_line' id='line_1_32' title="bbox 115 4171 350 4234; baseline -0.004 -13"><span class='ocrx_word' id='word_1_262' title='bbox 115 4171 161 4234; x_wconf 66' lang='grc'><strong>74,</strong></span> <span class='ocrx_word' id='word_1_263' title='bbox 180 4181 254 4220; x_wconf 87' lang='lat' dir='ltr'><strong>num.</strong></span> <span class='ocrx_word' id='word_1_264' title='bbox 270 4171 350 4220; x_wconf 69' lang='lat' dir='ltr'><strong>teti.</strong></span> 
     </span>
    </p>
   </div>
   <div class='ocr_carea' id='block_1_9' title="bbox 219 4246 1342 4735">
    <p class='ocr_par' dir='ltr' id='par_1_11' title="bbox 219 4246 1341 4612">
     <span class='ocr_line' id='line_1_33' title="bbox 219 4246 1339 4367; baseline 0.002 -24"><span class='ocrx_word' id='word_1_265' title='bbox 219 4266 280 4344; x_wconf 86' lang='lat'><strong>36⁰</strong></span> <span class='ocrx_word' id='word_1_266' title='bbox 297 4268 379 4345; x_wconf 89' lang='lat' dir='ltr'><strong>Vita</strong></span> <span class='ocrx_word' id='word_1_267' title='bbox 397 4268 519 4346; x_wconf 92' lang='lat' dir='ltr'><strong>sancti</strong></span> <span class='ocrx_word' id='word_1_268' title='bbox 539 4288 583 4344; x_wconf 91' lang='lat' dir='ltr'><strong>ac</strong></span> <span class='ocrx_word' id='word_1_269' title='bbox 600 4266 816 4344; x_wconf 91' lang='lat' dir='ltr'><strong>beatissimi</strong></span> <span class='ocrx_word' id='word_1_270' title='bbox 844 4265 1073 4365; x_wconf 77' lang='lat' dir='ltr'><strong>austrigisili</strong></span> <span class='ocrx_word' id='word_1_271' title='bbox 1094 4246 1268 4367; x_wconf 82' lang='lat' dir='ltr'><strong>episcopi</strong></span> <span class='ocrx_word' id='word_1_272' title='bbox 1301 4278 1339 4346; x_wconf 92' lang='lat' dir='ltr'><strong>et</strong></span> 
     </span>
     <span class='ocr_line' id='line_1_34' title="bbox 269 4389 1341 4491; baseline 0.002 -24"><span class='ocrx_word' id='word_1_273' title='bbox 269 4391 513 4487; x_wconf 87' lang='lat' dir='ltr'><strong>confessoris,</strong></span> <span class='ocrx_word' id='word_1_274' title='bbox 534 4393 644 4489; x_wconf 86' lang='lat' dir='ltr'><strong>cujus</strong></span> <span class='ocrx_word' id='word_1_275' title='bbox 663 4413 805 4491; x_wconf 88' lang='lat' dir='ltr'><strong>corpus</strong></span> <span class='ocrx_word' id='word_1_276' title='bbox 825 4389 1014 4467; x_wconf 79' lang='lat' dir='ltr'><strong>bituricas</strong></span> <span class='ocrx_word' id='word_1_277' title='bbox 1031 4389 1210 4490; x_wconf 89' lang='lat' dir='ltr'><strong>quiescit,</strong></span> <span class='ocrx_word' id='word_1_278' title='bbox 1232 4401 1270 4468; x_wconf 90' lang='lat' dir='ltr'><strong>et</strong></span> <span class='ocrx_word' id='word_1_279' title='bbox 1284 4401 1341 4469; x_wconf 93' lang='lat' dir='ltr'><strong>est</strong></span> 
     </span>
     <span class='ocr_line' id='line_1_35' title="bbox 270 4511 1221 4612; baseline -0.002 -22"><span class='ocrx_word' id='word_1_280' title='bbox 270 4514 453 4591; x_wconf 88' lang='lat' dir='ltr'><strong>transitus</strong></span> <span class='ocrx_word' id='word_1_281' title='bbox 471 4513 595 4612; x_wconf 91' lang='lat' dir='ltr'><strong>ipsius</strong></span> <span class='ocrx_word' id='word_1_282' title='bbox 613 4536 659 4588; x_wconf 85' lang='lat' dir='ltr'><strong>xv</strong></span> <span class='ocrx_word' id='word_1_283' title='bbox 678 4512 753 4587; x_wconf 92' lang='lat' dir='ltr'><strong>kal.</strong></span> <span class='ocrx_word' id='word_1_284' title='bbox 773 4511 901 4588; x_wconf 88' lang='lat' dir='ltr'><strong>martii</strong></span> <span class='ocrx_word' id='word_1_285' title='bbox 920 4512 997 4610; x_wconf 77' lang='lat' dir='ltr'><strong>(tol.</strong></span> <span class='ocrx_word' id='word_1_286' title='bbox 1016 4513 1180 4611; x_wconf 54' lang='lat' dir='ltr'><strong>ilidii).</strong></span> <span class='ocrx_word' id='word_1_287' title='bbox 1203 4516 1221 4549; x_wconf 60' lang='lat' dir='ltr'><strong>&#39;i</strong></span> 
     </span>
    </p>

    <p class='ocr_par' dir='ltr' id='par_1_12' title="bbox 222 4634 1342 4735">
     <span class='ocr_line' id='line_1_36' title="bbox 222 4634 1342 4735; baseline 0.001 -25"><span class='ocrx_word' id='word_1_288' title='bbox 222 4634 282 4710; x_wconf 75' lang='lat'><strong>370</strong></span> <span class='ocrx_word' id='word_1_289' title='bbox 300 4636 429 4715; x_wconf 91' lang='lat' dir='ltr'><strong>Passio</strong></span> <span class='ocrx_word' id='word_1_290' title='bbox 442 4644 596 4714; x_wconf 85' lang='lat' dir='ltr'><strong>sanctae</strong></span> <span class='ocrx_word' id='word_1_291' title='bbox 609 4635 787 4712; x_wconf 76' lang='lat' dir='ltr'><strong>vJulianae</strong></span> <span class='ocrx_word' id='word_1_292' title='bbox 800 4635 973 4734; x_wconf 82' lang='lat' dir='ltr'><strong>virginis,</strong></span> <span class='ocrx_word' id='word_1_293' title='bbox 985 4659 1084 4734; x_wconf 87' lang='lat' dir='ltr'><strong>quae</strong></span> <span class='ocrx_word' id='word_1_294' title='bbox 1100 4659 1209 4735; x_wconf 87' lang='lat' dir='ltr'><strong>passa</strong></span> <span class='ocrx_word' id='word_1_295' title='bbox 1228 4647 1285 4715; x_wconf 92' lang='lat' dir='ltr'><strong>est</strong></span> <span class='ocrx_word' id='word_1_296' title='bbox 1304 4637 1342 4712; x_wconf 93' lang='lat' dir='ltr'><strong>in</strong></span> 
     </span>
    </p>
   </div>
   <div class='ocr_carea' id='block_1_10' title="bbox 0 0 1693 5482">
    <p class='ocr_par' dir='ltr' id='par_1_13' title="bbox 0 0 1693 5482">
     <span class='ocr_line' id='line_1_37' title="bbox 0 0 1693 5482; baseline 0 0"><span class='ocrx_word' id='word_1_297' title='bbox 0 0 1693 5482; x_wconf 95' lang='lat' dir='ltr'><strong> </strong></span> 
     </span>
    </p>
   </div>
  </div>
 </body>
</html>
