<?xml version="1.0" encoding="UTF-8"?>
<!DOCTYPE html PUBLIC "-//W3C//DTD XHTML 1.0 Transitional//EN"
    "http://www.w3.org/TR/xhtml1/DTD/xhtml1-transitional.dtd">
<html xmlns="http://www.w3.org/1999/xhtml" xml:lang="en" lang="en">
 <head>
  <title>
</title>
<meta http-equiv="Content-Type" content="text/html;charset=utf-8" />
  <meta name='ocr-system' content='tesseract 3.04.00' />
  <meta name='ocr-capabilities' content='ocr_page ocr_carea ocr_par ocr_line ocrx_word'/>
</head>
<body>
  <div class='ocr_page' id='page_1' title='image "./cataloguscodicu02manugoog_0373.png"; bbox 0 0 3316 5482; ppageno 0'>
   <div class='ocr_carea' id='block_1_1' title="bbox 205 338 1091 405">
    <p class='ocr_par' dir='ltr' id='par_1_1' title="bbox 205 338 1091 405">
     <span class='ocr_line' id='line_1_1' title="bbox 205 338 1091 405; baseline 0 -1"><span class='ocrx_word' id='word_1_1' title='bbox 205 338 272 404; x_wconf 87' lang='grc'>348</span> <span class='ocrx_word' id='word_1_2' title='bbox 550 352 677 403; x_wconf 76' lang='lat' dir='ltr'>curun</span> <span class='ocrx_word' id='word_1_3' title='bbox 696 353 799 403; x_wconf 84' lang='lat' dir='ltr'>cona.</span> <span class='ocrx_word' id='word_1_4' title='bbox 818 353 992 404; x_wconf 80' lang='grc' dir='ltr'><strong>111010οι0.</strong></span> <span class='ocrx_word' id='word_1_5' title='bbox 1011 354 1091 405; x_wconf 77' lang='lat' dir='ltr'>nar.</span> 
     </span>
    </p>
   </div>
   <div class='ocr_carea' id='block_1_2' title="bbox 188 522 1488 4674">
    <p class='ocr_par' dir='ltr' id='par_1_2' title="bbox 206 522 1473 991">
     <span class='ocr_line' id='line_1_2' title="bbox 239 522 1442 592; baseline 0.002 -16"><span class='ocrx_word' id='word_1_6' title='bbox 239 524 377 577; x_wconf 64' lang='grc'><strong>21011000</strong></span> <span class='ocrx_word' id='word_1_7' title='bbox 398 527 538 590; x_wconf 87' lang='lat' dir='ltr'>practerea</span> <span class='ocrx_word' id='word_1_8' title='bbox 556 522 680 588; x_wconf 82' lang='lat' dir='ltr'>feminas,</span> <span class='ocrx_word' id='word_1_9' title='bbox 693 524 856 591; x_wconf 86' lang='lat' dir='ltr'>ltotbergam</span> <span class='ocrx_word' id='word_1_10' title='bbox 874 522 1016 577; x_wconf 89' lang='lat' dir='ltr'>scilicetet</span> <span class='ocrx_word' id='word_1_11' title='bbox 1027 524 1206 592; x_wconf 84' lang='lat' dir='ltr'>Thebergam,</span> <span class='ocrx_word' id='word_1_12' title='bbox 1220 536 1305 578; x_wconf 90' lang='lat' dir='ltr'>saeva</span> <span class='ocrx_word' id='word_1_13' title='bbox 1324 528 1442 591; x_wconf 85' lang='lat' dir='ltr'>potestas</span> 
     </span>
     <span class='ocr_line' id='line_1_3' title="bbox 207 623 1443 694; baseline 0.001 -15"><span class='ocrx_word' id='word_1_14' title='bbox 207 626 308 680; x_wconf 93' lang='lat' dir='ltr'>diaboii</span> <span class='ocrx_word' id='word_1_15' title='bbox 318 626 370 678; x_wconf 93' lang='lat' dir='ltr'>sibi</span> <span class='ocrx_word' id='word_1_16' title='bbox 379 625 413 677; x_wconf 95' lang='lat' dir='ltr'>ad</span> <span class='ocrx_word' id='word_1_17' title='bbox 425 623 605 678; x_wconf 86' lang='lat' dir='ltr'>habitandum</span> <span class='ocrx_word' id='word_1_18' title='bbox 616 624 819 691; x_wconf 87' lang='lat' dir='ltr'>vindicaverat;</span> <span class='ocrx_word' id='word_1_19' title='bbox 830 624 876 677; x_wconf 90' lang='lat' dir='ltr'>sed</span> <span class='ocrx_word' id='word_1_20' title='bbox 891 625 1004 679; x_wconf 83' lang='lat' dir='ltr'>fortiore</span> <span class='ocrx_word' id='word_1_21' title='bbox 1014 625 1223 680; x_wconf 78' lang='lat' dir='ltr'>intercessionis</span> <span class='ocrx_word' id='word_1_22' title='bbox 1232 625 1312 679; x_wconf 89' lang='lat' dir='ltr'>illius</span> <span class='ocrx_word' id='word_1_23' title='bbox 1322 628 1443 694; x_wconf 90' lang='lat' dir='ltr'>potentia</span> 
     </span>
     <span class='ocr_line' id='line_1_4' title="bbox 206 724 1443 795; baseline 0.001 -16"><span class='ocrx_word' id='word_1_24' title='bbox 206 730 342 794; x_wconf 87' lang='lat' dir='ltr'>superata,</span> <span class='ocrx_word' id='word_1_25' title='bbox 356 726 462 793; x_wconf 87' lang='lat' dir='ltr'>longius</span> <span class='ocrx_word' id='word_1_26' title='bbox 479 726 514 778; x_wconf 91' lang='lat' dir='ltr'>ab</span> <span class='ocrx_word' id='word_1_27' title='bbox 535 738 630 778; x_wconf 91' lang='lat' dir='ltr'>earum</span> <span class='ocrx_word' id='word_1_28' title='bbox 653 725 813 791; x_wconf 83' lang='lat' dir='ltr'>corporibus</span> <span class='ocrx_word' id='word_1_29' title='bbox 835 732 877 778; x_wconf 92' lang='lat' dir='ltr'>est</span> <span class='ocrx_word' id='word_1_30' title='bbox 897 724 996 792; x_wconf 79' lang='lat' dir='ltr'>bagata.</span> <span class='ocrx_word' id='word_1_31' title='bbox 1018 726 1061 777; x_wconf 91' lang='lat' dir='ltr'>sic</span> <span class='ocrx_word' id='word_1_32' title='bbox 1082 725 1165 793; x_wconf 88' lang='lat' dir='ltr'>igitur</span> <span class='ocrx_word' id='word_1_33' title='bbox 1185 725 1334 791; x_wconf 91' lang='lat' dir='ltr'>operando</span> <span class='ocrx_word' id='word_1_34' title='bbox 1358 739 1443 795; x_wconf 89' lang='lat' dir='ltr'>usque</span> 
     </span>
     <span class='ocr_line' id='line_1_5' title="bbox 207 822 1444 890; baseline 0.001 -13"><span class='ocrx_word' id='word_1_35' title='bbox 207 826 288 879; x_wconf 88' lang='lat' dir='ltr'>bodie</span> <span class='ocrx_word' id='word_1_36' title='bbox 299 826 412 878; x_wconf 90' lang='lat' dir='ltr'>virtutes</span> <span class='ocrx_word' id='word_1_37' title='bbox 426 824 569 877; x_wconf 83' lang='lat' dir='ltr'>virtutibus</span> <span class='ocrx_word' id='word_1_38' title='bbox 590 823 674 886; x_wconf 87' lang='lat' dir='ltr'>addit,</span> <span class='ocrx_word' id='word_1_39' title='bbox 688 831 715 876; x_wconf 91' lang='lat' dir='ltr'>et</span> <span class='ocrx_word' id='word_1_40' title='bbox 727 823 788 875; x_wconf 91' lang='lat' dir='ltr'>aliis</span> <span class='ocrx_word' id='word_1_41' title='bbox 808 828 889 890; x_wconf 87' lang='lat' dir='ltr'>atque</span> <span class='ocrx_word' id='word_1_42' title='bbox 901 822 963 875; x_wconf 91' lang='lat' dir='ltr'>aliis</span> <span class='ocrx_word' id='word_1_43' title='bbox 981 822 1138 877; x_wconf 87' lang='lat' dir='ltr'>miserendo</span> <span class='ocrx_word' id='word_1_44' title='bbox 1157 823 1357 877; x_wconf 84' lang='lat' dir='ltr'>inexhaustum</span> <span class='ocrx_word' id='word_1_45' title='bbox 1372 823 1444 878; x_wconf 89' lang='lat' dir='ltr'>miri·</span> 
     </span>
     <span class='ocr_line' id='line_1_6' title="bbox 207 922 1473 991; baseline -0.006 -14"><span class='ocrx_word' id='word_1_46' title='bbox 207 923 275 978; x_wconf 86' lang='grc'><strong>11000</strong></span> <span class='ocrx_word' id='word_1_47' title='bbox 287 925 394 991; x_wconf 90' lang='lat' dir='ltr'>pietatis</span> <span class='ocrx_word' id='word_1_48' title='bbox 406 924 510 976; x_wconf 90' lang='lat' dir='ltr'>donum</span> <span class='ocrx_word' id='word_1_49' title='bbox 523 922 661 989; x_wconf 84' lang='lat' dir='ltr'>expendit.</span> <span class='ocrx_word' id='word_1_50' title='bbox 979 974 983 981; x_wconf 81' lang='grc'>,</span> <span class='ocrx_word' id='word_1_51' title='bbox 1456 926 1473 978; x_wconf 77' lang='lat' dir='ltr'>s</span> 
     </span>
    </p>

    <p class='ocr_par' dir='ltr' id='par_1_3' title="bbox 207 1021 1445 1291">
     <span class='ocr_line' id='line_1_7' title="bbox 241 1021 1445 1090; baseline 0.002 -15"><span class='ocrx_word' id='word_1_52' title='bbox 241 1023 294 1077; x_wconf 73' lang='lat'>27.</span> <span class='ocrx_word' id='word_1_53' title='bbox 310 1024 432 1090; x_wconf 89' lang='lat' dir='ltr'>benique</span> <span class='ocrx_word' id='word_1_54' title='bbox 449 1037 464 1076; x_wconf 91' lang='lat' dir='ltr'>a</span> <span class='ocrx_word' id='word_1_55' title='bbox 476 1022 634 1090; x_wconf 84' lang='lat' dir='ltr'>liegenoldo</span> <span class='ocrx_word' id='word_1_56' title='bbox 647 1027 674 1074; x_wconf 90' lang='lat' dir='ltr'>et</span> <span class='ocrx_word' id='word_1_57' title='bbox 684 1021 844 1085; x_wconf 82' lang='lat' dir='ltr'>Ereniredo,</span> <span class='ocrx_word' id='word_1_58' title='bbox 858 1022 961 1075; x_wconf 93' lang='lat' dir='ltr'>lumine</span> <span class='ocrx_word' id='word_1_59' title='bbox 978 1021 1089 1076; x_wconf 87' lang='lat' dir='ltr'>videndi</span> <span class='ocrx_word' id='word_1_60' title='bbox 1108 1021 1228 1089; x_wconf 90' lang='lat' dir='ltr'>reddito,</span> <span class='ocrx_word' id='word_1_61' title='bbox 1241 1024 1378 1077; x_wconf 85' lang='lat' dir='ltr'>tenebras</span> <span class='ocrx_word' id='word_1_62' title='bbox 1389 1036 1445 1078; x_wconf 81' lang='lat' dir='ltr'>cae</span> 
     </span>
     <span class='ocr_line' id='line_1_8' title="bbox 207 1121 1444 1189; baseline 0.002 -13"><span class='ocrx_word' id='word_1_63' title='bbox 207 1124 295 1177; x_wconf 89' lang='lat' dir='ltr'>citatis</span> <span class='ocrx_word' id='word_1_64' title='bbox 307 1124 424 1189; x_wconf 80' lang='lat' dir='ltr'>expulit3</span> <span class='ocrx_word' id='word_1_65' title='bbox 438 1130 465 1176; x_wconf 92' lang='lat' dir='ltr'>et</span> <span class='ocrx_word' id='word_1_66' title='bbox 477 1122 656 1175; x_wconf 85' lang='lat' dir='ltr'>walecarium</span> <span class='ocrx_word' id='word_1_67' title='bbox 670 1127 750 1189; x_wconf 91' lang='lat' dir='ltr'>atque</span> <span class='ocrx_word' id='word_1_68' title='bbox 761 1121 903 1176; x_wconf 71' lang='lat' dir='ltr'>iltrudem</span> <span class='ocrx_word' id='word_1_69' title='bbox 915 1135 930 1175; x_wconf 91' lang='lat' dir='ltr'>a</span> <span class='ocrx_word' id='word_1_70' title='bbox 943 1121 1132 1175; x_wconf 89' lang='lat' dir='ltr'>crudelissima</span> <span class='ocrx_word' id='word_1_71' title='bbox 1144 1123 1316 1178; x_wconf 90' lang='lat' dir='ltr'>daemonum</span> <span class='ocrx_word' id='word_1_72' title='bbox 1335 1125 1444 1178; x_wconf 79' lang='lat' dir='ltr'>intesta·</span> 
     </span>
     <span class='ocr_line' id='line_1_9' title="bbox 208 1223 817 1291; baseline 0 -15"><span class='ocrx_word' id='word_1_73' title='bbox 208 1223 296 1289; x_wconf 90' lang='lat' dir='ltr'>tione,</span> <span class='ocrx_word' id='word_1_74' title='bbox 310 1237 391 1291; x_wconf 89' lang='lat' dir='ltr'>quam</span> <span class='ocrx_word' id='word_1_75' title='bbox 404 1223 453 1275; x_wconf 91' lang='lat' dir='ltr'>diu</span> <span class='ocrx_word' id='word_1_76' title='bbox 466 1223 538 1290; x_wconf 88' lang='lat' dir='ltr'>passi</span> <span class='ocrx_word' id='word_1_77' title='bbox 552 1223 670 1290; x_wconf 85' lang='lat' dir='ltr'>lucrant,</span> <span class='ocrx_word' id='word_1_78' title='bbox 683 1223 817 1276; x_wconf 90' lang='lat' dir='ltr'>liberavit.</span> 
     </span>
    </p>

    <p class='ocr_par' dir='ltr' id='par_1_4' title="bbox 209 1320 1487 1688">
     <span class='ocr_line' id='line_1_10' title="bbox 240 1320 1444 1388; baseline 0.002 -14"><span class='ocrx_word' id='word_1_79' title='bbox 240 1320 294 1374; x_wconf 78' lang='lat'>28.</span> <span class='ocrx_word' id='word_1_80' title='bbox 314 1322 410 1374; x_wconf 86' lang='lat' dir='ltr'>Omnia</span> <span class='ocrx_word' id='word_1_81' title='bbox 423 1335 471 1388; x_wconf 89' lang='lat' dir='ltr'>per</span> <span class='ocrx_word' id='word_1_82' title='bbox 483 1322 702 1387; x_wconf 85' lang='lat' dir='ltr'>omnipotentem</span> <span class='ocrx_word' id='word_1_83' title='bbox 715 1334 744 1374; x_wconf 91' lang='lat' dir='ltr'>se</span> <span class='ocrx_word' id='word_1_84' title='bbox 763 1320 884 1374; x_wconf 91' lang='lat' dir='ltr'>remedia</span> <span class='ocrx_word' id='word_1_85' title='bbox 897 1322 1023 1375; x_wconf 84' lang='lat' dir='ltr'>conferre</span> <span class='ocrx_word' id='word_1_86' title='bbox 1036 1335 1116 1388; x_wconf 92' lang='lat' dir='ltr'>posse</span> <span class='ocrx_word' id='word_1_87' title='bbox 1129 1321 1340 1378; x_wconf 86' lang='lat' dir='ltr'>evidentissime</span> <span class='ocrx_word' id='word_1_88' title='bbox 1354 1324 1444 1378; x_wconf 86' lang='lat' dir='ltr'>decla·</span> 
     </span>
     <span class='ocr_line' id='line_1_11' title="bbox 209 1421 1487 1489; baseline 0.002 -15"><span class='ocrx_word' id='word_1_89' title='bbox 209 1422 286 1475; x_wconf 89' lang='lat' dir='ltr'>ravit.</span> <span class='ocrx_word' id='word_1_90' title='bbox 300 1424 366 1474; x_wconf 87' lang='lat' dir='ltr'>Nam</span> <span class='ocrx_word' id='word_1_91' title='bbox 379 1421 460 1474; x_wconf 91' lang='lat' dir='ltr'>etiam</span> <span class='ocrx_word' id='word_1_92' title='bbox 472 1421 540 1474; x_wconf 92' lang='lat' dir='ltr'>illud</span> <span class='ocrx_word' id='word_1_93' title='bbox 553 1421 660 1488; x_wconf 86' lang='lat' dir='ltr'>insigne</span> <span class='ocrx_word' id='word_1_94' title='bbox 674 1422 789 1487; x_wconf 84' lang='lat' dir='ltr'>patravit</span> <span class='ocrx_word' id='word_1_95' title='bbox 807 1421 979 1487; x_wconf 83' lang='lat' dir='ltr'>miraculum,</span> <span class='ocrx_word' id='word_1_96' title='bbox 991 1427 1023 1474; x_wconf 94' lang='lat' dir='ltr'>ut</span> <span class='ocrx_word' id='word_1_97' title='bbox 1035 1422 1167 1475; x_wconf 79' lang='lat' dir='ltr'>infantem</span> <span class='ocrx_word' id='word_1_98' title='bbox 1180 1428 1286 1489; x_wconf 91' lang='lat' dir='ltr'>septem</span> <span class='ocrx_word' id='word_1_99' title='bbox 1301 1437 1441 1477; x_wconf 88' lang='lat' dir='ltr'>annorum</span> <span class='ocrx_word' id='word_1_100' title='bbox 1460 1424 1487 1476; x_wconf 87' lang='lat' dir='ltr'>rt</span> 
     </span>
     <span class='ocr_line' id='line_1_12' title="bbox 209 1520 1446 1591; baseline 0.003 -18"><span class='ocrx_word' id='word_1_101' title='bbox 209 1521 284 1588; x_wconf 92' lang='lat' dir='ltr'>loqui</span> <span class='ocrx_word' id='word_1_102' title='bbox 297 1522 399 1574; x_wconf 86' lang='lat' dir='ltr'>iaceret</span> <span class='ocrx_word' id='word_1_103' title='bbox 420 1520 589 1574; x_wconf 91' lang='lat' dir='ltr'>anativitate</span> <span class='ocrx_word' id='word_1_104' title='bbox 610 1528 727 1587; x_wconf 89' lang='lat' dir='ltr'>mutum,</span> <span class='ocrx_word' id='word_1_105' title='bbox 746 1526 773 1573; x_wconf 92' lang='lat' dir='ltr'>et</span> <span class='ocrx_word' id='word_1_106' title='bbox 792 1521 900 1574; x_wconf 89' lang='lat' dir='ltr'>mulieri</span> <span class='ocrx_word' id='word_1_107' title='bbox 913 1520 1022 1574; x_wconf 90' lang='lat' dir='ltr'>cuidam</span> <span class='ocrx_word' id='word_1_108' title='bbox 1043 1521 1142 1575; x_wconf 90' lang='lat' dir='ltr'>surdae</span> <span class='ocrx_word' id='word_1_109' title='bbox 1163 1526 1191 1575; x_wconf 92' lang='lat' dir='ltr'>et</span> <span class='ocrx_word' id='word_1_110' title='bbox 1211 1527 1316 1591; x_wconf 83' lang='lat' dir='ltr'>mutae,</span> <span class='ocrx_word' id='word_1_111' title='bbox 1331 1525 1446 1577; x_wconf 90' lang='lat' dir='ltr'>nornine</span> 
     </span>
     <span class='ocr_line' id='line_1_13' title="bbox 209 1619 1171 1688; baseline 0.001 -17"><span class='ocrx_word' id='word_1_112' title='bbox 209 1619 388 1687; x_wconf 86' lang='lat' dir='ltr'>liangetrudi,</span> <span class='ocrx_word' id='word_1_113' title='bbox 400 1619 541 1688; x_wconf 89' lang='lat' dir='ltr'>geminum</span> <span class='ocrx_word' id='word_1_114' title='bbox 553 1619 683 1686; x_wconf 89' lang='lat' dir='ltr'>loquendi</span> <span class='ocrx_word' id='word_1_115' title='bbox 696 1626 723 1672; x_wconf 93' lang='lat' dir='ltr'>et</span> <span class='ocrx_word' id='word_1_116' title='bbox 735 1619 866 1673; x_wconf 90' lang='lat' dir='ltr'>audiendi</span> <span class='ocrx_word' id='word_1_117' title='bbox 880 1620 1037 1673; x_wconf 90' lang='lat' dir='ltr'>restitueret</span> <span class='ocrx_word' id='word_1_118' title='bbox 1049 1634 1171 1673; x_wconf 90' lang='lat' dir='ltr'>sensum.</span> 
     </span>
    </p>

    <p class='ocr_par' dir='ltr' id='par_1_5' title="bbox 209 1718 1488 3279">
     <span class='ocr_line' id='line_1_14' title="bbox 242 1718 1446 1789; baseline 0.004 -19"><span class='ocrx_word' id='word_1_119' title='bbox 242 1718 296 1771; x_wconf 79' lang='lat'>29.</span> <span class='ocrx_word' id='word_1_120' title='bbox 318 1721 394 1772; x_wconf 87' lang='lat' dir='ltr'>inter</span> <span class='ocrx_word' id='word_1_121' title='bbox 414 1719 482 1772; x_wconf 87' lang='lat' dir='ltr'>baec</span> <span class='ocrx_word' id='word_1_122' title='bbox 493 1718 642 1772; x_wconf 88' lang='lat' dir='ltr'>daemones</span> <span class='ocrx_word' id='word_1_123' title='bbox 663 1725 774 1773; x_wconf 86' lang='grc' dir='ltr'><strong>0000οι</strong></span> <span class='ocrx_word' id='word_1_124' title='bbox 794 1720 916 1773; x_wconf 91' lang='lat' dir='ltr'>inaudito</span> <span class='ocrx_word' id='word_1_125' title='bbox 934 1721 1165 1786; x_wconf 82' lang='lat' dir='ltr'>praesumptionis</span> <span class='ocrx_word' id='word_1_126' title='bbox 1186 1734 1290 1789; x_wconf 80' lang='lat' dir='ltr'>genere</span> <span class='ocrx_word' id='word_1_127' title='bbox 1314 1722 1446 1789; x_wconf 90' lang='lat' dir='ltr'>iniquum</span> 
     </span>
     <span class='ocr_line' id='line_1_15' title="bbox 209 1816 1444 1885; baseline 0 -15"><span class='ocrx_word' id='word_1_128' title='bbox 209 1823 304 1870; x_wconf 88' lang='lat' dir='ltr'>contra</span> <span class='ocrx_word' id='word_1_129' title='bbox 315 1816 553 1884; x_wconf 85' lang='lat' dir='ltr'>inexpugnabilem</span> <span class='ocrx_word' id='word_1_130' title='bbox 566 1822 593 1869; x_wconf 90' lang='lat' dir='ltr'>et</span> <span class='ocrx_word' id='word_1_131' title='bbox 612 1817 759 1885; x_wconf 86' lang='lat' dir='ltr'>gloriosum</span> <span class='ocrx_word' id='word_1_132' title='bbox 773 1817 888 1870; x_wconf 92' lang='lat' dir='ltr'>militem</span> <span class='ocrx_word' id='word_1_133' title='bbox 909 1816 1007 1871; x_wconf 85' lang='lat' dir='ltr'>Christi</span> <span class='ocrx_word' id='word_1_134' title='bbox 1020 1818 1080 1870; x_wconf 87' lang='lat' dir='ltr'>ausi</span> <span class='ocrx_word' id='word_1_135' title='bbox 1093 1822 1158 1871; x_wconf 92' lang='lat' dir='ltr'>sunt</span> <span class='ocrx_word' id='word_1_136' title='bbox 1178 1831 1312 1885; x_wconf 80' lang='lat' dir='ltr'>peragere</span> <span class='ocrx_word' id='word_1_137' title='bbox 1327 1817 1444 1871; x_wconf 87' lang='lat' dir='ltr'>bellum.</span> 
     </span>
     <span class='ocr_line' id='line_1_16' title="bbox 210 1915 1488 1983; baseline 0.002 -15"><span class='ocrx_word' id='word_1_138' title='bbox 210 1916 334 1979; x_wconf 81' lang='lat' dir='ltr'>Quicum</span> <span class='ocrx_word' id='word_1_139' title='bbox 347 1915 485 1983; x_wconf 88' lang='lat' dir='ltr'>quandam</span> <span class='ocrx_word' id='word_1_140' title='bbox 498 1917 651 1982; x_wconf 85' lang='lat' dir='ltr'>mulierem,</span> <span class='ocrx_word' id='word_1_141' title='bbox 664 1919 775 1970; x_wconf 91' lang='lat' dir='ltr'>nomine</span> <span class='ocrx_word' id='word_1_142' title='bbox 784 1917 919 1983; x_wconf 75' lang='lat' dir='ltr'>liveram,</span> <span class='ocrx_word' id='word_1_143' title='bbox 932 1918 1106 1983; x_wconf 83' lang='lat' dir='ltr'>invasissent,</span> <span class='ocrx_word' id='word_1_144' title='bbox 1116 1923 1211 1971; x_wconf 88' lang='lat' dir='ltr'>eteam</span> <span class='ocrx_word' id='word_1_145' title='bbox 1224 1923 1360 1983; x_wconf 87' lang='lat' dir='ltr'>parentes</span> <span class='ocrx_word' id='word_1_146' title='bbox 1370 1918 1446 1971; x_wconf 87' lang='lat' dir='ltr'>illius</span> <span class='ocrx_word' id='word_1_147' title='bbox 1463 1919 1488 1970; x_wconf 77' lang='grc'>15</span> 
     </span>
     <span class='ocr_line' id='line_1_17' title="bbox 210 2014 1447 2084; baseline 0.002 -15"><span class='ocrx_word' id='word_1_148' title='bbox 210 2014 245 2069; x_wconf 89' lang='lat' dir='ltr'>ad</span> <span class='ocrx_word' id='word_1_149' title='bbox 257 2015 375 2069; x_wconf 86' lang='lat' dir='ltr'>eundern</span> <span class='ocrx_word' id='word_1_150' title='bbox 396 2016 494 2068; x_wconf 84' lang='lat' dir='ltr'>Christi</span> <span class='ocrx_word' id='word_1_151' title='bbox 514 2015 679 2083; x_wconf 89' lang='lat' dir='ltr'>discipulum</span> <span class='ocrx_word' id='word_1_152' title='bbox 699 2015 901 2084; x_wconf 81' lang='lat' dir='ltr'>perduxissent,</span> <span class='ocrx_word' id='word_1_153' title='bbox 923 2016 1079 2083; x_wconf 87' lang='lat' dir='ltr'>adjuratum</span> <span class='ocrx_word' id='word_1_154' title='bbox 1099 2021 1139 2070; x_wconf 91' lang='lat' dir='ltr'>est</span> <span class='ocrx_word' id='word_1_155' title='bbox 1159 2017 1232 2071; x_wconf 90' lang='lat' dir='ltr'>lecto</span> <span class='ocrx_word' id='word_1_156' title='bbox 1252 2018 1413 2071; x_wconf 79' lang='lat' dir='ltr'>exorcismo</span> <span class='ocrx_word' id='word_1_157' title='bbox 1431 2031 1447 2071; x_wconf 90' lang='lat' dir='ltr'>a</span> 
     </span>
     <span class='ocr_line' id='line_1_18' title="bbox 210 2115 1448 2183; baseline 0.002 -16"><span class='ocrx_word' id='word_1_158' title='bbox 210 2116 368 2182; x_wconf 80' lang='lat' dir='ltr'>presbytero</span> <span class='ocrx_word' id='word_1_159' title='bbox 381 2121 411 2168; x_wconf 91' lang='lat' dir='ltr'>ut</span> <span class='ocrx_word' id='word_1_160' title='bbox 428 2116 474 2183; x_wconf 91' lang='lat' dir='ltr'>qui</span> <span class='ocrx_word' id='word_1_161' title='bbox 487 2121 514 2169; x_wconf 89' lang='lat' dir='ltr'>et</span> <span class='ocrx_word' id='word_1_162' title='bbox 525 2120 592 2182; x_wconf 90' lang='lat' dir='ltr'>quot</span> <span class='ocrx_word' id='word_1_163' title='bbox 612 2115 640 2167; x_wconf 94' lang='lat' dir='ltr'>in</span> <span class='ocrx_word' id='word_1_164' title='bbox 653 2129 683 2169; x_wconf 93' lang='lat' dir='ltr'>ea</span> <span class='ocrx_word' id='word_1_165' title='bbox 696 2122 787 2168; x_wconf 87' lang='lat' dir='ltr'>essent</span> <span class='ocrx_word' id='word_1_166' title='bbox 808 2115 935 2169; x_wconf 78' lang='lat' dir='ltr'>celeriter</span> <span class='ocrx_word' id='word_1_167' title='bbox 947 2116 1108 2168; x_wconf 82' lang='lat' dir='ltr'>faterentur.</span> <span class='ocrx_word' id='word_1_168' title='bbox 1122 2117 1296 2182; x_wconf 83' lang='lat' dir='ltr'>Responsum</span> <span class='ocrx_word' id='word_1_169' title='bbox 1319 2124 1364 2169; x_wconf 86' lang='lat' dir='ltr'>est</span> <span class='ocrx_word' id='word_1_170' title='bbox 1376 2117 1448 2170; x_wconf 90' lang='lat' dir='ltr'>duos</span> 
     </span>
     <span class='ocr_line' id='line_1_19' title="bbox 210 2214 1447 2282; baseline 0 -15"><span class='ocrx_word' id='word_1_171' title='bbox 210 2215 247 2267; x_wconf 94' lang='lat' dir='ltr'>ibi</span> <span class='ocrx_word' id='word_1_172' title='bbox 268 2228 338 2280; x_wconf 88' lang='lat' dir='ltr'>esse,</span> <span class='ocrx_word' id='word_1_173' title='bbox 351 2228 459 2268; x_wconf 91' lang='lat' dir='ltr'>servum</span> <span class='ocrx_word' id='word_1_174' title='bbox 480 2222 507 2268; x_wconf 95' lang='lat' dir='ltr'>et</span> <span class='ocrx_word' id='word_1_175' title='bbox 528 2215 688 2282; x_wconf 87' lang='lat' dir='ltr'>dominum;</span> <span class='ocrx_word' id='word_1_176' title='bbox 708 2216 759 2269; x_wconf 92' lang='lat' dir='ltr'>sibi</span> <span class='ocrx_word' id='word_1_177' title='bbox 782 2229 843 2269; x_wconf 85' lang='lat' dir='ltr'>mor</span> <span class='ocrx_word' id='word_1_178' title='bbox 861 2220 972 2281; x_wconf 90' lang='lat' dir='ltr'>propter</span> <span class='ocrx_word' id='word_1_179' title='bbox 993 2215 1133 2281; x_wconf 89' lang='lat' dir='ltr'>putridum</span> <span class='ocrx_word' id='word_1_180' title='bbox 1152 2216 1349 2269; x_wconf 75' lang='lat' dir='ltr'>potentianum</span> <span class='ocrx_word' id='word_1_181' title='bbox 1370 2214 1447 2270; x_wconf 90' lang='lat' dir='ltr'>aliud</span> 
     </span>
     <span class='ocr_line' id='line_1_20' title="bbox 212 2312 1447 2382; baseline -0.001 -15"><span class='ocrx_word' id='word_1_182' title='bbox 212 2313 399 2382; x_wconf 86' lang='lat' dir='ltr'>quaerendum</span> <span class='ocrx_word' id='word_1_183' title='bbox 412 2327 471 2367; x_wconf 89' lang='lat' dir='ltr'>esse</span> <span class='ocrx_word' id='word_1_184' title='bbox 492 2314 685 2368; x_wconf 86' lang='lat' dir='ltr'>babitaculum.</span> <span class='ocrx_word' id='word_1_185' title='bbox 701 2313 806 2367; x_wconf 83' lang='lat' dir='ltr'>Deinde</span> <span class='ocrx_word' id='word_1_186' title='bbox 818 2327 891 2366; x_wconf 89' lang='lat' dir='ltr'>unus</span> <span class='ocrx_word' id='word_1_187' title='bbox 909 2313 943 2366; x_wconf 88' lang='lat' dir='ltr'>ad</span> <span class='ocrx_word' id='word_1_188' title='bbox 956 2313 1084 2380; x_wconf 86' lang='lat' dir='ltr'>alterum,</span> <span class='ocrx_word' id='word_1_189' title='bbox 1098 2313 1167 2366; x_wconf 89' lang='lat' dir='ltr'>sicut</span> <span class='ocrx_word' id='word_1_190' title='bbox 1189 2326 1285 2367; x_wconf 79' lang='lat' dir='ltr'>servus</span> <span class='ocrx_word' id='word_1_191' title='bbox 1300 2312 1337 2367; x_wconf 90' lang='lat' dir='ltr'>ad</span> <span class='ocrx_word' id='word_1_192' title='bbox 1360 2313 1447 2368; x_wconf 89' lang='lat' dir='ltr'>domi·</span> 
     </span>
     <span class='ocr_line' id='line_1_21' title="bbox 213 2412 1488 2481; baseline 0.001 -14"><span class='ocrx_word' id='word_1_193' title='bbox 213 2427 280 2467; x_wconf 92' lang='lat' dir='ltr'>num</span> <span class='ocrx_word' id='word_1_194' title='bbox 294 2430 301 2466; x_wconf 94' lang='lat'><strong>:</strong></span> <span class='ocrx_word' id='word_1_195' title='bbox 315 2413 403 2467; x_wconf 82' lang='lat' dir='ltr'>Heu!</span> <span class='ocrx_word' id='word_1_196' title='bbox 420 2413 465 2466; x_wconf 83' lang='lat' dir='ltr'>mi</span> <span class='ocrx_word' id='word_1_197' title='bbox 476 2413 608 2480; x_wconf 82' lang='lat' dir='ltr'>domine,</span> <span class='ocrx_word' id='word_1_198' title='bbox 629 2413 727 2481; x_wconf 85' lang='lat' dir='ltr'>inquit,</span> <span class='ocrx_word' id='word_1_199' title='bbox 740 2412 802 2467; x_wconf 87' lang='lat' dir='ltr'>scis</span> <span class='ocrx_word' id='word_1_200' title='bbox 823 2415 854 2466; x_wconf 82' lang='lat' dir='ltr'>ei</span> <span class='ocrx_word' id='word_1_201' title='bbox 873 2413 958 2466; x_wconf 82' lang='lat' dir='ltr'>vides</span> <span class='ocrx_word' id='word_1_202' title='bbox 977 2412 1054 2479; x_wconf 82' lang='lat' dir='ltr'>quia</span> <span class='ocrx_word' id='word_1_203' title='bbox 1075 2412 1166 2466; x_wconf 82' lang='grc' dir='ltr'><strong>10111ιο</strong></span> <span class='ocrx_word' id='word_1_204' title='bbox 1186 2412 1282 2466; x_wconf 77' lang='lat' dir='ltr'>aride</span> <span class='ocrx_word' id='word_1_205' title='bbox 1293 2424 1371 2467; x_wconf 83' lang='lat' dir='ltr'>ossa</span> <span class='ocrx_word' id='word_1_206' title='bbox 1387 2426 1446 2468; x_wconf 79' lang='lat' dir='ltr'>uos</span> <span class='ocrx_word' id='word_1_207' title='bbox 1462 2415 1488 2467; x_wconf 79' lang='lat' dir='ltr'>at</span> 
     </span>
     <span class='ocr_line' id='line_1_22' title="bbox 213 2512 1446 2581; baseline -0.001 -13"><span class='ocrx_word' id='word_1_208' title='bbox 213 2513 370 2580; x_wconf 82' lang='lat' dir='ltr'>acquisita</span> <span class='ocrx_word' id='word_1_209' title='bbox 382 2513 487 2568; x_wconf 82' lang='lat' dir='ltr'>crebro</span> <span class='ocrx_word' id='word_1_210' title='bbox 508 2515 620 2581; x_wconf 76' lang='lat' dir='ltr'>copone</span> <span class='ocrx_word' id='word_1_211' title='bbox 637 2516 762 2567; x_wconf 84' lang='lat' dir='ltr'>mutare</span> <span class='ocrx_word' id='word_1_212' title='bbox 773 2513 944 2567; x_wconf 82' lang='lat' dir='ltr'>domicilia.</span> <span class='ocrx_word' id='word_1_213' title='bbox 958 2515 990 2564; x_wconf 84' lang='lat' dir='ltr'>iit</span> <span class='ocrx_word' id='word_1_214' title='bbox 1009 2512 1139 2566; x_wconf 90' lang='lat' dir='ltr'>domiuus</span> <span class='ocrx_word' id='word_1_215' title='bbox 1153 2529 1159 2565; x_wconf 95' lang='lat'>:</span> <span class='ocrx_word' id='word_1_216' title='bbox 1172 2513 1205 2567; x_wconf 77' lang='lat' dir='ltr'>Si</span> <span class='ocrx_word' id='word_1_217' title='bbox 1216 2512 1275 2566; x_wconf 80' lang='lat' dir='ltr'>istc</span> <span class='ocrx_word' id='word_1_218' title='bbox 1294 2516 1446 2568; x_wconf 81' lang='lat' dir='ltr'>nostrum</span> 
     </span>
     <span class='ocr_line' id='line_1_23' title="bbox 212 2611 1447 2682; baseline -0.002 -14"><span class='ocrx_word' id='word_1_219' title='bbox 212 2613 299 2668; x_wconf 76' lang='lat' dir='ltr'>cobis</span> <span class='ocrx_word' id='word_1_220' title='bbox 316 2627 379 2667; x_wconf 82' lang='lat' dir='ltr'>nore</span> <span class='ocrx_word' id='word_1_221' title='bbox 391 2613 478 2667; x_wconf 85' lang='lat' dir='ltr'>timet</span> <span class='ocrx_word' id='word_1_222' title='bbox 492 2612 624 2682; x_wconf 80' lang='lat' dir='ltr'>auferre</span> <span class='ocrx_word' id='word_1_223' title='bbox 636 2613 814 2680; x_wconf 79' lang='lat' dir='ltr'>hospitium,</span> <span class='ocrx_word' id='word_1_224' title='bbox 828 2615 872 2680; x_wconf 82' lang='lat' dir='ltr'>tu,</span> <span class='ocrx_word' id='word_1_225' title='bbox 894 2611 967 2666; x_wconf 79' lang='lat' dir='ltr'>inde</span> <span class='ocrx_word' id='word_1_226' title='bbox 978 2624 1154 2680; x_wconf 81' lang='lat' dir='ltr'>erumpens,</span> <span class='ocrx_word' id='word_1_227' title='bbox 1168 2612 1260 2665; x_wconf 80' lang='lat' dir='ltr'>iltius</span> <span class='ocrx_word' id='word_1_228' title='bbox 1277 2612 1350 2666; x_wconf 81' lang='lat' dir='ltr'>noli</span> <span class='ocrx_word' id='word_1_229' title='bbox 1360 2611 1447 2667; x_wconf 80' lang='lat' dir='ltr'>dubi·</span> 
     </span>
     <span class='ocr_line' id='line_1_24' title="bbox 214 2710 1448 2781; baseline -0.002 -13"><span class='ocrx_word' id='word_1_230' title='bbox 214 2716 283 2768; x_wconf 82' lang='lat' dir='ltr'>ture</span> <span class='ocrx_word' id='word_1_231' title='bbox 293 2711 490 2781; x_wconf 70' lang='lat' dir='ltr'>confringere</span> <span class='ocrx_word' id='word_1_232' title='bbox 501 2712 636 2780; x_wconf 72' lang='lat' dir='ltr'>cipetum.</span> <span class='ocrx_word' id='word_1_233' title='bbox 649 2711 689 2764; x_wconf 78' lang='lat' dir='ltr'>Ad</span> <span class='ocrx_word' id='word_1_234' title='bbox 702 2713 769 2765; x_wconf 85' lang='lat' dir='ltr'>lraec</span> <span class='ocrx_word' id='word_1_235' title='bbox 778 2710 859 2776; x_wconf 90' lang='lat' dir='ltr'>dicta,</span> <span class='ocrx_word' id='word_1_236' title='bbox 873 2712 953 2764; x_wconf 91' lang='lat' dir='ltr'>citius</span> <span class='ocrx_word' id='word_1_237' title='bbox 966 2711 1013 2764; x_wconf 95' lang='grc'><strong>1110</strong></span> <span class='ocrx_word' id='word_1_238' title='bbox 1031 2711 1066 2764; x_wconf 92' lang='lat' dir='ltr'>de</span> <span class='ocrx_word' id='word_1_239' title='bbox 1085 2711 1201 2765; x_wconf 92' lang='lat' dir='ltr'>muliere</span> <span class='ocrx_word' id='word_1_240' title='bbox 1209 2724 1332 2779; x_wconf 87' lang='lat' dir='ltr'>egresso,</span> <span class='ocrx_word' id='word_1_241' title='bbox 1344 2712 1448 2765; x_wconf 87' lang='lat' dir='ltr'>melius</span> 
     </span>
     <span class='ocr_line' id='line_1_25' title="bbox 213 2811 1449 2880; baseline -0.001 -14"><span class='ocrx_word' id='word_1_242' title='bbox 213 2813 242 2866; x_wconf 94' lang='lat' dir='ltr'>in</span> <span class='ocrx_word' id='word_1_243' title='bbox 260 2813 376 2867; x_wconf 79' lang='lat' dir='ltr'>ecclesia</span> <span class='ocrx_word' id='word_1_244' title='bbox 397 2814 512 2866; x_wconf 85' lang='lat' dir='ltr'>tractum</span> <span class='ocrx_word' id='word_1_245' title='bbox 533 2818 576 2866; x_wconf 90' lang='lat' dir='ltr'>est</span> <span class='ocrx_word' id='word_1_246' title='bbox 596 2812 715 2880; x_wconf 89' lang='lat' dir='ltr'>signum,</span> <span class='ocrx_word' id='word_1_247' title='bbox 737 2811 845 2879; x_wconf 91' lang='lat' dir='ltr'>quoda</span> <span class='ocrx_word' id='word_1_248' title='bbox 868 2812 960 2865; x_wconf 92' lang='lat' dir='ltr'>multis</span> <span class='ocrx_word' id='word_1_249' title='bbox 981 2812 1049 2865; x_wconf 92' lang='lat' dir='ltr'>inibi</span> <span class='ocrx_word' id='word_1_250' title='bbox 1070 2816 1112 2865; x_wconf 94' lang='lat' dir='ltr'>est</span> <span class='ocrx_word' id='word_1_251' title='bbox 1131 2814 1225 2879; x_wconf 87' lang='lat' dir='ltr'>postea</span> <span class='ocrx_word' id='word_1_252' title='bbox 1246 2811 1347 2864; x_wconf 90' lang='lat' dir='ltr'>visum.</span> <span class='ocrx_word' id='word_1_253' title='bbox 1369 2815 1449 2866; x_wconf 88' lang='lat' dir='ltr'>Tunc</span> 
     </span>
     <span class='ocr_line' id='line_1_26' title="bbox 211 2911 1488 2980; baseline -0.001 -13"><span class='ocrx_word' id='word_1_254' title='bbox 211 2915 339 2968; x_wconf 89' lang='lat' dir='ltr'>dominus</span> <span class='ocrx_word' id='word_1_255' title='bbox 352 2926 460 2966; x_wconf 87' lang='lat' dir='ltr'>servum</span> <span class='ocrx_word' id='word_1_256' title='bbox 473 2912 675 2980; x_wconf 88' lang='lat' dir='ltr'>sequensvisus</span> <span class='ocrx_word' id='word_1_257' title='bbox 687 2918 737 2976; x_wconf 90' lang='lat' dir='ltr'>est,</span> <span class='ocrx_word' id='word_1_258' title='bbox 750 2917 889 2978; x_wconf 85' lang='lat' dir='ltr'>tamquam</span> <span class='ocrx_word' id='word_1_259' title='bbox 899 2911 1038 2977; x_wconf 86' lang='lat' dir='ltr'>quoddam</span> <span class='ocrx_word' id='word_1_260' title='bbox 1050 2911 1157 2965; x_wconf 90' lang='lat' dir='ltr'>volatile</span> <span class='ocrx_word' id='word_1_261' title='bbox 1172 2911 1244 2978; x_wconf 86' lang='lat' dir='ltr'>quod</span> <span class='ocrx_word' id='word_1_262' title='bbox 1258 2911 1356 2965; x_wconf 82' lang='lat' dir='ltr'>rustici</span> <span class='ocrx_word' id='word_1_263' title='bbox 1370 2913 1447 2979; x_wconf 89' lang='lat' dir='ltr'>papi·</span> <span class='ocrx_word' id='word_1_264' title='bbox 1464 2915 1488 2966; x_wconf 70' lang='grc' dir='ltr'><strong>Ξ</strong></span> 
     </span>
     <span class='ocr_line' id='line_1_27' title="bbox 212 3011 1447 3079; baseline -0.003 -12"><span class='ocrx_word' id='word_1_265' title='bbox 212 3015 315 3069; x_wconf 91' lang='lat' dir='ltr'>lionem</span> <span class='ocrx_word' id='word_1_266' title='bbox 327 3017 434 3079; x_wconf 89' lang='lat' dir='ltr'>vocant,</span> <span class='ocrx_word' id='word_1_267' title='bbox 447 3015 481 3068; x_wconf 90' lang='lat' dir='ltr'>ab</span> <span class='ocrx_word' id='word_1_268' title='bbox 502 3027 549 3067; x_wconf 92' lang='lat' dir='ltr'>ore</span> <span class='ocrx_word' id='word_1_269' title='bbox 569 3014 642 3065; x_wconf 92' lang='lat' dir='ltr'>iliius</span> <span class='ocrx_word' id='word_1_270' title='bbox 654 3012 777 3066; x_wconf 88' lang='lat' dir='ltr'>mulieris</span> <span class='ocrx_word' id='word_1_271' title='bbox 788 3013 875 3065; x_wconf 83' lang='lat' dir='ltr'>exisse</span> <span class='ocrx_word' id='word_1_272' title='bbox 894 3018 921 3065; x_wconf 88' lang='lat' dir='ltr'>ct</span> <span class='ocrx_word' id='word_1_273' title='bbox 934 3025 1015 3078; x_wconf 91' lang='lat' dir='ltr'>super</span> <span class='ocrx_word' id='word_1_274' title='bbox 1036 3011 1275 3077; x_wconf 85' lang='lat' dir='ltr'>Hermentmdem,</span> <span class='ocrx_word' id='word_1_275' title='bbox 1289 3011 1368 3064; x_wconf 92' lang='lat' dir='ltr'>iilius</span> <span class='ocrx_word' id='word_1_276' title='bbox 1391 3012 1447 3065; x_wconf 88' lang='lat' dir='ltr'>loci</span> 
     </span>
     <span class='ocr_line' id='line_1_28' title="bbox 213 3111 1447 3181; baseline -0.003 -13"><span class='ocrx_word' id='word_1_277' title='bbox 213 3115 387 3181; x_wconf 83' lang='lat' dir='ltr'>abbatissam,</span> <span class='ocrx_word' id='word_1_278' title='bbox 402 3113 546 3167; x_wconf 88' lang='lat' dir='ltr'>resedisse.</span> <span class='ocrx_word' id='word_1_279' title='bbox 567 3112 643 3176; x_wconf 84' lang='lat' dir='ltr'>Quod</span> <span class='ocrx_word' id='word_1_280' title='bbox 655 3126 718 3165; x_wconf 91' lang='lat' dir='ltr'>cum</span> <span class='ocrx_word' id='word_1_281' title='bbox 738 3126 810 3165; x_wconf 94' lang='lat' dir='ltr'>unus</span> <span class='ocrx_word' id='word_1_282' title='bbox 821 3112 856 3165; x_wconf 95' lang='lat' dir='ltr'>de</span> <span class='ocrx_word' id='word_1_283' title='bbox 876 3112 1117 3165; x_wconf 89' lang='lat' dir='ltr'>circumstantibus</span> <span class='ocrx_word' id='word_1_284' title='bbox 1132 3111 1261 3164; x_wconf 90' lang='lat' dir='ltr'>voluisset</span> <span class='ocrx_word' id='word_1_285' title='bbox 1284 3111 1447 3178; x_wconf 88' lang='lat' dir='ltr'>apprehen·</span> 
     </span>
     <span class='ocr_line' id='line_1_29' title="bbox 213 3211 1447 3279; baseline -0.002 -12"><span class='ocrx_word' id='word_1_286' title='bbox 213 3214 290 3278; x_wconf 90' lang='lat' dir='ltr'>dere,</span> <span class='ocrx_word' id='word_1_287' title='bbox 302 3213 418 3268; x_wconf 91' lang='lat' dir='ltr'>volando</span> <span class='ocrx_word' id='word_1_288' title='bbox 430 3214 577 3266; x_wconf 79' lang='lat' dir='ltr'>fenestram</span> <span class='ocrx_word' id='word_1_289' title='bbox 591 3212 668 3278; x_wconf 91' lang='lat' dir='ltr'>petiit</span> <span class='ocrx_word' id='word_1_290' title='bbox 680 3218 776 3265; x_wconf 88' lang='lat' dir='ltr'>etrum</span> <span class='ocrx_word' id='word_1_291' title='bbox 787 3225 885 3279; x_wconf 85' lang='lat' dir='ltr'>magno</span> <span class='ocrx_word' id='word_1_292' title='bbox 896 3213 980 3265; x_wconf 82' lang='lat' dir='ltr'>fetore</span> <span class='ocrx_word' id='word_1_293' title='bbox 992 3211 1125 3264; x_wconf 85' lang='lat' dir='ltr'>discessit.</span> <span class='ocrx_word' id='word_1_294' title='bbox 1140 3211 1243 3264; x_wconf 88' lang='lat' dir='ltr'>Gratias</span> <span class='ocrx_word' id='word_1_295' title='bbox 1255 3212 1314 3276; x_wconf 89' lang='lat' dir='ltr'>tibi,</span> <span class='ocrx_word' id='word_1_296' title='bbox 1328 3213 1447 3265; x_wconf 81' lang='lat' dir='ltr'>Domine</span> 
     </span>
    </p>

    <p class='ocr_par' dir='ltr' id='par_1_6' title="bbox 188 3311 1488 4078">
     <span class='ocr_line' id='line_1_30' title="bbox 213 3311 1447 3379; baseline -0.002 -12"><span class='ocrx_word' id='word_1_297' title='bbox 213 3316 277 3367; x_wconf 86' lang='grc'><strong>1000</strong></span> <span class='ocrx_word' id='word_1_298' title='bbox 289 3314 404 3378; x_wconf 79' lang='lat' dir='ltr'>Christe,</span> <span class='ocrx_word' id='word_1_299' title='bbox 418 3312 491 3379; x_wconf 90' lang='lat' dir='ltr'>quod</span> <span class='ocrx_word' id='word_1_300' title='bbox 505 3317 578 3365; x_wconf 89' lang='lat' dir='ltr'>tanta</span> <span class='ocrx_word' id='word_1_301' title='bbox 592 3318 618 3364; x_wconf 90' lang='lat' dir='ltr'>et</span> <span class='ocrx_word' id='word_1_302' title='bbox 630 3311 694 3364; x_wconf 90' lang='lat' dir='ltr'>talia</span> <span class='ocrx_word' id='word_1_303' title='bbox 706 3311 842 3379; x_wconf 84' lang='lat' dir='ltr'>fragilitati</span> <span class='ocrx_word' id='word_1_304' title='bbox 856 3317 966 3364; x_wconf 89' lang='lat' dir='ltr'>nostrae</span> <span class='ocrx_word' id='word_1_305' title='bbox 979 3314 1043 3363; x_wconf 90' lang='lat' dir='ltr'>sunt</span> <span class='ocrx_word' id='word_1_306' title='bbox 1056 3312 1152 3364; x_wconf 88' lang='lat' dir='ltr'>collata</span> <span class='ocrx_word' id='word_1_307' title='bbox 1165 3311 1297 3378; x_wconf 87' lang='lat' dir='ltr'>subsidia,</span> <span class='ocrx_word' id='word_1_308' title='bbox 1311 3323 1363 3378; x_wconf 89' lang='lat' dir='ltr'>per</span> <span class='ocrx_word' id='word_1_309' title='bbox 1375 3325 1447 3378; x_wconf 88' lang='lat' dir='ltr'>quae</span> 
     </span>
     <span class='ocr_line' id='line_1_31' title="bbox 188 3390 1488 3479; baseline -0.002 -14"><span class='ocrx_word' id='word_1_310' title='bbox 188 3390 190 3394; x_wconf 33' lang='lat'>⁵</span> <span class='ocrx_word' id='word_1_311' title='bbox 213 3413 301 3466; x_wconf 89' lang='lat' dir='ltr'>valida</span> <span class='ocrx_word' id='word_1_312' title='bbox 314 3413 518 3465; x_wconf 88' lang='lat' dir='ltr'>immundorum</span> <span class='ocrx_word' id='word_1_313' title='bbox 531 3412 675 3479; x_wconf 90' lang='lat' dir='ltr'>spirituum</span> <span class='ocrx_word' id='word_1_314' title='bbox 692 3413 799 3464; x_wconf 90' lang='lat' dir='ltr'>anobis</span> <span class='ocrx_word' id='word_1_315' title='bbox 808 3417 977 3479; x_wconf 85' lang='lat' dir='ltr'>expugnatur</span> <span class='ocrx_word' id='word_1_316' title='bbox 987 3411 1111 3471; x_wconf 90' lang='lat' dir='ltr'>saevitia;</span> <span class='ocrx_word' id='word_1_317' title='bbox 1120 3412 1194 3478; x_wconf 92' lang='lat' dir='ltr'>quod</span> <span class='ocrx_word' id='word_1_318' title='bbox 1204 3410 1281 3463; x_wconf 90' lang='lat' dir='ltr'>beata</span> <span class='ocrx_word' id='word_1_319' title='bbox 1290 3410 1447 3463; x_wconf 85' lang='lat' dir='ltr'>Potentiani</span> <span class='ocrx_word' id='word_1_320' title='bbox 1463 3411 1488 3463; x_wconf 79' lang='lat' dir='ltr'>bt</span> 
     </span>
     <span class='ocr_line' id='line_1_32' title="bbox 213 3509 1446 3578; baseline -0.002 -12"><span class='ocrx_word' id='word_1_321' title='bbox 213 3513 334 3578; x_wconf 89' lang='lat' dir='ltr'>potentia</span> <span class='ocrx_word' id='word_1_322' title='bbox 347 3512 427 3565; x_wconf 91' lang='lat' dir='ltr'>nobis</span> <span class='ocrx_word' id='word_1_323' title='bbox 439 3512 615 3576; x_wconf 88' lang='lat' dir='ltr'>subveniens,</span> <span class='ocrx_word' id='word_1_324' title='bbox 637 3511 786 3578; x_wconf 85' lang='lat' dir='ltr'>aliquando</span> <span class='ocrx_word' id='word_1_325' title='bbox 800 3511 827 3562; x_wconf 95' lang='lat' dir='ltr'>in</span> <span class='ocrx_word' id='word_1_326' title='bbox 840 3511 962 3562; x_wconf 88' lang='lat' dir='ltr'>derisum</span> <span class='ocrx_word' id='word_1_327' title='bbox 975 3511 1076 3573; x_wconf 87' lang='lat' dir='ltr'>habita,</span> <span class='ocrx_word' id='word_1_328' title='bbox 1091 3515 1132 3563; x_wconf 86' lang='lat' dir='ltr'>est</span> <span class='ocrx_word' id='word_1_329' title='bbox 1153 3511 1180 3562; x_wconf 93' lang='lat' dir='ltr'>in</span> <span class='ocrx_word' id='word_1_330' title='bbox 1194 3509 1270 3562; x_wconf 87' lang='lat' dir='ltr'>caelo</span> <span class='ocrx_word' id='word_1_331' title='bbox 1283 3509 1446 3573; x_wconf 88' lang='lat' dir='ltr'>sublimata,</span> 
     </span>
     <span class='ocr_line' id='line_1_33' title="bbox 213 3607 1444 3678; baseline -0.003 -13"><span class='ocrx_word' id='word_1_332' title='bbox 213 3617 241 3665; x_wconf 90' lang='lat' dir='ltr'>et</span> <span class='ocrx_word' id='word_1_333' title='bbox 251 3610 353 3665; x_wconf 88' lang='lat' dir='ltr'>diaboli</span> <span class='ocrx_word' id='word_1_334' title='bbox 367 3611 487 3678; x_wconf 89' lang='lat' dir='ltr'>nequitia</span> <span class='ocrx_word' id='word_1_335' title='bbox 501 3611 580 3663; x_wconf 92' lang='lat' dir='ltr'>nobis</span> <span class='ocrx_word' id='word_1_336' title='bbox 593 3623 705 3672; x_wconf 85' lang='lat' dir='ltr'>nocens,</span> <span class='ocrx_word' id='word_1_337' title='bbox 718 3610 857 3677; x_wconf 90' lang='lat' dir='ltr'>quondam</span> <span class='ocrx_word' id='word_1_338' title='bbox 876 3610 992 3675; x_wconf 83' lang='lat' dir='ltr'>excelsa,</span> <span class='ocrx_word' id='word_1_339' title='bbox 1005 3611 1061 3662; x_wconf 88' lang='lat' dir='ltr'>visa</span> <span class='ocrx_word' id='word_1_340' title='bbox 1075 3616 1115 3662; x_wconf 90' lang='lat' dir='ltr'>cst</span> <span class='ocrx_word' id='word_1_341' title='bbox 1134 3609 1161 3661; x_wconf 92' lang='lat' dir='ltr'>in</span> <span class='ocrx_word' id='word_1_342' title='bbox 1175 3607 1285 3661; x_wconf 81' lang='lat' dir='ltr'>inferno</span> <span class='ocrx_word' id='word_1_343' title='bbox 1304 3608 1444 3661; x_wconf 85' lang='lat' dir='ltr'>demersa.</span> 
     </span>
     <span class='ocr_line' id='line_1_34' title="bbox 213 3707 1448 3778; baseline -0.004 -13"><span class='ocrx_word' id='word_1_344' title='bbox 213 3715 263 3778; x_wconf 86' lang='lat' dir='ltr'>Tu,</span> <span class='ocrx_word' id='word_1_345' title='bbox 275 3712 485 3765; x_wconf 89' lang='lat' dir='ltr'>clementissime</span> <span class='ocrx_word' id='word_1_346' title='bbox 504 3724 552 3763; x_wconf 82' lang='lat' dir='ltr'>rex</span> <span class='ocrx_word' id='word_1_347' title='bbox 565 3724 670 3778; x_wconf 90' lang='lat' dir='ltr'>regum,</span> <span class='ocrx_word' id='word_1_348' title='bbox 683 3725 731 3777; x_wconf 92' lang='lat' dir='ltr'>per</span> <span class='ocrx_word' id='word_1_349' title='bbox 749 3711 842 3762; x_wconf 92' lang='lat' dir='ltr'>militis</span> <span class='ocrx_word' id='word_1_350' title='bbox 860 3711 898 3762; x_wconf 90' lang='lat' dir='ltr'>tui</span> <span class='ocrx_word' id='word_1_351' title='bbox 912 3710 1061 3776; x_wconf 92' lang='lat' dir='ltr'>piissimam</span> <span class='ocrx_word' id='word_1_352' title='bbox 1081 3709 1309 3761; x_wconf 90' lang='lat' dir='ltr'>intercessionem</span> <span class='ocrx_word' id='word_1_353' title='bbox 1331 3707 1448 3760; x_wconf 83' lang='lat' dir='ltr'>fetidam</span> 
     </span>
     <span class='ocr_line' id='line_1_35' title="bbox 214 3809 1449 3879; baseline -0.003 -13"><span class='ocrx_word' id='word_1_354' title='bbox 214 3818 242 3866; x_wconf 93' lang='lat' dir='ltr'>et</span> <span class='ocrx_word' id='word_1_355' title='bbox 254 3813 416 3866; x_wconf 83' lang='lat' dir='ltr'>infernalem</span> <span class='ocrx_word' id='word_1_356' title='bbox 435 3812 507 3865; x_wconf 91' lang='grc'><strong>111100</strong></span> <span class='ocrx_word' id='word_1_357' title='bbox 518 3812 623 3879; x_wconf 90' lang='lat' dir='ltr'>antiqui</span> <span class='ocrx_word' id='word_1_358' title='bbox 638 3813 723 3865; x_wconf 91' lang='lat' dir='ltr'>bostis</span> <span class='ocrx_word' id='word_1_359' title='bbox 741 3812 849 3865; x_wconf 90' lang='lat' dir='ltr'>anobis</span> <span class='ocrx_word' id='word_1_360' title='bbox 862 3824 972 3864; x_wconf 89' lang='lat' dir='ltr'>remove</span> <span class='ocrx_word' id='word_1_361' title='bbox 984 3815 1158 3877; x_wconf 87' lang='lat' dir='ltr'>potestatem,</span> <span class='ocrx_word' id='word_1_362' title='bbox 1173 3813 1200 3862; x_wconf 90' lang='lat' dir='ltr'>et</span> <span class='ocrx_word' id='word_1_363' title='bbox 1220 3820 1354 3862; x_wconf 90' lang='lat' dir='ltr'>concessa</span> <span class='ocrx_word' id='word_1_364' title='bbox 1367 3809 1449 3863; x_wconf 86' lang='lat' dir='ltr'>venia</span> 
     </span>
     <span class='ocr_line' id='line_1_36' title="bbox 213 3907 1488 3977; baseline -0.003 -13"><span class='ocrx_word' id='word_1_365' title='bbox 213 3911 385 3977; x_wconf 90' lang='lat' dir='ltr'>delictorum,</span> <span class='ocrx_word' id='word_1_366' title='bbox 400 3911 433 3964; x_wconf 90' lang='lat' dir='ltr'>da</span> <span class='ocrx_word' id='word_1_367' title='bbox 446 3924 592 3977; x_wconf 89' lang='lat' dir='ltr'>supernam</span> <span class='ocrx_word' id='word_1_368' title='bbox 605 3915 667 3964; x_wconf 88' lang='lat' dir='ltr'>tuae</span> <span class='ocrx_word' id='word_1_369' title='bbox 679 3911 791 3963; x_wconf 88' lang='lat' dir='ltr'>visionis</span> <span class='ocrx_word' id='word_1_370' title='bbox 804 3909 884 3963; x_wconf 91' lang='lat' dir='ltr'>nobis</span> <span class='ocrx_word' id='word_1_371' title='bbox 903 3910 1033 3975; x_wconf 89' lang='lat' dir='ltr'>consequi</span> <span class='ocrx_word' id='word_1_372' title='bbox 1047 3909 1209 3974; x_wconf 90' lang='lat' dir='ltr'>claritatem,</span> <span class='ocrx_word' id='word_1_373' title='bbox 1223 3907 1269 3974; x_wconf 93' lang='grc'>001</span> <span class='ocrx_word' id='word_1_374' title='bbox 1288 3921 1353 3959; x_wconf 89' lang='lat' dir='ltr'>cum</span> <span class='ocrx_word' id='word_1_375' title='bbox 1369 3909 1450 3962; x_wconf 79' lang='lat' dir='ltr'>Patre</span> <span class='ocrx_word' id='word_1_376' title='bbox 1466 3909 1488 3960; x_wconf 72' lang='lat' dir='ltr'>a*</span> 
     </span>
     <span class='ocr_line' id='line_1_37' title="bbox 214 4008 1361 4078; baseline -0.003 -14"><span class='ocrx_word' id='word_1_377' title='bbox 214 4017 241 4064; x_wconf 86' lang='lat' dir='ltr'>et</span> <span class='ocrx_word' id='word_1_378' title='bbox 253 4011 355 4077; x_wconf 88' lang='lat' dir='ltr'>Spiritu</span> <span class='ocrx_word' id='word_1_379' title='bbox 368 4016 461 4064; x_wconf 87' lang='lat' dir='ltr'>sancto</span> <span class='ocrx_word' id='word_1_380' title='bbox 475 4011 542 4063; x_wconf 91' lang='lat' dir='ltr'>vivis</span> <span class='ocrx_word' id='word_1_381' title='bbox 553 4014 580 4063; x_wconf 93' lang='lat' dir='ltr'>et</span> <span class='ocrx_word' id='word_1_382' title='bbox 589 4022 686 4078; x_wconf 87' lang='lat' dir='ltr'>regnas</span> <span class='ocrx_word' id='word_1_383' title='bbox 698 4012 767 4063; x_wconf 86' lang='grc'><strong>11000</strong></span> <span class='ocrx_word' id='word_1_384' title='bbox 780 4023 828 4076; x_wconf 91' lang='lat' dir='ltr'>per</span> <span class='ocrx_word' id='word_1_385' title='bbox 840 4010 932 4062; x_wconf 89' lang='lat' dir='ltr'>omnia</span> <span class='ocrx_word' id='word_1_386' title='bbox 944 4008 1053 4061; x_wconf 89' lang='lat' dir='ltr'>saecula</span> <span class='ocrx_word' id='word_1_387' title='bbox 1067 4008 1248 4062; x_wconf 89' lang='lat' dir='ltr'>saeculorum.</span> <span class='ocrx_word' id='word_1_388' title='bbox 1262 4009 1361 4061; x_wconf 79' lang='lat' dir='ltr'>Amen.</span> 
     </span>
    </p>

    <p class='ocr_par' dir='ltr' id='par_1_7' title="bbox 478 4107 1148 4175">
     <span class='ocr_line' id='line_1_38' title="bbox 478 4107 1148 4175; baseline -0.007 -12"><span class='ocrx_word' id='word_1_389' title='bbox 478 4113 536 4163; x_wconf 86' lang='grc'><strong>11110</strong></span> <span class='ocrx_word' id='word_1_390' title='bbox 548 4113 574 4162; x_wconf 86' lang='grc'>01</span> <span class='ocrx_word' id='word_1_391' title='bbox 586 4110 658 4162; x_wconf 89' lang='lat' dir='ltr'>trine</span> <span class='ocrx_word' id='word_1_392' title='bbox 670 4111 750 4175; x_wconf 85' lang='lat' dir='ltr'>Deus,</span> <span class='ocrx_word' id='word_1_393' title='bbox 764 4109 844 4162; x_wconf 94' lang='lat' dir='ltr'>nobis</span> <span class='ocrx_word' id='word_1_394' title='bbox 857 4113 885 4161; x_wconf 89' lang='lat' dir='ltr'>tu</span> <span class='ocrx_word' id='word_1_395' title='bbox 898 4121 978 4174; x_wconf 88' lang='lat' dir='ltr'>parce</span> <span class='ocrx_word' id='word_1_396' title='bbox 991 4107 1148 4174; x_wconf 85' lang='lat' dir='ltr'>redemptis.</span> 
     </span>
    </p>

    <p class='ocr_par' dir='ltr' id='par_1_8' title="bbox 215 4205 1488 4674">
     <span class='ocr_line' id='line_1_39' title="bbox 248 4205 1452 4275; baseline -0.001 -14"><span class='ocrx_word' id='word_1_397' title='bbox 248 4208 303 4261; x_wconf 78' lang='lat'>30.</span> <span class='ocrx_word' id='word_1_398' title='bbox 317 4208 416 4262; x_wconf 84' lang='lat' dir='ltr'>civitas</span> <span class='ocrx_word' id='word_1_399' title='bbox 429 4221 539 4275; x_wconf 91' lang='grc'><strong>000000</strong></span> <span class='ocrx_word' id='word_1_400' title='bbox 559 4207 711 4259; x_wconf 78' lang='lat' dir='ltr'>Aurelianis</span> <span class='ocrx_word' id='word_1_401' title='bbox 725 4207 797 4259; x_wconf 90' lang='lat' dir='ltr'>illius</span> <span class='ocrx_word' id='word_1_402' title='bbox 819 4212 928 4259; x_wconf 89' lang='lat' dir='ltr'>nonest</span> <span class='ocrx_word' id='word_1_403' title='bbox 949 4206 1041 4273; x_wconf 85' lang='lat' dir='ltr'>ignara</span> <span class='ocrx_word' id='word_1_404' title='bbox 1065 4205 1189 4270; x_wconf 82' lang='lat' dir='ltr'>virtutis3</span> <span class='ocrx_word' id='word_1_405' title='bbox 1205 4216 1276 4270; x_wconf 88' lang='grc'><strong>0000</strong></span> <span class='ocrx_word' id='word_1_406' title='bbox 1298 4205 1351 4258; x_wconf 84' lang='grc'><strong>0101</strong></span> <span class='ocrx_word' id='word_1_407' title='bbox 1369 4218 1452 4272; x_wconf 89' lang='lat' dir='ltr'>prae·</span> 
     </span>
     <span class='ocr_line' id='line_1_40' title="bbox 215 4301 1452 4374; baseline -0.003 -12"><span class='ocrx_word' id='word_1_408' title='bbox 215 4308 304 4362; x_wconf 87' lang='lat' dir='ltr'>sentia</span> <span class='ocrx_word' id='word_1_409' title='bbox 315 4307 437 4374; x_wconf 89' lang='lat' dir='ltr'>corporis</span> <span class='ocrx_word' id='word_1_410' title='bbox 450 4306 522 4358; x_wconf 90' lang='lat' dir='ltr'>illius</span> <span class='ocrx_word' id='word_1_411' title='bbox 535 4307 630 4371; x_wconf 86' lang='lat' dir='ltr'>caruit,</span> <span class='ocrx_word' id='word_1_412' title='bbox 642 4306 714 4357; x_wconf 92' lang='lat' dir='ltr'>illius</span> <span class='ocrx_word' id='word_1_413' title='bbox 728 4311 818 4357; x_wconf 89' lang='lat' dir='ltr'>tamen</span> <span class='ocrx_word' id='word_1_414' title='bbox 828 4317 942 4356; x_wconf 91' lang='lat' dir='ltr'>munere</span> <span class='ocrx_word' id='word_1_415' title='bbox 955 4317 1014 4356; x_wconf 88' lang='lat' dir='ltr'>eam</span> <span class='ocrx_word' id='word_1_416' title='bbox 1026 4303 1145 4370; x_wconf 81' lang='lat' dir='ltr'>gavisam</span> <span class='ocrx_word' id='word_1_417' title='bbox 1157 4301 1241 4355; x_wconf 86' lang='lat' dir='ltr'>luisse</span> <span class='ocrx_word' id='word_1_418' title='bbox 1251 4315 1296 4354; x_wconf 90' lang='lat' dir='ltr'>res</span> <span class='ocrx_word' id='word_1_419' title='bbox 1308 4305 1452 4358; x_wconf 88' lang='lat' dir='ltr'>narranda</span> 
     </span>
     <span class='ocr_line' id='line_1_41' title="bbox 216 4399 1488 4471; baseline -0.001 -11"><span class='ocrx_word' id='word_1_420' title='bbox 216 4408 375 4462; x_wconf 88' lang='lat' dir='ltr'>declarabit.</span> <span class='ocrx_word' id='word_1_421' title='bbox 389 4410 450 4459; x_wconf 86' lang='lat' dir='ltr'>Erat</span> <span class='ocrx_word' id='word_1_422' title='bbox 473 4407 501 4458; x_wconf 92' lang='lat' dir='ltr'>in</span> <span class='ocrx_word' id='word_1_423' title='bbox 522 4406 629 4459; x_wconf 89' lang='lat' dir='ltr'>civitate</span> <span class='ocrx_word' id='word_1_424' title='bbox 647 4406 703 4471; x_wconf 91' lang='lat' dir='ltr'>ipsa</span> <span class='ocrx_word' id='word_1_425' title='bbox 717 4405 814 4457; x_wconf 90' lang='lat' dir='ltr'>mulier</span> <span class='ocrx_word' id='word_1_426' title='bbox 835 4404 979 4470; x_wconf 88' lang='lat' dir='ltr'>quaedam,</span> <span class='ocrx_word' id='word_1_427' title='bbox 993 4403 1105 4456; x_wconf 90' lang='lat' dir='ltr'>nomine</span> <span class='ocrx_word' id='word_1_428' title='bbox 1123 4399 1269 4463; x_wconf 78' lang='lat' dir='ltr'>Adalrada,</span> <span class='ocrx_word' id='word_1_429' title='bbox 1283 4416 1336 4468; x_wconf 87' lang='lat' dir='ltr'>per</span> <span class='ocrx_word' id='word_1_430' title='bbox 1349 4417 1451 4459; x_wconf 86' lang='lat' dir='ltr'>novem</span> <span class='ocrx_word' id='word_1_431' title='bbox 1469 4408 1488 4459; x_wconf 80' lang='lat' dir='ltr'>tt</span> 
     </span>
     <span class='ocr_line' id='line_1_42' title="bbox 215 4502 1455 4574; baseline -0.002 -13"><span class='ocrx_word' id='word_1_432' title='bbox 215 4522 304 4562; x_wconf 91' lang='lat' dir='ltr'>anuos</span> <span class='ocrx_word' id='word_1_433' title='bbox 317 4508 418 4574; x_wconf 88' lang='lat' dir='ltr'>pedum</span> <span class='ocrx_word' id='word_1_434' title='bbox 434 4505 523 4560; x_wconf 89' lang='lat' dir='ltr'>otllcio</span> <span class='ocrx_word' id='word_1_435' title='bbox 544 4508 681 4559; x_wconf 90' lang='lat' dir='ltr'>destituta.</span> <span class='ocrx_word' id='word_1_436' title='bbox 697 4508 767 4558; x_wconf 87' lang='lat' dir='ltr'>ilaec</span> <span class='ocrx_word' id='word_1_437' title='bbox 780 4505 894 4557; x_wconf 91' lang='lat' dir='ltr'>audiens</span> <span class='ocrx_word' id='word_1_438' title='bbox 906 4509 1031 4557; x_wconf 85' lang='lat' dir='ltr'>sanctum</span> <span class='ocrx_word' id='word_1_439' title='bbox 1045 4503 1092 4555; x_wconf 87' lang='lat' dir='ltr'>bei</span> <span class='ocrx_word' id='word_1_440' title='bbox 1111 4502 1240 4555; x_wconf 89' lang='lat' dir='ltr'>omnibus</span> <span class='ocrx_word' id='word_1_441' title='bbox 1253 4503 1455 4573; x_wconf 87' lang='lat' dir='ltr'>undecumque</span> 
     </span>
     <span class='ocr_line' id='line_1_43' title="bbox 218 4601 1455 4674; baseline -0.002 -13"><span class='ocrx_word' id='word_1_442' title='bbox 218 4609 392 4664; x_wconf 88' lang='lat' dir='ltr'>venientibus</span> <span class='ocrx_word' id='word_1_443' title='bbox 404 4608 550 4661; x_wconf 91' lang='lat' dir='ltr'>subvenire</span> <span class='ocrx_word' id='word_1_444' title='bbox 563 4607 691 4674; x_wconf 90' lang='lat' dir='ltr'>aegrotis,</span> <span class='ocrx_word' id='word_1_445' title='bbox 701 4605 818 4659; x_wconf 86' lang='lat' dir='ltr'>credidit</span> <span class='ocrx_word' id='word_1_446' title='bbox 829 4605 881 4658; x_wconf 90' lang='lat' dir='ltr'>sibi</span> <span class='ocrx_word' id='word_1_447' title='bbox 895 4605 971 4658; x_wconf 91' lang='lat' dir='ltr'>illum</span> <span class='ocrx_word' id='word_1_448' title='bbox 981 4604 1116 4657; x_wconf 82' lang='lat' dir='ltr'>veraciter</span> <span class='ocrx_word' id='word_1_449' title='bbox 1127 4601 1276 4670; x_wconf 90' lang='lat' dir='ltr'>propitium</span> <span class='ocrx_word' id='word_1_450' title='bbox 1288 4602 1455 4673; x_wconf 81' lang='lat' dir='ltr'>allaturum,</span> 
     </span>
    </p>
   </div>
   <div class='ocr_carea' id='block_1_3' title="bbox 0 0 1672 5482">
    <p class='ocr_par' dir='ltr' id='par_1_9' title="bbox 0 0 1672 5482">
     <span class='ocr_line' id='line_1_44' title="bbox 0 0 1672 5482; baseline 0 0"><span class='ocrx_word' id='word_1_451' title='bbox 0 0 1672 5482; x_wconf 95' lang='lat' dir='ltr'> </span> 
     </span>
    </p>
   </div>
  </div>
 </body>
</html>
