3316 5482
321 364 416 414 eren.
433 360 514 412 nur.
534 361 651 412 euers.
670 381 716 391 -
732 360 885 412 sereno.
907 360 954 409 un
970 359 1048 411 cop.
1068 358 1142 410 socc.
1282 344 1345 412 341

111 539 146 589 et
159 535 187 586 in
206 532 275 587 dues
286 533 361 587 orbis
380 537 471 586 terrae
480 532 564 584 verba
577 543 672 584 eorum
686 510 812 583 exiemnt
824 546 830 582 :
842 530 919 584 Ecce
930 530 1003 583 dedi
1014 529 1107 595 uobis,
1119 530 1256 598 inquiens,
1265 534 1349 599 pote·

16 610 20 619 ⁵
110 636 229 688 statem
240 631 389 687 calcandi
399 642 495 698 snper
506 632 665 697 serpentes
676 631 706 683 et
717 628 894 696 scorpiones
906 631 937 682 et
947 641 1046 696 supro
1067 641 1189 682 omnem
1201 629 1350 683 virtutem

111 733 239 800 mundi,
249 735 279 786 et
291 730 375 784 nihil
384 744 436 784 cos
450 729 578 784 nocebit.
591 730 631 782 ltt
643 730 735 796 sr'pno
745 741 796 782 eos
806 729 861 796 qni
869 728 1071 782 crediderunt
1081 727 1156 782 tinec
1164 732 1350 797 sequentur:

112 833 151 885 in
163 832 289 885 nomine
300 844 365 885 neec
377 829 544 884 Memento
556 829 678 896 eicient,
694 828 811 896 linquis
834 829 1001 894 toquentur
1011 828 1110 895 nouis,
1125 831 1281 896 serpentes
1293 829 1348 883 tol

71 935 95 987 5
113 933 192 999 lent,
204 933 234 985 et
244 931 274 984 si
285 929 487 997 mortiferum
496 928 572 998 qnid
583 927 724 996 biberint,
738 940 801 982 non
812 941 864 982 eos
872 926 998 995 nocebit,
1011 940 1107 995 snper
1116 940 1226 995 cepres
1235 941 1348 982 manns

113 1032 276 1100 imponent
287 1034 316 1085 et
330 1030 404 1085 bene
415 1029 577 1083 habebunt.
592 1032 646 1082 llac
658 1030 789 1082 nominati
802 1028 896 1081 dilecti
906 1033 933 1082 et
945 1029 1001 1082 veri
1014 1029 1111 1080 Christi
1125 1029 1261 1096 discipuli,
1275 1030 1348 1082 savi-

113 1132 218 1185 nianus
228 1131 366 1198 videlicet,
379 1130 556 1183 Potentianus
577 1133 658 1196 atque
671 1128 787 1193 hltinus,
800 1133 911 1194 accepta
932 1131 1063 1193 potestate
1075 1141 1139 1181 cum
1162 1128 1261 1181 multos
1273 1127 1347 1182 intir-

113 1242 177 1282 mos
185 1229 294 1282 sanitati
304 1229 478 1282 restituerent
487 1232 515 1280 et
526 1240 583 1280 uon
593 1232 649 1280 tam
658 1228 742 1280 verbo
755 1226 969 1293 praedicationis
979 1239 1061 1294 quam
1071 1227 1157 1295 signis
1166 1234 1193 1279 et
1201 1227 1347 1281 virtutibus

113 1341 305 1398 quoscumque
325 1334 437 1396 possent
458 1328 492 1381 ab
513 1341 609 1381 errore
634 1330 804 1392 revocarent,
828 1326 956 1393 princeps
977 1327 1161 1392 apostolorum
1183 1329 1278 1381 Petrus
1298 1341 1347 1381 eos

59 1432 98 1484 lo
116 1430 219 1483 leniter
229 1428 381 1482 ammonuit
391 1432 422 1481 ut
434 1427 547 1480 Galliam
560 1427 702 1480 idolatriae
715 1425 834 1479 cultibus
844 1425 963 1478 deditam
976 1426 1085 1480 diabolo
1095 1426 1237 1480 auferrent
1249 1430 1275 1480 et
1288 1427 1345 1496 regi

112 1542 211 1598 regum
223 1528 329 1581 christo
342 1541 443 1581 munus
455 1526 621 1593 acceptabile
635 1523 772 1580 offerrent.
795 1527 878 1593 Cujus
898 1526 1134 1593 ammonitionem,
1155 1531 1185 1578 ut
1206 1532 1295 1579 tantos
1313 1539 1346 1581 ac

111 1627 183 1682 tales
194 1628 267 1682 viros
279 1627 403 1694 decebat,
417 1627 625 1680 saluberrimam
645 1625 810 1693 iudicantes,
824 1638 886 1678 mox
909 1626 960 1678 iter
972 1623 1001 1678 in
1014 1624 1137 1690 Galliam,
1156 1625 1261 1678 christo
1273 1624 1344 1679 duce

113 1732 140 1780 et
152 1732 269 1792 rectore,
283 1731 347 1780 suut
365 1726 495 1795 aggressi,
517 1732 643 1778 sanctum
664 1731 690 1778 et
703 1725 816 1793 dignum
830 1737 898 1790 opus
910 1727 965 1778 ileo
986 1723 1104 1777 fideliler
1116 1723 1252 1790 impleturi
1263 1742 1271 1791 ;
1284 1728 1343 1778 tau·

112 1825 231 1894 demque
244 1831 306 1892 post
318 1826 457 1879 horridam
470 1831 496 1879 et
517 1825 705 1893 longissimam
718 1826 790 1877 viam
812 1827 936 1877 Senones
957 1823 1105 1890 civitatem,
1119 1837 1189 1891 quae
1201 1828 1228 1878 et
1239 1826 1345 1893 maiore

61 1928 95 1980 ib
112 1925 208 1992 populi
218 1925 371 1992 frequentia
385 1925 506 1991 pollebat
526 1931 553 1977 et
565 1924 773 1977 simulacrorum
784 1906 786 1908 ’
798 1924 1036 1989 superstitionibus
1047 1924 1110 1990 plus
1127 1925 1264 1990 sordebat,
1278 1930 1343 1977 tam·

112 2038 196 2091 quam
209 2025 349 2078 tortissimi
362 2025 463 2077 milites
475 2025 572 2077 Christi
584 2024 730 2091 pugnaturi
744 2023 927 2090 expetierunt,
941 2024 1039 2089 parati,
1053 2023 1120 2076 inibi
1131 2029 1342 2092 commorantes,

112 2136 162 2189 per
174 2123 384 2190 praedicationis
397 2121 516 2176 officium
529 2127 576 2176 aut
588 2123 702 2176 Domino
715 2123 820 2175 Christo
833 2121 952 2174 subdere
964 2125 1010 2174 ant
1026 2121 1143 2189 gloriosa
1156 2127 1244 2176 morte
1258 2122 1341 2175 vitam

113 2221 201 2276 linire.
215 2223 362 2276 Venientes
374 2236 438 2290 ergo
452 2223 485 2275 ad
498 2223 584 2288 ipsam
597 2222 694 2274 urbem
705 2222 832 2288 senonis,
846 2235 902 2275 non
915 2222 1059 2274 cessabant
1069 2227 1148 2275 nocte
1161 2225 1188 2275 et
1200 2223 1245 2275 die
1257 2235 1343 2289 popu·

112 2322 170 2374 lum
181 2322 313 2376 acuitura
326 2322 491 2375 daemonum
504 2322 662 2374 abstrahere
674 2326 699 2374 et
711 2321 739 2372 in
752 2333 847 2387 unam,
860 2333 930 2387 quae
943 2321 971 2373 in
984 2323 1067 2373 licum
1081 2325 1130 2385 est,
1144 2326 1170 2374 ct
1181 2321 1343 2375 catholicam

60 2402 95 2476 20
114 2421 196 2474 tidem
209 2420 376 2475 coadunare.
1118 2428 1121 2432 ’

146 2520 178 2573 3.
195 2523 255 2574 larn
267 2532 331 2574 vero
354 2520 447 2573 multis
459 2533 508 2586 per
527 2517 759 2585 praedicationem
773 2519 882 2574 illorum
905 2519 938 2573 ad
959 2519 1096 2572 Christum
1116 2521 1266 2587 conversis,
1280 2534 1340 2574 cum

111 2620 208 2673 beatus
221 2621 384 2673 savinianus
401 2619 594 2686 pontificalem,
608 2633 690 2686 quam
709 2619 817 2672 obeatu
840 2621 918 2672 Petro
932 2619 996 2671 illuc
1017 2618 1169 2673 destinatus
1190 2625 1341 2688 acceperat,

111 2726 207 2773 contra
220 2719 377 2773 incredulos
398 2725 511 2772 strenue
523 2723 550 2772 ct
571 2724 729 2772 constanter
740 2723 900 2785 potestatem
914 2724 1062 2785 exerceret,
1075 2720 1164 2788 gladio
1185 2734 1341 2786 percussus,

111 2833 161 2886 per
172 2820 291 2886 martyrii
304 2831 421 2886 poenam
435 2824 595 2886 perpetuam
617 2819 741 2887 migravit
754 2819 787 2872 ad
800 2819 932 2887 gloriam3
947 2820 1060 2886 ipsaque
1074 2820 1178 2886 civitas,
1192 2833 1262 2886 quae
1276 2826 1342 2875 tuuc

59 2921 93 2973 23
112 2932 175 2971 cum
189 2919 308 2984 primum
321 2918 420 2970 meruit
432 2918 533 2970 habere
555 2922 712 2983 patronum,
726 2923 817 2983 postea
830 2917 926 2971 habuit
938 2916 1009 2984 apud
1028 2918 1162 2971 Christum
1175 2932 1224 2983 pro
1238 2933 1267 2972 se
1279 2931 1342 2986 pro·

111 3017 209 3083 pilium
232 3018 450 3070 intercessorem.
470 3017 538 3069 lluic
559 3031 623 3070 mox
636 3018 663 3069 iu
686 3018 846 3083 episcopatu
867 3019 1064 3084 successitjam
1082 3017 1172 3071 dictus
1193 3020 1343 3073 nomineet

111 3117 209 3170 merito
222 3117 408 3181 potentianus,
422 3119 513 3182 pastor
535 3116 634 3180 bonus,
648 3116 818 3182 praedicator
839 3116 963 3185 egregius
975 3121 1002 3170 et
1013 3117 1089 3170 omni
1102 3118 1224 3172 bonitate
1236 3119 1342 3185 conspi-

109 3227 189 3269 cuus.
202 3215 251 3280 Qui
264 3227 326 3266 cum
340 3214 368 3266 iu
380 3227 413 3267 eo
428 3227 512 3280 quem
533 3219 661 3279 coeperat
673 3214 882 3278 praedicationis
903 3215 1000 3267 ardore
1013 3215 1135 3268 studiose
1148 3221 1175 3267 et
1188 3216 1266 3269 avide
1279 3231 1341 3283 per·

110 3311 219 3365 sisteret
232 3317 258 3366 et
270 3311 346 3365 nullo
366 3316 516 3378 tempores
538 3312 610 3365 bono
623 3325 706 3378 opere
727 3318 857 3376 cessaret,
871 3313 1007 3366 bonorum
1026 3313 1149 3367 omnium
1167 3313 1276 3367 invidus
1287 3314 1342 3368 dia·

52 3414 89 3464 30
108 3410 190 3463 bolus
202 3409 407 3463 incredulorum
420 3410 626 3475 perversitatem
637 3409 768 3462 adversus
781 3411 858 3463 illum
868 3411 989 3463 incitavit
1002 3417 1029 3464 et
1040 3411 1172 3465 famulum
1184 3413 1230 3465 bei
1240 3419 1342 3480 quauta

109 3508 198 3576 potuit
209 3509 347 3562 celeritate
360 3509 499 3562 exstinxit.
514 3508 565 3561 sed
587 3509 650 3576 quin
669 3510 786 3575 pretiosa
799 3515 841 3562 est
863 3524 935 3563 mors
955 3517 1123 3576 sanctorum,
1137 3525 1219 3578 quem
1241 3513 1341 3565 exstin-

107 3621 193 3676 guere
205 3608 298 3672 voluit,
312 3622 361 3675 per
375 3609 535 3675 martyrium
557 3607 720 3662 vivificando
733 3611 818 3677 magis
839 3609 873 3662 ad
886 3611 1014 3663 caelestia
1038 3611 1197 3677 transmisit,
1217 3612 1264 3665 ubi
1278 3625 1341 3665 oum

107 3707 216 3759 Christo
229 3707 288 3759 sine
301 3705 355 3759 line
374 3708 444 3760 sicut
456 3707 532 3759 stella
554 3707 665 3760 lucebit.
678 3710 699 3761 0
711 3708 806 3760 beatus
826 3713 853 3761 et
865 3713 906 3761 ter
919 3711 1071 3776 quaterque
1083 3711 1187 3774 beatus,
1201 3712 1258 3776 qui,
1271 3711 1342 3763 utin

107 3805 273 3858 caelestibus
293 3811 384 3872 posset
395 3806 484 3859 laetus
505 3806 707 3872 inperpetuum
727 3820 848 3871 manere,
861 3821 917 3860 non
939 3807 1073 3862 dubitavit
1092 3809 1211 3862 libenter
1221 3823 1271 3875 pro
1289 3809 1343 3863 lide

49 3910 89 3960 35
108 3904 208 3957 Christi
220 3905 313 3958 omnia
327 3909 526 3958 tormentorum
538 3918 639 3972 genera
651 3907 786 3958 sustinere
800 3911 826 3959 et
839 3906 873 3959 ad
884 3906 1010 3960 ultimum
1025 3885 1247 3974 persecutoribus
1259 3909 1344 3963 cervi·

108 4016 170 4056 cem
183 4004 315 4070 praebere
327 4009 354 4057 et
365 4018 415 4071 pro
429 4004 519 4057 lutura
532 4010 704 4071 praesentem
726 4006 807 4057 vitam
821 4007 953 4060 amittere.
966 4006 1095 4059 Audierat
1112 4007 1186 4060 enim
1199 4020 1214 4060 a
1227 4008 1342 4062 Domino

107 4104 175 4170 quia
187 4103 243 4170 qni
253 4103 375 4156 invenit
390 4103 532 4157 animum
553 4118 646 4157 snorn
653 4105 764 4171 perdet
778 4105 878 4172 illam,
892 4109 921 4159 et
942 4107 996 4173 qni
1001 4107 1182 4174 perdiderit
1200 4108 1343 4161 animam
1357 4129 1360 4138 ·

104 4215 203 4257 ‘wem
210 4207 343 4270 propter
354 4216 411 4271 me,
425 4204 461 4256 in
472 4204 571 4258 bitom
584 4208 747 4258 aeternnm
759 4206 893 4259 custodit
905 4219 984 4259 eom.

142 4304 174 4354 4.
194 4303 277 4370 Cuius
288 4303 446 4356 venerabile
459 4308 486 4355 et
498 4304 700 4357 sanctissimum
714 4318 825 4370 corpuS,
839 4305 928 4371 pridie
950 4306 1080 4359 kalendas
1089 4307 1208 4372 januarii
1217 4306 1342 4359 exanime

41 4408 84 4461 40
108 4403 224 4469 factum,
237 4404 271 4456 ab
292 4403 451 4456 infidelibus
470 4405 580 4470 quidem
603 4409 645 4457 est
657 4406 752 4458 avibus
765 4411 792 4457 et
806 4407 900 4458 bestiis
923 4406 956 4458 ad
970 4406 1158 4460 devorandum
1180 4408 1341 4473 projectum,

104 4503 159 4555 sed
174 4516 188 4556 a
203 4502 330 4556 ildelibus
343 4508 480 4571 tamquam
502 4504 727 4570 pretiosissimum
742 4506 917 4573 margaritum
931 4507 958 4558 iu
977 4506 1072 4559 eadem
1085 4507 1193 4559 civitate
1205 4512 1246 4559 est
1258 4507 1342 4559 hono·

103 4602 185 4657 riiice
209 4602 244 4656 ad
269 4603 493 4656 conservandum
514 4603 669 4670 sepulturae
697 4606 871 4672 mandatum3
897 4606 944 4659 ubi
966 4608 1025 4673 ejus
1050 4607 1110 4672 piae
1136 4605 1342 4660 intercessionis
