3316 5482
215 342 284 410 592
562 358 688 410 curun.
708 358 810 409 cono.
829 357 1002 408 naoroon.
1022 359 1100 408 nar.

314 523 378 602 380
404 525 488 605 Vita
501 526 624 606 sancti
643 527 845 628 Augustini
864 527 1039 630 episcopi
1057 527 1154 629 (pag.
1176 526 1380 630 493306).

247 659 316 714 Utin
326 660 387 714 cod.
397 662 546 725 tamtum.
560 662 581 728 l,
593 674 620 728 p.
629 662 697 726 sal).
708 662 767 715 orn.
779 662 908 730 prologus
924 663 1057 717 Beatum
1067 662 1284 730 Anouatinum
1299 676 1454 732 mappam

213 757 345 826 fnisse...

312 856 377 934 390
404 857 538 937 Passio
553 866 707 938 sanctae
723 859 933 961 seraphiae
947 864 985 939 et
998 864 1152 939 sanctae
1166 858 1341 938 Sabinae
1353 860 1450 963 (pag.

244 1111 293 1167 lld.
306 981 599 1181 opcffizsgiffict.
613 1115 671 1184 SS„
685 1113 761 1169 add.
774 1116 808 1169 29
819 1116 898 1184 Aug„
911 1121 978 1170 torn.
991 1116 1033 1180 vl,
1046 1130 1074 1183 p.
1085 1118 1175 1171 Aoo-4.

310 1209 376 1288 400
401 1210 533 1291 Passio
551 1220 776 1291 sanctorum
795 1212 935 1292 Felicis
952 1222 992 1292 et
1003 1212 1167 1293 Adaucti
1184 1213 1284 1317 (pag.
1306 1215 1406 1316 ala).

243 1343 279 1394 llx
291 1341 386 1396 Adone
398 1343 441 1397 ed.
455 1344 520 1398 Act.
538 1345 596 1410 SS„
608 1343 643 1398 ad
657 1345 684 1398 d.
696 1348 729 1399 30
740 1347 820 1415 Aug„
833 1352 899 1401 tom.
913 1349 955 1415 vl,
970 1362 997 1413 p.
1009 1347 1111 1414 34647,
1124 1360 1201 1401 num.
1213 1350 1270 1403 3-3.

309 1441 374 1516 440
399 1441 531 1520 Passio
549 1441 672 1521 sancti
691 1442 843 1522 Paulini
870 1443 1155 1546 archiepiscopi
1173 1441 1445 1554 [Trevirensis]

358 1576 458 1666 (pag.
481 1563 673 1662 313344).

244 1699 277 1751 ut
288 1697 317 1750 tn
329 1698 391 1753 cou.
403 1701 470 1753 arlo
480 1702 583 1767 (supra,
597 1715 624 1766 p.
637 1701 696 1767 sao,
711 1701 773 1764 ru).

308 1796 373 1873 440
391 1797 475 1876 Vita
493 1798 615 1877 sancti
633 1796 820 1876 Bernardi
838 1796 992 1877 abbatis
1010 1796 1329 1880 claraevallensis
1345 1800 1442 1903 (pag.

243 2054 290 2108 Ed.
309 2054 374 2110 Act.
387 2056 445 2121 33,
457 2054 492 2110 ad
504 1924 533 2109 d).
545 2057 578 2108 20
589 2058 667 2123 aun,
681 2059 749 2109 torn.
764 2056 806 2121 lv,
820 2069 848 2122 p.
860 2056 980 2112 434347.

398 2490 597 2624 cnxcw.
623 2534 748 2623 codex
768 2533 957 2644 signatus
978 2557 1093 2620 num.
1118 2530 1249 2622 9743.

240 2782 657 2847 orrmauecamneronenror.
671 2781 887 2846 neturunun
900 2760 1352 2848 marg.in.),‘uunuesupp1.nc
1367 2783 1443 2836 rsus.

240 2882 378 2936 Foliorum
390 2884 432 2950 st,
446 2883 519 2936 med.
531 2882 751 2949 (θωβπχοβο),
766 2880 904 2934 columnis
915 2880 998 2946 binis,
1012 2883 1140 2933 exaratus
1152 2892 1226 2933 saec.
1241 2881 1313 2935 lllll.

310 2981 347 3056 10
373 2979 457 3059 Vita
475 2989 513 3058 et
539 2989 645 3058 actus
671 2979 776 3057 beati
804 2978 1002 3055 Athanasii
1039 2976 1326 3057 Alexandrinae
1351 2980 1446 3057 civi·

355 3105 447 3182 tatis
461 3105 635 3206 episcopi
654 3104 732 3204 (fol.
756 3102 893 3203 40-430).

242 3240 308 3290 Fere
321 3237 392 3290 utin
405 3237 466 3290 cod.
480 3239 555 3299 3788,
567 3239 613 3290 33ο
624 3237 702 3305 (torn.
716 3238 736 3300 l,
750 3251 777 3303 p.
790 3237 857 3299 285).

241 3334 429 3388 Praemittitur
440 3336 580 3402 prologus,
595 3337 641 3401 qui
654 3335 710 3388 inc.
731 3331 1043 3400 somniarimipatrir
1060 3332 1162 3385 nostri
1172 3332 1347 3388 Athanasii
1352 3348 1448 3404 prae·

207 3434 402 3489 charissimos
414 3436 503 3487 octus
514 3436 543 3487 et
547 3434 779 3501 persecutiones
790 3444 827 3487 ac
837 3431 1011 3499 puccium,
1024 3444 1101 3496 quos
1108 3443 1171 3498 pro
1182 3431 1363 3489 catholicoe
1370 3436 1448 3502 fidei

206 3533 385 3603 defeccione
396 3534 559 3597 sustinuit,
574 3535 612 3586 dc
623 3533 820 3587 diveraiased
832 3530 954 3584 veriaet
971 3527 1163 3584 authenticis
1179 3533 1334 3588 ecclesiae
1345 3533 1445 3589 ootho-

208 3632 441 3687 licaeltistorit's
460 3633 608 3700 collipere
627 3634 657 3685 et
678 3632 712 3684 in
735 3644 835 3685 unum
856 3631 1094 3696 columenquoe
1108 3642 1170 3697 per
1190 3633 1294 3686 multa
1317 3635 1444 3701 repperi

206 3731 350 3798 dispersa
362 3744 551 3800 concrepare
562 3732 705 3786 curavi...

305 3830 345 3906 40
373 3831 456 3908 Vita
502 3829 639 3908 beatae
682 3828 824 3906 Mariae
867 3828 916 3907 de
961 3829 1126 3931 Oegnies
1159 3830 1339 3930 virginis,
1373 3853 1441 3932 per

355 3953 398 4028 D.
428 3953 619 4031 Jacobum
638 3953 688 4030 de
714 3952 883 4032 Vitriaco
914 3952 1155 4031 cardinalem
1186 3953 1334 4054 scripta
1362 3953 1435 4054 (fol.

353 4077 521 4180 illl-537.

238 4208 287 4264 Ed.
301 4212 367 4264 Act.
379 4211 436 4279 SS„
447 4211 482 4265 ad
494 4211 522 4266 (l.
535 4214 567 4265 23
579 4215 655 4280 lun,
669 4216 735 4266 tom.
750 4213 791 4280 lv,
804 4227 832 4279 p.
846 4212 948 4265 63436.
