3316 5482
314 348 408 401 131131..
426 350 510 403 rear.
529 351 880 404 311133-1333133.
899 354 946 404 13
962 352 1040 405 con.
1059 351 1136 404 3313.
1278 335 1341 402 187

115 499 330 585 ὴ1111131111113313,
351 533 382 574 33
395 522 564 589 gratissimas
584 522 709 576 33131331
729 523 833 589 3331131
854 523 969 578 bomine
990 523 1096 591 laudes,
1119 524 1167 591 qui
1188 535 1340 590 numquam

12 606 17 633 ³
111 603 176 666 ³¹⁶1
189 617 368 675 tamulantium
380 621 560 690 obliviscitur,
573 621 622 676 sed
634 623 725 689 potius
746 628 819 676 terra
832 624 956 690 marique
969 637 1079 690 semper
1091 622 1177 678 salvat
1197 627 1341 690 sperantes

106 703 142 762 in
170 719 262 775 33831
274 720 371 775 beatus
382 721 528 787 (timasius,
542 736 649 777 memor
666 724 805 790 capsellae
818 724 870 776 sibi
883 724 991 790 elapsae
1003 737 1067 776 cum
1079 727 1154 777 textu
1165 723 1298 792 evangelii
1311 723 1340 774 in

98 800 209 869 duetus
221 819 314 884 maris,
326 833 409 887 super
420 821 472 874 boc
484 820 563 875 valde
583 822 772 887 contristatur,
786 834 818 875 ac
829 821 953 875 studiose
965 822 1101 888 percurrit
1117 820 1202 875 maris
1214 822 1303 888 litora,
1316 820 1339 873 si

10 924 13 999 f
65 901 185 968 510313
193 916 263 970 inter
271 917 346 986 algas
358 920 393 972 ab
405 920 488 973 undis
500 921 636 988 abjectam
648 922 771 988 reperire
783 927 885 989 posset.

133 1013 194 1069 18.
210 1018 350 1086 ecumque
362 1020 566 1087 benedictione,
580 1022 727 1076 revertitur
739 1023 838 1074 iterum
851 1021 885 1075 ad
898 1026 1019 1089 portum,
1032 1026 1059 1074 et
1070 1021 1133 1076 dato
1147 1021 1230 1075 naulo
1248 1019 1339 1075 nautis

77 1105 258 1181 ingreditur
268 1120 394 1186 puppim.
407 1123 492 1186 Quam
505 1122 676 1202 impegentes
694 1124 723 1176 in
736 1123 821 1176 altum
835 1136 920 1189 mare,
934 1123 1081 1177 voluerunt
1092 1123 1221 1191 navigare
1238 1123 1268 1174 in
1280 1121 1339 1175 Gal·

72 1207 249 1282 iiamsed
271 1225 342 1272 nutu
354 1221 411 1287 bei,
425 1220 508 1274 113313
528 1222 682 1289 aquilonari
703 1227 795 1287 vento,
815 1228 891 1277 tanta
911 1223 1055 1276 velocitate
1076 1226 1248 1276 transnatant
1267 1222 1338 1275 salsa

68 1308 134 1364 bu
142 1315 229 1386 mina,
242 1317 332 1373 donec
345 1325 418 1373 recta
431 1323 526 1373 semita
538 1323 700 1387 perveniant
712 1322 746 1375 ad
759 1323 838 1376 litora
851 1323 1074 1376 ilibernensium.
1088 1322 1206 1389 ingressi
1217 1334 1337 1388 namque

25 1403 50 1455 ¹⁰
62 1419 114 1463 ca
120 1405 220 1470 ndem
231 1419 383 1487 regionem,
396 1427 547 1488 coeperunt
556 1426 656 1476 nautae
666 1435 715 1475 sua
728 1436 857 1477 exercerc
867 1424 975 1490 negotia
986 1440 993 1488 3
1007 1423 1104 1476 beatus
1119 1435 1185 1476 3333
1197 1419 1336 1475 (1111133133

62 1520 236 1572 consueta
247 1520 352 1587 ubique
363 1521 537 1590 operabatur,
550 1524 604 1576 beo
614 1523 740 1589 iubente,
754 1523 901 1591 magnalia.

121 1620 191 1673 14.
203 1618 322 1687 03311311
339 1632 469 1686 namque,
482 1618 549 1673 dum
560 1620 635 1674 solus
653 1621 704 1673 iter
719 1626 853 1688 carperet,
866 1634 1013 1674 occurrere
1033 1620 1086 1674 sibi
1101 1619 1240 1687 quendam
1252 1631 1335 1686 para·

57 1713 227 1782 tyticum,
239 1733 324 1787 quem
336 1725 464 1785 parentes
484 1726 511 1772 et
522 1720 605 1773 vicini
626 1721 670 1774 sui
682 1722 897 1788 circumquaque
910 1721 1044 1787 terebant,
1058 1724 1224 1787 quaerentes
1241 1720 1336 1772 alimo-

57 1814 227 1874 niamab
247 1819 346 1873 incolis
365 1822 561 1884 terraconem
582 1821 680 1874 videns
700 1821 797 1874 beatus
818 1821 962 1888 Gildasius,
976 1819 1166 1888 genuflectens
1185 1818 1336 1872 orationem

14 1915 220 1997 1111933133
240 1920 370 1985 iudit;et
389 1919 424 1972 ad
443 1920 599 1974 vehiculum
620 1920 718 1973 miselli
740 1920 885 1984 accedens,
898 1919 969 1973 dixit
988 1921 1046 1973 :ln
1066 1919 1191 1972 3333133
1210 1917 1337 1973 Domina·
1437 1949 1441 1957 -

56 2021 293 2075 nostratem
309 2019 487 2076 0131311313
506 2023 609 2075 rectus
620 2033 720 2089 supra
736 2021 833 2089 pectes
853 2023 921 2075 1333
937 2023 967 2074 31
983 2033 1004 2073 a
1017 2019 1146 2075 Domino
1161 2018 1336 2086 pristinam

56 2120 211 2189 recipe
220 2120 401 2175 3331131331.
415 2120 465 2185 Qui
478 2133 551 2186 mox,
564 2121 668 2174 viribus
685 2120 808 2186 corporis
826 2121 954 2188 receptis,
967 2133 1053 2173 sanus
1070 2118 1194 2185 efficitur,
1210 2117 1338 2170 3131313-

57 2220 150 2267 ma
160 2231 264 2273 133333
276 2231 385 2285 magua,
398 2219 489 2286 333311
510 2217 684 2286 magnificare
705 2232 809 2272 nomen
821 2220 928 2273 bomini
941 2217 968 2272 31
982 2223 1076 2271 333313
1097 2218 1156 2271 3113
1168 2215 1337 2284 gratissimas

56 2306 202 2370 laudes
213 2299 326 2384 reterre,
337 2317 433 2372 dicens
452 2332 483 2370 se
495 2317 535 2370 ire
547 2331 610 2371 cum
623 2317 670 2372 iilo
683 2319 850 2385 ubicumque
868 2319 1007 2372 voluisset.
1022 2318 1074 2371 Sed
1093 2322 1205 2370 sanctus
1217 2315 1268 2379 vir,
1285 2315 1337 2367 boc

10 2409 39 2464 bi
55 2415 170 2468 ¹¹01]
180 2416 276 2483 terens,
289 2415 377 2469 3111111
390 2432 397 2469 :
419 2416 818 2485 ,11333333333333333133
830 2431 959 2485 mecum,
972 2418 1026 2470 sed
1043 2418 1199 2470 reuertere
1209 2414 1337 2467 domum

57 2503 111 2553 θ*
144 2526 210 2568 aron
221 2515 356 2569 (13313133
367 2514 493 2570 Domini
504 2515 771 2584 33331333311313
782 2515 976 2583 collaudare,
996 2514 1050 2583 331
1061 2512 1237 2568 1333311311
1248 2511 1336 2564 resti-

60 2599 175 2665 mit
183 2616 210 2668 31
220 2614 399 2669 consolatus
410 2616 456 2668 331
468 2616 508 2667 13.
520 2615 553 2667 lt
573 2614 620 2668 ille
632 2616 717 2684 magis
730 2613 871 2684 magisque
892 2615 921 2668 in
935 2613 1045 2668 laudem
1058 2614 1119 2680 ejus
1139 2610 1336 2679 prorumpebat

63 2700 112 2750 ⁰⁸·
138 2717 251 2770 canem
263 2716 364 2783 quibus
376 2715 502 2769 obviabat
514 2702 666 2781 intimabat,
678 2715 794 2769 dicens:
815 2715 917 2769 Venite
925 2727 1030 2768 omnes
1041 2717 1070 2767 31
1080 2713 1182 2766 videte
1191 2713 1335 2766 sanctum

66 2798 210 2868 virm
221 2815 287 2883 Det,
300 2814 358 2882 331
367 2813 448 2868 mibi
457 2815 629 2869 sanitatem
641 2816 768 2869 3313133
779 2814 979 2882 corporisque
990 2813 1139 2867 reddidit.

20 2910 55 2973 5
128 2910 191 2966 1⁶.
208 2918 285 2968 ’13133
296 2922 409 2967 sanctus
420 2914 565 2977 Gildasius,
581 2916 677 2969 3313113
699 2915 840 2969 declinare
852 2927 867 2968 a
880 2915 971 2968 133313
984 2914 1117 2980 31313333
1131 2917 1221 2965 tantae
1233 2911 1330 2978 plebis,

76 2989 230 3066 discessit
241 3015 368 3081 protinus
385 3014 419 3067 ab
437 3015 477 3067 eis
497 3019 526 3067 et
545 3015 613 3069 abiit
624 3015 751 3079 latenter,
764 3029 800 3067 ne
814 3021 1016 3083 agnosceretur,
1031 3020 1058 3066 et
1070 3012 1180 3066 13113311
1192 3012 1222 3063 in
1242 3011 1333 3064 aulam

83 3102 178 3172 muis
189 3113 409 3166 iliberncusium.
423 3114 455 3165 111
474 3113 576 3166 1331313
588 3114 668 3167 estin
681 3114 735 3166 11113
748 3113 856 3178 diebus,
878 3114 991 3180 contigit
1002 3113 1150 3178 piscatores
1169 3111 1241 3178 regis
1258 3124 1333 3163 exer·

94 3204 169 3263 eere
181 3212 359 3278 piscationem
370 3224 466 3279 mam,
480 3213 527 3280 qui
539 3214 679 3279 capientes
691 3227 778 3267 unum
796 3213 1026 3266 immanissimum
1042 3213 1154 3279 piscem,
1169 3211 1330 3264 detulerunt

102 3305 168 3363 inte
179 3315 353 3378 regemque
371 3312 438 3378 3133,
451 3325 497 3366 3331
507 3314 590 3379 jussit
601 3326 665 3367 eum
687 3313 834 3381 diligenter
846 3326 1020 3379 praeparare.
1033 3315 1118 3377 Quem
1138 3309 1259 3363 ministri
1273 3324 1334 3377 ape·

69 3395 98 3448 ³⁰
109 3398 215 3477 τ113133,
229 3412 421 3477 repperierunt
432 3412 461 3465 in
473 3413 626 3467 ventriculo
638 3415 697 3479 eius
710 3413 855 3479 capsellam
874 3426 936 3466 cum
954 3417 1038 3478 textu,
1051 3424 1122 3478 quae
1134 3410 1226 3477 elapsa
1244 3410 1332 3463 iuerat

113 3497 205 3562 1111333
226 3510 334 3564 3133313
347 3510 467 3566 Gildasio
478 3511 545 3565 dum
566 3510 737 3579 phantastico
751 3513 892 3581 naufragio
914 3512 1067 3578 periculum
1085 3513 1169 3563 maris
1191 3509 1330 3563 evaserit:

114 3613 184 3669 quam
195 3608 279 3663 lotam
292 3611 457 3676 accipientes
471 3613 589 3665 ministri
601 3613 760 3666 obtulerunt
782 3614 848 3678 3331.
862 3615 917 3665 ilex
930 3618 1021 3665 autem
1034 3611 1149 3663 intuitus
1167 3623 1238 3676 eum,
1252 3610 1332 3662 vene·

115 3711 328 3776 uenterexparit
347 3724 379 3763 33
399 3710 610 3779 diligentissime
630 3713 819 3766 sacerdotibus
832 3713 964 3766 ecclesiae
986 3711 1195 3766 commendavit.
1210 3708 1331 3773 Quadam

113 3801 182 3871 igilur
193 3808 249 3876 die,
262 3809 327 3862 dum
340 3816 452 3865 sanctus
463 3811 504 3865 vir
515 3814 601 3879 gratia
613 3813 745 3866 orationis
757 3814 896 3868 introisset
909 3815 938 3866 in
955 3814 1096 3866 basilicam
1110 3813 1187 3878 juxta
1200 3810 1329 3877 palatium

111 3907 183 3974 11313,
202 3909 315 3976 contigit
332 3922 395 3962 eum
416 3912 569 3966 orationem
590 3926 667 3965 suam
688 3914 843 3980 protelare;
866 3919 893 3966 ct
915 3913 990 3966 linita
1005 3913 1139 3978 oratione,
1153 3925 1229 3965 more
1250 3909 1331 3964 solito

110 4002 214 4060 13133113
226 4009 313 4062 oculis
332 4023 363 4063 ac
376 4012 504 4066 inanibus
515 4014 543 4065 in
565 4013 671 4067 caelum
684 4013 786 4066 diutius
804 4016 887 4066 stetit.
901 4014 1097 4079 aspiciensque
1115 4012 1223 4065 eminus
1235 4015 1331 4064 contra

108 4103 197 4175 altare,
210 4107 278 4161 311111
289 4110 362 4162 13133
381 4112 494 4180 pignora
507 4119 664 4166 sanctorum
687 4114 769 4166 etiarn
783 4127 861 4166 suam
883 4114 1042 4179 capsellam,
1057 4125 1139 4179 quam
1161 4111 1227 4165 olim
1240 4110 1329 4176 pordi-

108 4201 180 4258 derat
194 4220 277 4273 super
289 4208 376 4261 undas
398 4212 490 4273 maris,
503 4214 736 4283 vehementerque
751 4214 839 4280 coepit
861 4215 926 4267 11333
944 4227 974 4266 33
987 4214 1090 4266 dolere.
1105 4215 1188 4277 Quem
1202 4210 1330 4263 custodes

108 4306 232 4361 ecclesiae
251 4312 451 4376 conspicientes
463 4317 518 4365 tam
540 4312 675 4367 immenso
689 4314 785 4367 dolore
798 4316 961 4381 plorantem,
975 4315 1102 4367 sciscitati
1124 4319 1188 4365 sunt
1200 4313 1328 4379 quisnam

110 4411 230 4461 31331331
251 4423 304 4476 333
316 4423 399 4464 33333
420 4418 474 4465 tam
495 4412 606 4467 assiduo
619 4414 693 4466 luctu
713 4413 884 4479 alliceretur3
907 4414 1007 4479 quibus
1027 4411 1114 4465 noluit
1135 4409 1266 4473 indicare,
1280 4407 1328 4460 sed

111 4506 191 4568 potius
202 4510 287 4564 nimio
297 4511 417 4578 singultu
428 4515 579 4566 aestuabat.
590 4517 665 4566 Tunc
681 4513 851 4579 propalatum
865 4520 905 4565 est
917 4514 944 4565 in
955 4513 1054 4578 palatio
1065 4512 1135 4578 regis
1150 4524 1164 4562 a
1175 4509 1328 4560 dicentibus

111 4605 209 4677 3313133
228 4609 362 4666 basilica
384 4614 479 4681 11333
497 4626 565 4679 rem,
586 4615 715 4681 quidam
739 4613 1052 4669 1113333113331333333
1072 4615 1200 4681 aspectu
1213 4623 1325 4678 333333
