3316 5482
460 360 552 410 uren.
571 358 655 409 nar.
674 359 790 409 ranis.
808 378 855 389 —
869 359 1023 409 apruno.
1043 359 1090 409 an
1106 358 1184 408 con.
1204 354 1280 406 saca.
1420 339 1487 406 367

253 529 363 595 divites,
376 540 579 583 connumerare
590 527 729 595 repudiat,
743 528 847 581 recolat
864 532 974 581 sanctos
991 525 1159 595 patriarchas
1171 538 1228 580 non
1241 539 1319 593 reges
1331 525 1484 593 bominum,

253 628 438 694 sedpastcres
451 639 580 694 pecorum
593 626 747 691 exstitisse;
762 627 891 695 recogitet
903 627 1050 680 Dominum
1064 627 1206 680 nostrum*
1222 629 1317 680 lesum
1334 625 1481 692 christum,
1532 622 1542 642 ⁶
1603 658 1610 674 .
1640 659 1646 672 .

255 740 306 793 pro
321 727 407 780 salute
418 726 527 795 generis
539 727 651 779 humani
663 726 698 779 de
710 731 798 779 matre
817 727 997 790 nasciturum,
1016 727 1211 793 pauperculam
1223 726 1356 793 virginem
1368 725 1486 793 potenti-

253 828 309 881 bus
321 827 432 896 reginis,
445 826 603 879 Bethlehem
614 826 748 879 humilem
761 825 930 880 civitatulam
943 826 1059 879 urbibus
1071 826 1173 879 inclitis
1184 831 1212 879 et
1223 826 1377 893 populosis,
1390 838 1486 893 angus

217 929 236 980 li
255 931 315 980 tum
326 938 457 994 praesepe
469 925 606 993 regalibus
627 925 743 993 palatiis,
765 925 833 979 viles
850 927 1014 993 panniculos
1025 925 1154 994 pretiosis
1166 926 1295 993 purpuris
1309 926 1484 994 praetulisse,

256 1031 357 1081 etcum
378 1030 450 1079 esset
468 1025 497 1078 in
518 1025 605 1079 torma
624 1025 681 1093 bei,
703 1025 820 1079 formam
842 1026 914 1080 servi
934 1026 1075 1081 humiliter
1095 1027 1294 1093 assumpsisse3
1317 1025 1431 1080 reducat
1453 1023 1488 1078 ad

255 1126 417 1180 memoriam
429 1125 548 1179 eundem
561 1138 653 1192 regem
666 1138 761 1193 regum
773 1125 802 1179 in
815 1125 967 1193 primordio
985 1139 1053 1181 snae
1071 1125 1283 1194 praedicationis
1301 1139 1357 1181 non
1370 1127 1488 1192 impera·

257 1229 329 1279 tores
341 1224 390 1278 sed
403 1225 553 1291 piscatores
565 1223 680 1292 elegisse
692 1229 720 1278 ει
731 1237 781 1291 per
792 1237 840 1278 ora
852 1225 1017 1291 piscatorum
1025 1225 1095 1279 colla
1105 1225 1301 1291 imperatorum
1313 1225 1370 1277 suis
1382 1224 1488 1292 legibus

256 1322 429 1390 subdidisse;
451 1322 543 1377 audiat
563 1321 619 1376 duc
638 1323 684 1376 illa
705 1323 847 1390 praeclara
868 1323 954 1376 sancti
972 1323 1088 1390 Spiritus
1099 1336 1211 1392 organa,
1224 1323 1364 1377 diversum
1373 1323 1487 1390 quidem

202 1425 238 1477 ιθ
256 1437 352 1477 sexum
365 1424 415 1477 sed
428 1436 484 1477 non
495 1422 634 1476 diversum
655 1436 768 1477 sensum
789 1423 925 1491 babentia,
952 1424 1067 1477 eandem
1088 1424 1252 1477 sententiam
1274 1435 1360 1490 paene
1382 1422 1486 1476 eisdem

255 1523 347 1577 verbis
358 1522 526 1576 unanimiter
538 1522 722 1588 concinentia,
746 1525 853 1576 Annam
872 1523 933 1576 dico
955 1523 1042 1576 sancti
1063 1523 1198 1576 Samuelis
1211 1523 1361 1590 prophetae
1373 1522 1486 1591 genitri-

256 1636 316 1677 cem
327 1627 355 1676 ει
366 1629 492 1676 sanctum
504 1622 586 1676 bavid
600 1622 760 1689 prophetam
780 1630 808 1675 et
828 1635 940 1690 regern:
963 1623 1124 1689 Dominus,
1145 1622 1284 1690 inquiunt,
1307 1621 1487 1677 suscitotde

248 1724 383 1791 puluere
392 1734 521 1789 egenum
533 1723 562 1775 et
573 1722 612 1775 de
622 1723 757 1777 stercore
768 1723 870 1776 elevat
884 1735 1066 1790 pauperem,
1080 1723 1116 1775 ut
1129 1722 1238 1777 sedeat
1253 1733 1325 1776 cum
1332 1721 1488 1790 principi·

254 1821 312 1875 bus
323 1823 353 1875 et
364 1820 480 1875 solium
491 1819 614 1887 purior
625 1822 747 1885 terunc-
761 1820 885 1874 attendat
896 1820 1018 1874 divinam
1031 1834 1125 1875 vocem
1145 1834 1194 1887 per
1206 1833 1237 1874 os
1249 1820 1335 1873 sancti
1349 1820 1487 1874 samuelis

202 1922 238 1974 15
257 1921 401 1974 manifeste
412 1921 570 1974 dicentem:
595 1920 816 1988 Glortficautes
832 1934 881 1974 me
897 1920 1090 1990 purificabo,
1104 1921 1158 1988 qui
1168 1923 1272 1974 autem
1286 1921 1489 1975 contemnunt

256 2031 306 2072 me
316 2021 410 2072 erunt
417 2016 739 2086 ipuobiler,·admoveat
747 2031 841 2072 aurem
851 2018 968 2085 principi
978 2019 1164 2086 apostolorum
1173 2019 1208 2072 de
1218 2017 1320 2072 effusa·
1330 2032 1413 2086 super
1421 2030 1487 2086 gen·
1530 2023 1589 2082 'tu
1602 2025 1639 2090 g)

256 2118 319 2172 tiles
330 2118 448 2185 Spiritus
458 2116 546 2170 sancti
557 2117 643 2184 gratia
654 2131 717 2171 cum
729 2118 910 2172 admiratione
928 2119 1075 2188 gratulanti
1096 2123 1123 2172 ει
1133 2119 1254 2173 divinam
1268 2116 1484 2172 misericordiam
1516 2088 1620 2212 ‘ffig
1631 2095 1657 2212 {a

260 2218 305 2272 bis
316 2219 408 2272 verbis
420 2218 585 2272 collaudanti
599 2231 605 2267 :
619 2217 657 2271 Iu
666 2219 800 2273 veritate
807 2219 944 2286 comperi
961 2219 1035 2286 quia
1051 2232 1115 2272 uon
1131 2221 1177 2272 εει
1183 2230 1393 2286 personarum
1404 2229 1487 2272 acce·

250 2321 328 2387 pior
338 2320 430 2385 Deua,
443 2319 498 2373 sed
510 2319 545 2371 iu
555 2319 642 2372 omui
650 2321 739 2386 percle
751 2319 806 2387 quc·
818 2318 906 2373 timet
916 2320 1013 2373 Deum
1025 2321 1055 2373 et
1065 2321 1215 2387 operatur
1224 2319 1387 2384 justitiam
1400 2329 1485 2373 acce·

196 2423 237 2477 20
251 2421 332 2488 ptus
339 2422 386 2474 est
393 2420 455 2473 illi.
465 2420 592 2487 Quisquis
604 2420 685 2487 igitur
693 2433 785 2473 veram
798 2420 977 2488 nobilitatem,
987 2434 1080 2474 veram
1089 2421 1281 2484 urbanitatem,
1290 2433 1369 2474 veras
1379 2419 1486 2472 divitias

253 2520 368 2574 rationis
379 2520 458 2573 oculo
469 2509 627 2572 considerat
647 2523 674 2571 et
693 2520 765 2572 beati
789 2518 934 2586 Pardulplii
952 2519 1037 2573 ritum
1058 2532 1205 2586 moresque
1218 2532 1275 2573 non
1289 2519 1405 2587 ignorat,
1418 2531 1482 2573 eum
1510 2523 1571 2584 ’(ιι.
1584 2523 1647 2587 ει)ε

253 2619 386 2685 nobilem,
406 2619 543 2672 urbanum
564 2621 612 2672 ει·
632 2619 744 2673 divitem
765 2619 953 2672 indubitanter
973 2625 1117 2673 asseverat.
1137 2619 1275 2687 Numquid
1295 2620 1370 2673 enim
1382 2618 1483 2673 nobilis
1528 2591 1637 2644 ΜΗ·

252 2718 390 2773 dicendus
402 2724 443 2772 est
455 2719 513 2787 qui,
523 2732 586 2772 curn
599 2720 634 2772 sit
646 2718 799 2773 secundum
820 2732 932 2772 caruem
954 2719 1084 2773 nobiliter
1105 2725 1195 2787 natus,
1214 2723 1357 2786 peccatum
1369 2718 1484 2785 iaciens,

252 2831 350 2872 servus
372 2823 413 2871 εει
432 2818 547 2885 peccati,
571 2822 599 2871 ει
618 2818 717 2871 nobilis
738 2817 880 2886 negandus
900 2795 1020 2885 estqui,
1044 2818 1189 2871 declinans
1209 2831 1225 2871 a
1245 2816 1316 2871 malo
1335 2821 1362 2870 ει
1378 2817 1484 2870 iaciens

189 2921 234 2973 25
255 2917 371 2983 bonum,
384 2915 457 2970 lilius
469 2915 584 2971 edicitur
603 2917 708 2971 Excelsi
719 2919 731 2969 t
742 2917 880 2984 Numquid
899 2918 1023 2971 urbanus
1045 2922 1087 2970 est
1103 2917 1149 2984 qui
1169 2918 1197 2970 in
1209 2919 1279 2971 urbe
1290 2922 1400 2970 terrena
1413 2928 1486 2970 com·

255 3020 389 3078 moratur,
402 3020 432 3090 ειΙ
441 3028 498 3070 non
510 3020 551 3070 est
563 3017 686 3070 urbanus
699 3017 746 3084 qui
767 3031 816 3084 per
836 3021 961 3070 sanctum
982 3017 1149 3070 desiderium
1173 3017 1201 3069 in
1215 3016 1323 3070 caelesti
1334 3015 1486 3069 Jerusalem

254 3116 365 3170 assidue
376 3117 722 3185 conversaturlliumquid
735 3117 811 3172 dives
824 3123 865 3171 εει
882 3119 929 3184 qui
943 3118 1026 3171 rebus
1039 3118 1202 3172 transitoriis
1215 3117 1348 3183 abundat,
1364 3122 1391 3170 ει
1409 3117 1486 3171 dives

255 3228 314 3268 non
327 3216 424 3284 estqui
436 3221 592 3270 sanctarum
604 3217 735 3270 virtutum
747 3217 828 3271 donis
839 3217 984 3271 affluenter
995 3218 1145 3271 exuberat?
1156 3218 1279 3285 benique
1292 3217 1381 3270 sancti
1391 3228 1487 3269 secun·

255 3314 323 3367 dum
336 3327 448 3369 carnem
460 3316 577 3382 nobiles,
591 3317 690 3370 urbani
704 3323 731 3370 et
743 3318 850 3385 divites,
864 3331 921 3372 nou
935 3318 1000 3385 quia
1018 3319 1085 3372 baec
1097 3318 1253 3371 babuerunt
1265 3317 1352 3371 sancti
1365 3317 1486 3382 luerunt,

196 3417 238 3470 50
258 3415 308 3468 sed
320 3416 383 3482 quia
403 3415 471 3469 baec
490 3417 535 3470 vel
553 3418 631 3484 quasi
653 3430 708 3471 non
729 3421 855 3472 tenentes
875 3422 1038 3485 tenuerunt,
1056 3418 1099 3472 vel
1120 3419 1186 3487 quia
1206 3419 1343 3471 christum
1364 3416 1484 3485 perfecte

256 3519 416 3582 sequentes,
430 3517 601 3570 haecomnia
613 3531 663 3583 pro
676 3517 813 3571 desiderio
827 3518 904 3586 regni
919 3518 1044 3572 caelestis
1059 3519 1219 3586 relinquere
1234 3517 1401 3571 maluerunt.
1414 3519 1488 3570 llaec

256 3626 344 3681 pauca
358 3614 393 3667 de
406 3614 500 3667 multis
511 3616 546 3668 ad
566 3616 803 3682 comprimendum
825 3616 981 3670 mundanae
1002 3616 1193 3684 generositatis
1210 3622 1346 3669 tumorem
1358 3619 1387 3669 et
1398 3616 1488 3669 suble·

255 3712 373 3767 vendam
386 3713 509 3781 plebeiae
521 3716 707 3781 generationis
718 3716 900 3783 abjectionem
922 3716 1058 3783 prosecuti
1075 3729 1180 3770 sumus.
1198 3719 1274 3769 llunc
1286 3714 1321 3768 ad
1335 3715 1375 3768 rei
1388 3728 1488 3782 propo·

256 3813 325 3867 sitae
334 3813 531 3881 narrationem,
544 3815 660 3880 spiritus
672 3816 759 3868 sancti
772 3816 858 3883 gratia
871 3815 1065 3883 praecedente,
1078 3816 1231 3871 veniamus.

204 3911 241 3964 stt
715 3914 859 3979 Explicit
872 3917 1032 3981 prologus.

454 4079 594 4189 ⁴Incipit
608 4115 688 4178 vitu
701 4117 818 4178 sancti
835 4118 1033 4190 pardulphi
1047 4115 1274 4179 contessoris.

294 4310 321 4364 1.
334 4310 396 4362 Fuit
406 4310 498 4377 itaque
509 4310 605 4363 beatus
617 4309 787 4377 Pardulpbus
801 4311 829 4362 in
842 4311 979 4364 territorio
998 4309 1200 4377 lemovicensi,
1218 4309 1278 4363 vico
1291 4309 1403 4363 nomine
1413 4311 1487 4363 Sara·

260 4411 345 4476 deno,
357 4410 463 4478 plebeis
482 4411 605 4478 quidem,
626 4418 657 4464 ut
676 4413 856 4478 praelibatum
880 4418 929 4479 est,
951 4414 1111 4479 parentibus
1133 4417 1301 4479 procreatus.
1321 4412 1369 4465 sed
1381 4424 1490 4464 morum

260 4512 405 4564 honestate
417 4517 444 4564 et
455 4511 585 4564 virtutum
598 4512 723 4565 ubertate
742 4513 886 4579 insigniter
905 4512 1063 4566 adornatus.
1078 4515 1109 4565 ln
1122 4513 1200 4578 cujus
1217 4511 1309 4565 adbuc
1326 4511 1425 4579 puerili
1443 4524 1491 4577 pe·

203 4613 240 4667 40
259 4614 337 4665 ctore
349 4610 583 4692 Spiritussanctus
594 4616 700 4679 gratum
713 4611 765 4665 sibi
782 4612 966 4666 babitaculum
985 4613 1163 4679 consecravit,
1177 4610 1250 4679 quod
1262 4624 1350 4678 usque
1362 4612 1391 4665 in
1404 4610 1488 4664 tinem
1519 4668 1526 4685 ,
