3316 5482
371 322 415 391 96
716 340 839 394 neren.
858 342 960 394 conn.
978 343 1154 395 usercen.
1171 345 1253 396 ner.

371 512 473 567 inditae
486 526 617 580 persaepe
629 514 663 567 ab
675 517 879 584 aegrotantibus
891 518 1002 571 morbos
1012 518 1313 585 ingrueruntouadam
1326 532 1446 587 namque
1458 519 1503 575 die
1515 520 1603 575 domi-

369 614 432 668 nica
444 613 518 668 idem
543 616 640 670 beatus
657 617 794 671 Firminus
814 619 969 685 episcopus,
982 619 1024 671 uir
1035 620 1166 672 honestae
1187 620 1261 673 uitae
1283 625 1308 673 et
1326 634 1379 687 per
1395 627 1494 675 cuneta
1511 622 1604 677 lauda·

371 711 444 777 bilis,
456 712 522 766 dum
535 714 595 767 loca
606 719 700 768 sancta
712 728 746 768 ex
769 716 970 770 consuetudine
989 730 1052 770 cum
1065 717 1122 770 suis
1143 717 1252 770 clericis
1264 717 1431 793 circumiret,
1443 719 1559 789 veniens
1575 721 1605 774 in

372 811 488 865 ecclesia
499 813 596 867 beatae
607 815 716 879 itariae,
729 820 757 868 et
765 814 902 868 celebrata
915 816 952 869 ibi
978 816 1060 869 missa
1083 816 1236 870 matutinali
1249 829 1374 884 egressus
1385 822 1427 871 est
1436 818 1472 873 ab
1488 819 1606 874 ecclesia

372 909 468 965 beatae
477 913 575 965 itariae
588 927 698 981 semper
709 914 831 983 virginis,
842 915 876 968 ad
889 916 1007 981 bociam
1020 928 1137 983 pergens
1149 920 1179 969 ut
1191 916 1220 969 in
1232 915 1346 969 ecclesia
1358 916 1430 970 beati
1448 917 1605 972 'theoderiti
1619 920 1637 972 c

373 1015 545 1077 exspectante
558 1014 658 1078 populo
678 1014 825 1066 missarum
848 1013 993 1068 sollemnia
1014 1014 1175 1068 celebraret.
1191 1016 1313 1081 cumque
1332 1015 1453 1069 venisset
1471 1016 1501 1069 in
1515 1016 1606 1072 media

375 1108 493 1164 claustra
505 1115 569 1165 ante
582 1112 654 1165 rores
665 1111 675 1132 ‘
687 1114 773 1166 sancti
786 1113 951 1177 Theoderici,
964 1114 1067 1167 audivit
1079 1125 1161 1167 voces
1172 1114 1329 1167 canentium
1342 1114 1371 1166 in
1383 1113 1459 1168 caelo
1471 1120 1499 1169 et
1511 1115 1606 1170 dicen·

376 1209 444 1261 tium
457 1225 466 1262 .·
477 1211 617 1279 Serretes,
631 1214 770 1282 sanctus,
784 1215 922 1281 sanctur,
941 1213 1091 1267 Dominus
1107 1213 1188 1267 Deus
1207 1211 1347 1268 robooth.
1361 1215 1521 1281 vocansque
1541 1216 1606 1269 Fer·

376 1309 481 1363 reolum
494 1310 650 1377 diaconum,
664 1312 814 1379 interrogat
832 1313 855 1365 si
875 1325 955 1366 aures
975 1313 1034 1379 ejus
1054 1316 1229 1379 percuterent
1240 1325 1321 1367 voces
1338 1325 1407 1380 quas
1419 1313 1466 1367 ille
1477 1313 1607 1369 adtentus

375 1407 494 1463 audiret.
502 1409 652 1476 Respondit
660 1425 666 1462 :
675 1409 890 1478 Nequaquam.
902 1411 1032 1464 Funcille
1045 1426 1053 1464 ε
1066 1410 1246 1479 Diligenter,
1260 1411 1359 1478 inquit,
1372 1411 1525 1468 obscena.
1538 1415 1606 1468 coe·
1625 1414 1652 1469 ld

376 1509 416 1576 pit
434 1509 589 1576 praedictus
609 1509 754 1564 Ferreolus
774 1509 907 1563 diaconus
926 1524 1034 1564 sursum
1055 1510 1157 1565 collum
1177 1510 1336 1576 extendere,
1357 1524 1439 1565 aures
1453 1513 1561 1580 erigere
1578 1517 1607 1568 et

375 1622 458 1677 super
470 1611 584 1663 summis
598 1610 720 1664 articulis
732 1609 830 1664 baculo
842 1614 1006 1678 sustentare,
1019 1610 1068 1664 sed
1083 1611 1196 1664 minime
1214 1611 1310 1665 audire
1331 1611 1428 1678 potuit.
1445 1614 1523 1666 Tunc
1546 1625 1609 1679 pre

376 1709 452 1761 strati
462 1713 552 1762 terrac
574 1711 632 1775 ipse
654 1710 755 1775 pariter
775 1714 802 1762 et
821 1709 918 1763 beatus
939 1711 1084 1777 episcopus
1096 1712 1241 1765 bominum
1262 1710 1447 1777 deprecantur
1467 1717 1498 1766 ut
1512 1713 1566 1768 boc
1582 1712 1610 1767 ei

379 1806 471 1862 diuina
483 1809 569 1875 pietas
586 1809 698 1863 audire·
710 1809 890 1874 permitteret.
904 1810 1007 1862 Erectis
1019 1814 1110 1863 autem
1131 1823 1250 1873 sursum,
1263 1810 1332 1864 dixit
1350 1809 1451 1865 heatus
1461 1812 1612 1879 episcopus

381 1908 507 1962 Ferreolo
519 1907 635 1962 diacono
649 1921 655 1958 :
670 1907 755 1962 Pone
760 1908 873 1976 pedem
885 1910 976 1962 tuum
988 1909 1137 1963 mirum
1156 1922 1252 1976 super
1258 1909 1371 1977 pedem
1381 1922 1486 1964 meum
1497 1913 1528 1965 et
1539 1911 1616 1965 dili·
1635 1914 1652 1966 tt

379 2009 487 2072 genter
503 2006 657 2062 absculta.
669 2009 757 2071 Quem
769 2020 854 2060 senex
866 2008 1014 2076 interrogat
1026 2024 1033 2060 :
1050 2008 1130 2066 Quid
1150 2008 1246 2061 audie
1258 2009 1271 2062 i
1283 2009 1332 2072 Qui
1344 2009 1383 2060 ait
1395 2024 1402 2061 r
1416 2009 1506 2079 Voces
1524 2011 1615 2077 psal·

382 2105 513 2160 karlum
525 2109 684 2174 tamquam
694 2107 729 2160 in
740 2108 827 2161 caelo
838 2107 935 2162 audio
948 2113 976 2161 et
984 2108 1155 2162 dicentium
1166 2109 1326 2175 :Sanctus
1334 2110 1473 2177 sanctes,
1482 2110 1615 2164 sanctus

379 2205 530 2259 Dominus
547 2207 629 2260 Deus
637 2206 776 2260 sabaoth.
787 2208 932 2260 venientes
944 2213 1036 2260 autem
1049 2208 1078 2260 in
1090 2207 1232 2260 ecclesiam
1244 2206 1438 2274 supradictam,
1448 2208 1553 2262 dimisit
1562 2221 1613 2276 po·

378 2304 484 2372 pulum,
495 2306 590 2359 dicem
601 2319 630 2359 se
643 2307 788 2359 missarum
795 2307 938 2360 sollemnia
951 2319 1007 2360 non
1017 2320 1097 2375 agere
1108 2307 1239 2373 quiajam
1250 2307 1381 2360 laudesin
1393 2307 1470 2361 caelo
1481 2306 1612 2362 audisset.

378 2405 501 2458 Crastina
513 2417 578 2458 vero
591 2404 636 2459 die
648 2406 677 2457 in
688 2405 788 2459 eodem
809 2406 869 2458 loco
881 2405 930 2458 ubi
940 2417 1022 2459 voces
1034 2405 1209 2471 psallentium
1221 2404 1345 2458 audierat
1362 2404 1520 2459 columnam
1540 2406 1608 2476 erigi
1624 2406 1652 2461 tt

379 2515 429 2568 per
441 2504 613 2570 presbyteros
623 2518 688 2559 suos
696 2514 723 2558 et
734 2503 863 2558 diacones
876 2503 949 2568 iecit,
962 2509 990 2556 et
1002 2517 1085 2570 super
1094 2505 1179 2571 ipsam
1190 2504 1346 2558 columnam
1356 2516 1466 2558 crucem
1479 2504 1525 2573 ligi
1537 2517 1614 2572 prae·

380 2603 462 2669 cepit,
472 2616 543 2670 quae
552 2617 640 2671 usque
651 2604 732 2658 hodie
742 2608 885 2669 permanet
895 2603 923 2655 in
933 2602 1031 2657 eodem
1045 2603 1115 2657 loco.
1125 2603 1295 2671 Quicumque
1307 2616 1372 2658 vero
1384 2603 1497 2671 aliquod
1505 2602 1613 2658 cumen

379 2701 421 2755 vel
433 2702 524 2770 aliqua
537 2702 707 2771 neglegentia
720 2704 748 2755 in
769 2702 866 2757 eadem
888 2703 996 2756 ciuitate
1008 2703 1192 2757 commisisset
1212 2707 1240 2755 et
1259 2704 1373 2756 veniens
1390 2703 1425 2757 ad
1442 2703 1613 2770 praedictam

379 2801 536 2854 columnam
549 2814 609 2854 eam
622 2800 790 2870 contigisset,
804 2801 896 2855 nudus
908 2814 971 2854 eum
981 2801 1138 2855 abstrahere
1147 2801 1181 2854 ab
1191 2802 1250 2869 ipsa
1261 2801 1389 2855 columna
1400 2800 1444 2855 rel
1452 2801 1614 2872 contingere

380 2911 462 2953 ausus
474 2906 533 2953 erat
544 2901 603 2954 sine
616 2901 795 2968 permissione
807 2899 943 2967 pontilicis
956 2901 1041 2967 ipsius
1054 2901 1180 2954 civitatis.
1627 2902 1652 2954 2

412 3000 486 3053 lnter
496 3006 588 3053 cetera
608 3013 673 3054 vero
686 3013 769 3065 opera
782 3013 853 3067 quae
866 3001 937 3053 idem
959 3000 1054 3053 beatus
1068 3000 1204 3053 Firminus
1216 2999 1320 3053 eisdem
1338 3000 1508 3067 temporibus
1518 2999 1614 3068 gessit,

380 3099 508 3153 vicesimo
529 3112 602 3153 anno
624 3094 804 3152 ordinationis
825 3112 889 3152 suae
911 3100 1001 3165 coepit
1020 3098 1164 3152 aeditlcare
1185 3098 1327 3153 ecclesiam
1348 3100 1377 3151 in
1402 3098 1616 3153 mediaeiuitate

381 3201 476 3253 llceoia
497 3200 635 3266 impendio
648 3213 708 3266 suo,
724 3213 805 3267 quam
817 3200 947 3253 vicesimo
959 3200 1055 3266 quinto
1075 3212 1149 3252 anno
1168 3200 1351 3252 ordinationis
1362 3212 1428 3252 suae
1441 3197 1513 3253 miro
1531 3211 1617 3265 opere

381 3311 576 3353 consummans
589 3298 705 3365 perfecit
717 3305 799 3365 atque
815 3299 842 3351 in
855 3299 959 3352 bonore
971 3299 1058 3351 sancti
1071 3299 1198 3365 martyris
1208 3298 1308 3352 tultam
1321 3303 1349 3352 et
1360 3298 1504 3352 basilissae
1521 3311 1574 3352 sen
1590 3302 1617 3351 et

379 3397 452 3451 beati
464 3397 590 3451 humeae
603 3396 720 3464 apostoli
733 3398 911 3451 consecravit.
925 3400 1020 3451 Postea
1032 3410 1096 3452 vero
1108 3398 1246 3451 tricesimo
1260 3411 1333 3452 anno
1345 3396 1528 3452 ordinationis
1546 3408 1615 3451 suae
1630 3398 1652 3449 st

379 3496 533 3550 aedificavit
549 3496 693 3550 ecclesiam
705 3497 734 3549 in
757 3497 860 3550 honore
878 3495 951 3549 beati
971 3497 1086 3550 Baudilii
1105 3498 1230 3563 martyris
1249 3497 1316 3550 foris
1336 3497 1471 3551 civitatem
1485 3496 1613 3551 boecium

377 3597 454 3662 juxta
467 3610 588 3661 murum,
602 3597 649 3649 ubi
661 3609 760 3660 corpus
772 3597 832 3662 ejus
844 3595 1000 3663 requiescit.

413 3698 490 3750 Tunc
502 3696 598 3749 beatus
611 3696 748 3748 Firminus
760 3708 824 3748 eura
837 3696 966 3761 pastorali
975 3701 1074 3748 cuneta
1085 3708 1171 3763 agens
1183 3701 1265 3763 atque
1277 3695 1369 3749 omnia
1382 3701 1455 3748 recte
1467 3694 1614 3762 ordinans,

379 3795 481 3861 junctis
501 3809 595 3848 secum
616 3795 723 3849 clericis
744 3799 771 3847 et
790 3794 952 3848 diaconibus
973 3808 1006 3848 ac
1023 3795 1188 3862 presbyteris
1201 3801 1229 3848 et
1248 3796 1347 3848 ceteris
1366 3795 1459 3849 multis
1477 3794 1614 3848 ministris

383 3895 524 3961 ecclesiae,
539 3893 701 3961 praedicans
713 3907 762 3961 per
778 3898 890 3947 cunetas
904 3895 1034 3948 ecclesias
1046 3906 1077 3947 ac
1091 3895 1202 3961 docens,
1224 3900 1328 3961 partem
1350 3894 1537 3948 Gabalitanam
1555 3907 1615 3961 per·
1629 3894 1652 3946 3

379 3996 460 4048 rexit.
474 3997 591 4062 Eratque
603 4008 635 4049 eo
649 4001 770 4061 tempore
789 4000 816 4048 et
835 3995 925 4047 vicino
945 3995 1021 4048 locus
1043 3996 1114 4048 intra
1135 3995 1282 4048 terminum
1304 3994 1475 4061 supradictae
1495 3993 1613 4047 civitatis

378 4094 690 4160 Gabalitanaeadnirus,
704 4094 750 4161 qui
762 4095 840 4161 vulgo
862 4094 979 4161 populus
998 4094 1089 4162 lingua
1112 4095 1214 4147 rustica
1235 4095 1408 4161 loquebatur.
1421 4094 1452 4146 ln
1472 4106 1529 4160 quo
1549 4092 1612 4147 loco

378 4192 555 4246 simulacrum
575 4191 714 4259 quoddam
735 4192 878 4245 daemonis
901 4192 1061 4258 habebatur,
1075 4206 1158 4260 quem
1180 4194 1344 4245 rusticorum
1365 4190 1536 4245 multitudini
1555 4191 1614 4246 ritu

377 4293 491 4358 proiano
503 4293 647 4358 episcopus
660 4292 821 4347 llldebertus
832 4297 1049 4345 consecraverat.
1062 4292 1183 4345 Audiens
1197 4293 1263 4346 haec
1275 4293 1372 4345 beatus
1384 4292 1522 4345 Firminus
1539 4304 1614 4344 sum·

376 4404 437 4442 mus
449 4392 593 4457 episcopus
605 4398 632 4445 et
645 4391 788 4444 Ferreolus
808 4390 949 4456 diaeonus,
963 4393 997 4444 ad
1014 4391 1106 4444 locum
1128 4397 1305 4458 properantes
1323 4390 1459 4444 accedunt
1470 4395 1502 4444 ut
1513 4390 1610 4445 iannm
1626 4391 1652 4444 dd

376 4489 550 4543 destruerent
562 4496 590 4543 et
601 4492 730 4557 populum
752 4490 786 4544 de
799 4504 892 4544 errore
904 4491 1062 4559 gentilitatis
1083 4491 1221 4558 eriperent
1242 4492 1283 4544 vel
1297 4492 1332 4545 ab
1350 4490 1489 4544 inlusione
1501 4491 1613 4545 daemo-

378 4602 445 4642 num
463 4589 621 4644 liberarent.
644 4592 711 4643 cum
729 4602 793 4645 vero
812 4589 847 4643 ad
867 4590 958 4644 locum
976 4589 1146 4657 praedictum
1163 4591 1361 4657 pervenissent,
1383 4589 1533 4656 plurimam
1555 4596 1615 4643 tur·
