3316 5482
231 395 297 460 448
421 427 422 430 ¹
576 412 701 463 caran.
721 412 823 463 canu.
844 411 1020 463 arcican.
1039 412 1123 463 ner.

230 579 316 644 deret,
339 584 370 632 ut
395 580 485 633 carnis
508 579 716 644 continentiam,
742 581 841 634 mentis
866 581 1030 647 castitatem,
1055 579 1238 633 voluntariam
1266 582 1461 646 paupertatem,

228 693 318 734 veram
333 681 501 748 patientiam,
517 681 648 734 laetitiam
660 681 841 746 spiritualem,
854 679 940 733 animi
952 679 1138 746 stabilitatem,
1152 679 1308 732 fraternam
1321 678 1455 732 caritatem

230 779 464 847 humilitatemque
481 793 538 833 non
551 780 641 832 fictam
654 781 763 845 penitus
776 781 963 834 observarent.

264 880 312 931 17.
327 880 387 945 lpse
398 892 463 933 vero
474 892 581 933 summa
590 893 652 932 eum
661 879 805 932 sanctitate
814 879 943 932 omnibus
954 878 1078 931 moribus
1090 882 1172 944 atque
1184 877 1365 931 caerimoniis
1376 880 1459 939 utens,

230 991 301 1046 quae
314 977 426 1045 quidem
442 977 476 1030 ad
489 978 698 1044 continentiam,
712 979 874 1040 castitatem,
888 977 1080 1041 bumilitatem,
1093 976 1176 1029 tidem
1187 977 1378 1042 attentarem,
1387 976 1458 1028 tinio
1471 975 1483 1025 l

231 1090 288 1130 rem
298 1082 379 1143 atque
391 1077 419 1130 in
432 1077 512 1130 bonis
525 1078 607 1131 rebus
620 1078 850 1144 perseverantiam
863 1078 1002 1144 pertinere
1014 1076 1208 1138 arbitrabatur,
1222 1077 1373 1129 Servorum
1384 1076 1458 1127 sane·

230 1181 273 1230 tae
293 1178 392 1231 llariae
412 1177 540 1231 ordinem
562 1178 720 1245 moderans,
741 1179 890 1245 quotannis
912 1178 1004 1231 multis
1026 1176 1146 1230 lacrimis
1170 1175 1271 1229 iratres
1292 1180 1459 1240 orarentque

229 1276 377 1344 obsecrari,
390 1281 420 1330 ut
432 1290 496 1331 eum
508 1292 523 1331 a
537 1278 584 1331 tali
597 1276 685 1331 allicio
704 1278 887 1342 absolverent,
909 1277 983 1343 quod
1008 1289 1037 1329 se
1050 1277 1139 1342 ipsum
1161 1274 1197 1327 ad
1209 1272 1238 1325 id
1252 1257 1459 1341 gubernandum

229 1376 437 1430 ‹liceretminus
449 1377 589 1431 idoneum.
609 1379 707 1430 Verum
728 1378 868 1430 enimvero
880 1389 936 1442 qno
958 1375 1044 1444 magis
1064 1374 1099 1427 ad
1121 1375 1181 1440 ejus
1194 1374 1369 1427 sanctitatem
1384 1378 1459 1439 atque

231 1477 364 1530 bonorem
375 1476 564 1542 attendebant,
586 1489 618 1530 eo
641 1478 728 1547 magis
749 1476 783 1529 ad
805 1474 910 1529 ordinis
921 1476 1067 1528 utilitatem
1077 1474 1137 1542 elus
1156 1472 1226 1527 votis
1238 1477 1324 1540 atque
1336 1471 1457 1539 precibus
1473 1471 1495 1522 tt

230 1575 420 1641 obtemperare
433 1574 548 1627 minime
561 1575 672 1641 placuit.
686 1577 756 1640 Quas
769 1576 804 1628 ob
816 1587 860 1628 res
873 1587 955 1640 saepe
967 1574 1188 1640 conquerebatur
1200 1585 1284 1624 suum
1296 1570 1459 1625 desiderium

231 1687 287 1728 non
300 1687 379 1741 posse
391 1674 551 1742 adimplere,
574 1688 664 1742 neque
684 1680 714 1728 ut
734 1675 844 1740 optabat
867 1688 910 1728 res
931 1674 1121 1740 procederent.
1135 1672 1174 1725 ln
1188 1671 1264 1737 ipsos
1276 1671 1362 1740 igitur
1374 1671 1460 1725 retas·

230 1775 353 1841 guendos
373 1774 614 1842 obiurgandosque
630 1788 660 1827 se
681 1775 807 1841 contulit,
829 1787 900 1842 quae
921 1773 1034 1841 quidem
1057 1786 1121 1826 cum
1141 1772 1272 1826 omnibus
1291 1771 1459 1825 stomachum

231 1873 369 1939 iecissent,
383 1886 432 1925 suo
444 1878 506 1926 voto
518 1873 608 1926 lavere
619 1885 675 1926 non
686 1885 781 1939 parum
793 1873 936 1938 sperabat3
950 1877 977 1925 et
986 1870 1175 1938 nujuscemodi
1185 1871 1342 1925 orationem
1354 1868 1460 1923 babuit:

231 1972 378 2026 admiror
398 1984 436 2026 ac
454 1974 564 2039 stupeo
593 1974 753 2026 tantorum
768 1984 889 2026 marum
901 1984 940 2025 ae
951 1971 1221 2025 caerimoniarum
1237 1969 1459 2024 mutationem:
1477 1964 1502 2016 tt

230 2072 344 2139 quippe
354 2072 410 2138 qui
420 2071 492 2126 boui
503 2085 541 2126 ac
553 2070 717 2139 reliqionis
729 2071 998 2126 observantissimi
1004 2073 1036 2125 et
1043 2070 1130 2123 mira
1136 2069 1285 2136 praediti
1295 2068 1462 2124 sanctitate

96 2175 104 2196 ·
140 2175 172 2230 ·.
230 2170 434 2224 essesolitts·.
453 2169 1007 2225 Ubisauctitastubimodestiatubi
1024 2182 1147 2222 mamm
1158 2166 1463 2235 pietastubienltm

169 2252 172 2259 ’
232 2269 500 2324 centuriauerat
511 2270 772 2324 itinerariorum
784 2270 947 2337 reliqniis
957 2268 1137 2341 acasium
1146 2269 1387 2336 seripturarum
1397 2278 1464 2319 suu·

232 2371 316 2424 vitas
326 2371 338 2424 t
350 2371 425 2424 Ecce
433 2382 529 2437 quam
540 2369 651 2423 bonum
661 2373 691 2424 et
708 2383 801 2438 quam
814 2370 995 2437 jucundam
1014 2368 1157 2423 babitare
1168 2367 1290 2436 fratres
1303 2368 1339 2421 in
1350 2367 1465 2421 namn!

233 2470 444 2538 Nonnepater
462 2451 545 2523 unus
566 2470 706 2524 omnium
727 2471 893 2523 nostrum?
912 2482 1014 2523 nonne
1035 2471 1117 2522 Deus
1137 2482 1220 2522 uitiis
1232 2460 1502 2522 cortdtditumltt

237 2570 357 2629 Quanto
368 2569 481 2622 nteiius
492 2566 593 2635 suerit
604 2572 638 2623 ut
649 2583 713 2622 ilua
726 2568 902 2622 habitantes
914 2569 948 2622 in
958 2581 1114 2635 urtumque
1124 2567 1261 2640 viventes
1269 2566 1380 2620 omnia
1391 2563 1465 2617 bona

233 2670 505 2724 communicaretis
523 2669 655 2724 invicem
674 2669 708 2722 in
724 2669 860 2736 pieriam
877 2669 1078 2734 pratiamque
1098 2667 1292 2722 Gertetricir!
1310 2667 1464 2721 Filiorum

233 2769 316 2822 enim
328 2768 432 2822 virtus
444 2771 507 2823 tam
519 2770 627 2823 suavis
640 2772 763 2835 tamque
775 2767 961 2836 parentibus
976 2767 1118 2832 iucunda
1139 2769 1254 2832 exstat,
1272 2768 1310 2818 ut
1327 2778 1366 2820 ea
1384 2763 1465 2818 nibil

232 2868 344 2921 melias
355 2868 390 2920 in
402 2867 562 2921 bominum
574 2881 673 2935 qeuus
684 2867 901 2934 munificentia
920 2867 1030 2919 divina
1049 2865 1221 2919 tradidisse
1234 2864 1394 2918 videatur.
1408 2864 1460 2918 list

233 2968 318 3020 enim
330 2969 395 3019 tam
407 2967 487 3020 utile
499 2969 623 3034 tamque
635 2966 845 3020 necessarium
856 2965 1041 3019 coiacordiae
1049 2966 1078 3017 et
1088 2963 1224 3016 utilitati
1229 2966 1346 3017 cuncta
1359 2974 1464 3030 perere
1480 2961 1502 3012 a

235 3079 314 3133 quae
335 3066 444 3120 Patris
463 3066 660 3133 qenerationi
678 3069 770 3132 atque
797 3065 934 3117 omnium
954 3076 1062 3116 rerum
1086 3063 1209 3117 auctori
1226 3063 1390 3129 placeant.
1411 3062 1469 3114 Nec

235 3166 390 3219 immerita
403 3166 580 3220 Daviticnm
593 3167 675 3218 iilud
694 3167 868 3232 amplectar
888 3181 894 3216 :
916 3183 925 3214 i
950 3165 1048 3241 Quinam
1065 3162 1271 3230 mapuiflcata
1288 3164 1467 3228 suntopera

236 3268 302 3332 tna,
317 3267 460 3331 Domine;
472 3266 579 3319 omnia
592 3265 626 3317 in
638 3265 795 3331 sapiientia
806 3263 920 3331 fecisti.
937 3280 946 3312 t
971 3262 1028 3316 Ubi
1042 3262 1126 3315 enim
1143 3263 1225 3315 Deus
1244 3262 1352 3315 omnia
1364 3272 1467 3327 opera·

235 3365 297 3431 tur,
308 3364 414 3418 omnia
425 3363 457 3415 in
470 3363 627 3430 sapientia
640 3363 739 3430 fiunt,·
752 3362 805 3415 ubi
816 3376 887 3416 aero
905 3363 1055 3416 bonorum
1073 3360 1167 3414 bostis
1191 3360 1346 3427 diabolus,
1361 3359 1465 3414 omnia

234 3460 268 3512 ia
281 3461 472 3528 insipientia.
490 3461 689 3520 Quamobrem
703 3461 1090 3529 irtaidiaesubsequuntur,
1101 3461 1319 3527 contentiones,
1333 3459 1467 3514 cannia·
1483 3459 1502 3509 st

96 3583 104 3603 ·
175 3619 182 3633 ,
238 3561 343 3628 amnes,
356 3559 493 3627 furores,
506 3561 608 3628 rinae,
631 3563 757 3627 sectae',
778 3562 880 3615 animi
894 3560 1155 3628 perturbationes.
1177 3559 1352 3626 Sequimini
1373 3559 1467 3626 iqitur

236 3660 379 3713 omnibus
390 3660 492 3713 antini
500 3660 618 3713 viribus
631 3660 712 3715 banc
724 3662 925 3714 excellentem
937 3660 1130 3727 uobi'temque
1143 3660 1385 3713 rutulantum
1398 3670 1464 3712 tero

236 3762 272 3812 ut
278 3759 443 3826 propriori
464 3762 540 3812 ietar
557 3760 780 3827 similitudine,
799 3761 829 3812 si
852 3760 893 3812 ad
918 3761 1077 3826 inpenium
1097 3761 1240 3813 reostrum
1263 3759 1337 3826 fieri
1360 3759 1464 3826 poteri,

235 3861 436 3926 quantumin
453 3859 557 3913 neruis
569 3863 671 3912 exstat
682 3859 764 3913 oobis
781 3872 967 3926 comparare
983 3858 1134 3912 nitimini.
1144 3859 1201 3911 Sed
1210 3856 1355 3924 profecto
1367 3859 1462 3912 certa·

236 3971 306 4011 men
318 3959 474 4025 quoddam
488 3957 664 4012 incitauere
670 3959 853 4025 putandum
862 3961 915 4025 est,
929 3961 959 4035 et
970 3959 1095 4025 quidem
1105 3957 1244 4011 omnium
1259 3956 1464 4009 certaminum
1479 3952 1502 4003 lt

236 4057 423 4122 monimum,
436 4057 527 4121 cm‘us
546 4057 656 4123 qratia
676 4059 788 4110 cuncta
809 4057 960 4109 tentanda
977 4058 1060 4122 sient,
1084 4058 1113 4108 et
1133 4054 1205 4108 totis
1218 4054 1341 4108 viribus
1354 4055 1465 4109 incum-

237 4155 369 4210 bendum
381 4158 423 4210 ad
436 4156 564 4222 huiusce
575 4157 623 4208 rei
636 4155 902 4222 properationem.
921 4155 1100 4210 Doctoribus
1117 4155 1298 4221 sanctisque
1310 4151 1465 4221 scriptori·

235 4254 292 4308 bus
304 4269 342 4309 ac
354 4256 485 4322 denique
498 4255 637 4307 omnibus
650 4254 764 4307 virtute
773 4254 929 4321 praeditis
943 4252 1181 4320 initae-rendunt,
1198 4255 1233 4305 ut
1244 4252 1320 4305 inde
1333 4252 1417 4307 uobis
1426 4248 1465 4304 ad

236 4355 356 4421 inqenii
366 4354 621 4408 exercitationem
633 4354 745 4420 aliqua
763 4354 806 4406 sit
819 4366 986 4408 accessura
1004 4353 1139 4406 utilitas.
1159 4353 1197 4405 Et
1205 4351 1358 4418 quoniam
1370 4351 1465 4404 virtus

236 4453 307 4519 ipsa
319 4455 454 4507 multum
465 4452 503 4506 ab
515 4453 704 4517 auctoribus,
716 4454 851 4505 multum
863 4452 901 4505 ab
920 4451 1087 4518 historicis,
1106 4453 1303 4517 multumque
1315 4464 1336 4504 a
1349 4448 1464 4504 sanctu
1477 4446 1502 4497 tt

237 4554 413 4609 doctoribus
428 4553 588 4619 laudatur,
602 4564 708 4605 eorum
721 4551 821 4605 verbis
833 4554 878 4605 est
891 4551 1128 4605 inhaerendum.
1142 4551 1248 4616 Neque
1259 4550 1346 4602 enim
1353 4561 1464 4617 parum

237 4654 327 4710 babet
339 4654 488 4709 utilitatis
500 4653 689 4708 cmteuetudo
701 4652 857 4719 quaedam
873 4654 902 4706 et
919 4649 1132 4718 familiaritas
1150 4649 1306 4704 virtutum
1320 4649 1466 4704 amatur
