3278 5482
516 349 610 399 BIBL.
630 347 711 397 NAT.
731 346 849 396 ansts.
868 366 912 375 -
929 344 1006 394 COD.
1026 341 1104 394 5573.

287 521 330 598 8⁰
346 519 413 621 [De
430 516 628 595 miraculis
646 515 768 594 saneti
786 512 950 614 Martini]
970 512 1048 609 (fol.
1073 509 1291 611 taor-toas).

209 653 344 722 Gregorii
356 651 524 706 Turonensis
533 652 575 704 De
587 648 755 702 virtutibus
766 646 871 702 soracti
880 645 1021 712 Martini,
1034 644 1126 712 tium,
1135 657 1194 711 cap.
1206 646 1268 697 tto
1276 648 1304 697 et
1315 657 1374 709 cap.
1383 645 1425 697 rt.

288 751 330 827 9⁰
346 750 431 828 Vita
448 747 572 827 saneti
591 745 785 824 Brendani
804 744 959 822 abbatis
976 743 1054 844 (fol.
1078 741 1319 842 tta-tatur

212 880 738 948 autumnitanusamoti.

669 1049 954 1063 ψ

344 1293 643 1384 ooonxxvm.
667 1286 792 1383 codex
811 1293 1000 1403 signatus
1021 1313 1132 1379 num.
1159 1285 1283 1379 5573.

219 1506 296 1560 Olim
309 1504 481 1558 colbertinus
493 1507 568 1570 atat,
581 1505 682 1557 deinde
693 1504 797 1572 [Regius
810 1507 838 1558 c.
851 1507 926 1558 llio.
940 1507 965 1557 a.

222 1605 366 1658 Foliorum
381 1606 437 1669 itt,
451 1606 517 1657 min.
530 1606 751 1671 (delimitat,
766 1605 845 1689 lineis
858 1603 958 1671 plenis,
972 1608 1100 1656 exaratus
1112 1615 1183 1656 saer.
1201 1602 1255 1654 llll.

297 1703 335 1777 l⁰
350 1701 493 1803 {Passio
511 1712 666 1781 sanetae
680 1701 926 1804 Margaretae]
943 1702 1020 1802 (fol.
1044 1700 1183 1801 Pit*

220 1835 363 1901 acephala
376 1836 430 1890 ino.
444 1837 543 1890 Beato
555 1848 587 1890 ea
600 1839 635 1890 to
647 1839 677 1890 et
688 1837 790 1891 omnir
801 1836 962 1904 ueneratio
974 1848 1052 1903 quoe
1063 1835 1163 1890 eredit
1169 1847 1231 1904 per
1244 1836 1281 1887 te.

293 1933 335 2010 2⁰
352 1933 437 2013 Vita
454 1944 609 2014 sanotae
626 1934 769 2012 Mariae
787 1933 1042 2036 Aegyptiacae
1060 1931 1136 2033 (fol.
1156 1930 1323 2031 Pili*

299 2058 339 2134 3⁰
357 2057 487 2136 Passio
505 2066 659 2138 sanetae
691 2057 886 2158 Eugeniae
904 2055 1064 2157 virginis
1095 2062 1133 2132 et
1151 2054 1332 2156 martyris
1348 2053 1428 2155 (fol.

295 2306 336 2384 4⁰
354 2307 487 2387 Passio
513 2316 668 2387 sanotae
700 2309 934 2405 Anastasiae‚
954 2330 1023 2386 vm
1054 2303 1240 2383 kalendas
1262 2302 1430 2404 januarii

347 2429 425 2530 (iol.
448 2431 639 2531 34⁰-4l⁰).*

298 2554 340 2631 5⁰
355 2553 440 2632 Vita
457 2565 612 2634 sanetae
627 2556 840 2634 Genovefae
858 2555 1019 2657 virginis
1035 2554 1113 2655 (fol.
1135 2554 1305 2654 (Μ’).
1377 2571 1380 2578 ·

230 2687 284 2740 Ed.
297 2699 350 2753 ope
360 2687 442 2753 nujus
455 2688 517 2743 eod.
531 2702 575 2755 ap.
589 2689 699 2756 dunler,
713 2704 740 2756 p.
753 2690 770 2740 tt
782 2703 842 2757 sqq.
855 2690 909 2742 ctr.
923 2689 1002 2754 inid,
1016 2703 1043 2755 p.
1057 2700 1123 2754 nnn,
1134 2690 1163 2740 3⁰
1175 2693 1202 2741 et
1214 2703 1241 2754 p.
1251 2688 1294 2753 to,
1308 2691 1364 2741 not.
1377 2704 1403 2738 α.

300 2775 341 2852 6⁰
354 2777 486 2856 Passio
516 2783 670 2856 sanotae
700 2779 875 2857 Julianae
891 2778 1053 2880 virginis
1085 2786 1123 2855 et
1153 2777 1334 2878 martyris
1350 2775 1427 2877 (fol.

354 2899 549 3001 tar-san*

231 3037 293 3087 tne.
311 3033 454 3100 Tempore
467 3034 523 3088 itto
535 3033 601 3103 fuit
612 3037 741 3104 quidam
753 3039 888 3104 serrator,
902 3036 1027 3090 nomine
1039 3032 1322 3103 &relaturorum
1335 3031 1437 3086 Mami·

193 3133 307 3187 miani
317 3133 551 3200 imperatoris...

304 3232 343 3306 7⁰
358 3230 444 3310 Vita
462 3244 616 3313 sanotae
646 3235 814 3313 Marinae
843 3235 1017 3336 virginis
1040 3234 1149 3337 quod
1180 3240 1238 3312 est
1256 3257 1339 3309 x1111
1367 3233 1436 3309 ka·

354 3355 489 3435 lendas
503 3358 592 3457 julii
609 3358 687 3459 (iol.
707 3358 905 3449 tillidi*

305 3477 345 3555 8⁰
361 3478 446 3557 Vita
459 3489 614 3560 sanotae
633 3481 751 3585 Parae
768 3482 930 3584 virginis
949 3482 1025 3582 (fol.
1048 3480 1216 3581 tid-69⁰).

236 3611 325 3663 Vitam
339 3612 409 3664 nano
420 3626 453 3665 ex
464 3615 549 3666 Jonas
561 3615 670 3680 scriptis
682 3615 807 3667 haustam
819 3628 879 3668 esse
891 3615 993 3668 indicat
1007 3614 1066 3680 ipse
1078 3625 1232 3680 anonymus
1250 3613 1311 3679 ejus
1330 3616 1436 3676 auctor,

199 3710 404 3778 praelationem
418 3725 496 3765 snam
509 3712 545 3766 ita
563 3712 732 3766 concludens
745 3727 753 3765 :
766 3714 1014 3780 loramentum,
1030 3715 1063 3765 ut
1076 3713 1143 3780 ipse
1149 3710 1269 3780 prodit,
1283 3723 1323 3764 ear
1334 3709 1439 3763 Hiber·

197 3809 381 3876 nimitum
401 3809 483 3864 beati
506 3810 694 3878 columboni,
707 3813 762 3880 qui
780 3811 844 3881 fuit
864 3825 905 3866 ea·
925 3815 1098 3867 memorato
1120 3812 1238 3878 insuto,
1261 3821 1442 3877 componere

200 3921 382 3977 oppressus,
396 3910 564 3965 maternum
579 3911 731 3978 praebuit
741 3912 849 3966 beatae
860 3913 964 3966 Furere
981 3912 1106 3979 masque
1116 3909 1300 3965 monosterii
1306 3909 1442 3976 primor-

199 4009 261 4064 dia
281 4010 412 4075 vulgare
431 4009 611 4064 volentibus.
624 4012 774 4065 Sumatur
792 4012 900 4079 itaque
920 4012 959 4065 ab
980 4025 1014 4066 eo
1034 3995 1143 4064 rerum
1163 4013 1325 4077 perrarum
1344 4009 1442 4077 fider,-

198 4107 402 4173 eoespecretur
413 4120 434 4161 a
451 4120 509 4175 me,
522 4110 604 4175 quod
624 4111 726 4163 sotum
739 4109 1016 4177 praestaremur,
1025 4110 1190 4176 portatura
1210 4108 1333 4162 relatio.
1348 4109 1442 4174 ltaque

197 4219 236 4260 ex
250 4205 318 4256 vitis
328 4205 356 4257 S.
368 4206 529 4259 columbani
550 4213 577 4259 et
589 4207 618 4260 S.
634 4208 748 4260 Eustasii
762 4211 858 4261 aiona
872 4208 1034 4273 conscriptis
1057 4207 1111 4267 (ed.
1125 4210 1153 4260 Ρ.
1167 4209 1208 4275 ln,
1222 4213 1288 4260 torn.
1301 4206 1440 4269 lxxxvii,

198 4320 229 4372 p.
247 4303 367 4368 toll-56)
388 4305 521 4370 excerpsit
542 4305 706 4372 compendio
726 4319 759 4359 ea
780 4320 850 4373 quae
869 4305 904 4359 ad
926 4308 988 4359 Sam
1013 4306 1247 4375 Burgundolaram
1268 4306 1442 4372 aliquatenus

196 4405 342 4471 spectant,
355 4400 514 4469 addiditque
526 4393 590 4456 item
610 4403 784 4472 compendio,
799 4406 892 4472 paucis
912 4406 1121 4471 praetermissis,
1134 4418 1205 4472 quae
1218 4405 1247 4456 in
1259 4404 1318 4471 ipsa
1330 4406 1370 4456 8Ιο
1384 4405 1444 4455 Bur·

194 4497 380 4572 gundolarae
391 4501 448 4553 vita
466 4499 520 4562 ted.
534 4501 612 4566 inid,
627 4516 652 4568 p.
668 4503 783 4566 torosa)
794 4503 866 4556 idern
878 4505 963 4557 tonas
975 4503 1095 4557 tradidit.

309 4589 350 4666 9⁰
368 4589 499 4670 Passio
517 4601 671 4672 mnome
690 4615 734 4670 ao
765 4592 1014 4672 beatissimae
1031 4594 1264 4694 Margaretae
1282 4591 1443 4693 virginis

232 4725 340 4770 CATAL·
355 4724 442 4771 mis.
457 4726 483 4768 Τ.
500 4726 529 4770 11.
1345 4719 1375 4770 5¹
