3316 5482
206 359 274 426 276
485 326 493 344 ’
551 372 677 425 cartu.
696 371 798 423 conn.
817 372 1091 426 uiuraemuda.

550 609 760 723 Appendix
779 610 830 698 ad
850 610 930 701 cod.
956 609 1082 699 5347.

369 841 550 910 triricum
574 841 608 909 S.
628 843 803 910 Luonanm
826 839 908 930 (Gir.
929 862 1040 930 supra,
1062 861 1096 930 p.
1110 841 1191 922 274,
1214 839 1273 931 1⁰).

809 1034 839 1094 1.

240 1208 347 1265 Sancti
356 1208 493 1276 Spiritus
504 1208 589 1264 adsit
599 1207 688 1264 uobis
698 1208 850 1276 pratia...
860 1208 1001 1277 (arbellot,
1014 1223 1041 1276 p.
1056 1209 1171 1276 mlo.)

803 1379 852 1438 11.

477 1558 607 1633 Incipit
620 1557 794 1632 scriptum
809 1557 1007 1621 (tuleram
1022 1557 1191 1633 episcopi.
1435 1560 1448 1615 l

243 1742 270 1796 1.
279 1740 385 1794 iisdem
397 1740 478 1794 etiam
491 1744 623 1807 ternpore,
636 1752 699 1793 cum
713 1739 881 1793 Boimundus
893 1739 1032 1794 continuis
1043 1738 1180 1793 bellorum
1194 1736 1368 1792 successibus
1378 1746 1430 1804 pro·

210 1845 376 1908 speraretur,
390 1842 555 1908 prosperitas
577 1841 763 1904 securitatem,
785 1839 917 1893 securitas
938 1838 1044 1906 peperit
1063 1839 1208 1893 incuriam.
1231 1836 1363 1891 Videlicet
1373 1832 1434 1890 nituit

209 1939 367 2006 formidare,
380 1941 455 1994 omni
468 1939 575 2007 spiritui
588 1939 710 2006 credere,
724 1938 792 1992 niitil
804 1939 1001 2004 circumspecte
1010 1951 1102 2006 agere.
1112 1936 1226 1991 Gentilis
1238 1936 1437 2004 quidamrersi·

209 2040 290 2108 pellis
301 2039 420 2094 assiduis
432 2039 577 2094 Boimundi
590 2039 739 2093 assultibus
752 2038 820 2093 adeo
833 2042 936 2092 artatus
946 2043 997 2106 est,
1007 2037 1138 2105 quatinus
1154 2051 1208 2092 nec
1219 2037 1348 2092 victualia
1358 2048 1438 2105 quoe·

210 2152 271 2193 rere
284 2152 336 2194 nec
347 2144 466 2193 castrum
478 2152 558 2193 suum
577 2145 666 2205 posset
678 2139 763 2192 exire.
776 2140 871 2205 itaque
880 2150 943 2191 eum
961 2138 1075 2191 omnino
1092 2137 1198 2192 virilius
1215 2136 1363 2203 diffideret,
1376 2138 1436 2191 Per·
1453 2133 1478 2189 tt

210 2239 273 2292 sicis
286 2238 357 2293 dolis
368 2237 559 2292 credulitatem
571 2242 729 2291 nostrorum
741 2250 885 2305 aggressus
897 2241 939 2291 est
951 2253 958 2290 s
971 2237 1100 2291 videlicet
1117 2250 1146 2290 se
1158 2249 1174 2290 a
1196 2249 1297 2306 magno
1320 2241 1442 2304 tempore

209 2338 325 2406 gentiles
337 2351 446 2392 errores
458 2338 597 2402 detestari,
610 2339 710 2391 christi
721 2338 860 2391 latueram
872 2338 990 2392 multum
999 2337 1181 2405 desiderasse,
1200 2336 1360 2392 ernstiana
1371 2349 1444 2391 asso·

210 2437 287 2504 ciari,
299 2437 405 2491 christo
418 2438 598 2504 incorporari,
611 2451 664 2491 nec
675 2451 737 2492 esse
749 2438 865 2491 salutem
877 2439 905 2490 in
918 2438 972 2492 alio
984 2438 1076 2506 aliquo
1087 2455 1095 2505 3
1109 2438 1161 2492 hoc
1183 2418 1332 2505 prophetas
1348 2436 1445 2493 mtici·

209 2536 280 2604 nari,
293 2538 345 2590 hoe
357 2537 568 2590 christianorum
578 2537 652 2590 bella
665 2537 820 2603 protestari,
833 2537 880 2591 ubi
894 2538 1016 2591 Christus
1029 2536 1086 2590 iere
1094 2537 1124 2590 ln
1134 2536 1264 2591 omnibus
1275 2535 1444 2591 clarescera

210 2637 322 2691 dotcria
335 2641 362 2690 et
374 2637 530 2703 paucissimi
543 2636 628 2689 multa
641 2637 725 2689 millia
738 2637 872 2705 fugarent,
884 2641 1100 2703 prosternerent,
1109 2636 1284 2703 occiderent;
1301 2636 1448 2692 veritatem
1464 2636 1487 2688 tl

210 2736 339 2790 omnibus
350 2740 499 2802 patescere,
515 2749 544 2788 se
556 2734 660 2788 diutius
669 2736 775 2789 ueritati
789 2735 922 2789 obluctari
937 2736 1020 2802 nolle,
1034 2734 1149 2789 stultum
1171 2748 1232 2789 esse
1244 2738 1342 2790 conua
1353 2735 1449 2790 stimu-

211 2834 267 2888 lum
279 2834 421 2888 calcitrare
433 2847 465 2888 ac
476 2834 586 2888 divinae
597 2834 771 2900 dispositioni
786 2835 927 2888 resistere.
941 2835 1017 2901 Rea,
1029 2834 1128 2903 inquit,
1150 2848 1229 2903 sum,
1247 2834 1449 2903 clauumque

210 2932 361 2988 hacteuus
374 2933 452 2987 ratiti
463 2934 565 2988 uisum
577 2936 623 2987 est
634 2933 824 3002 crucifluuut
836 2934 981 2988 adorare.
995 2934 1052 2988 Sed
1063 2933 1243 2988 adorabunt
1253 2945 1326 2987 eum
1338 2945 1448 2989 omues

209 3045 296 3101 reges
308 3037 422 3101 terrae,
434 3036 464 3087 et
474 3047 533 3089 cur
543 3047 607 3087 aori
618 3046 673 3100 ego
684 3034 697 3086 t
708 3046 812 3087 munes
823 3036 929 3100 gentes
941 3035 1077 3087 servient
1089 3034 1127 3102 ei,
1140 3036 1171 3088 et
1182 3033 1258 3102 quid
1266 3034 1451 3100 exspectent

210 3135 272 3188 mei
280 3135 294 3188 i
304 3136 348 3188 De
358 3135 556 3189 conversione
567 3147 637 3188 mea
649 3133 693 3187 ad
704 3137 840 3187 vestram
852 3134 947 3202 fidere
967 3134 1156 3187 attitulemus
1173 3135 1220 3188 est
1235 3132 1377 3188 dubim.
1389 3132 1450 3188 Sed
1466 3134 1487 3186 a

210 3235 348 3286 vestrum
359 3237 404 3286 est
413 3233 580 3300 providere
591 3235 635 3301 ut,
649 3245 731 3286 meos
749 3233 902 3301 deserens,
921 3233 1113 3287 tutissimum
1133 3233 1219 3300 apud
1237 3245 1290 3287 voe
1312 3229 1451 3286 habeam

205 3333 415 3400 praesidium.
429 3335 482 3387 Est
494 3332 648 3399 atejuata
661 3333 844 3401 Dauismaa,
858 3334 1031 3387 Persarum
1044 3333 1184 3402 inclitas,
1198 3330 1351 3388 hactenus
1367 3331 1452 3386 milti

210 3433 244 3486 ia
256 3432 397 3487 omuibus
409 3432 729 3488 aceisueeessitatibus
750 3434 880 3498 adiutor
892 3433 1158 3501 promptissimus.
1183 3433 1268 3493 Quod
1284 3433 1315 3487 si
1334 3433 1380 3487 ad
1393 3444 1451 3487 vos

210 3531 313 3600 fecero
324 3533 499 3600 aiffttpium,
513 3534 698 3601 quantocius
711 3532 816 3600 ipsum
827 3533 865 3587 de
878 3533 1069 3588 amicissimo
1079 3531 1192 3588 habebo
1204 3530 1321 3588 hosam
1341 3531 1450 3601 insen·

209 3629 378 3688 sissimaut.
393 3632 481 3685 Hunc
493 3631 607 3698 itaque,
620 3630 650 3684 si
661 3630 744 3686 vodis
765 3644 868 3685 mcum
891 3631 968 3684 utile
982 3630 1129 3685 videatur
1150 3631 1328 3698 seruitium,
1351 3630 1449 3685 uude·
1466 3631 1487 3684 2!

210 3731 512 3798 eumquerepeutua
524 3730 887 3798 exereituopprimeuao,
909 3730 995 3783 arua
1016 3743 1037 3783 a
1056 3729 1146 3784 audis
1162 3730 1446 3798 propulsarem·-

211 3829 339 3896 culura,·
352 3831 432 3896 quoa
444 3842 478 3883 eo
490 3827 621 3897 facilius
630 3827 713 3882 uocis
725 3829 786 3882 erit
800 3828 948 3896 quautam
960 3840 1001 3881 ea
1013 3827 1173 3895 insperato
1190 3829 1334 3882 uestrum
1354 3826 1447 3883 hale·

210 3925 284 3981 titis
290 3927 499 3995 praesidium.

244 4025 277 4077 2.
290 4027 336 4078 list
347 4025 419 4078 inter
437 4025 515 4077 istius
527 4030 554 4078 et
574 4025 752 4079 danismanni
773 4025 916 4079 castellum
937 4026 1016 4093 quasi
1037 4025 1130 4079 lauces
1151 4024 1286 4094 quaedam
1308 4025 1447 4094 angustis·

211 4124 295 4176 simus
307 4124 700 4179 introitusetdeindeconcava
708 4126 842 4179 montium
850 4126 918 4179 nulii
928 4126 1028 4192 peruia.
1042 4128 1114 4179 llaec
1122 4126 1182 4179 loca
1194 4139 1258 4178 cum
1270 4123 1446 4179 Bolmundus
1462 4127 1487 4179 ὅ(

210 4236 267 4276 non
279 4223 347 4277 adeo
358 4237 455 4291 magno
470 4225 588 4276 exercitu
602 4228 675 4278 esset
687 4225 837 4293 ingressus,
851 4225 943 4279 subito
954 4229 1098 4291 patescunt
1108 4228 1254 4279 Persarum
1277 4224 1346 4279 doti.
1364 4225 1448 4279 ilani·

212 4336 300 4390 sman‚
310 4337 359 4390 per
371 4323 448 4376 iilum
459 4323 683 4390 pertidumantea
693 4326 727 4378 de
742 4325 862 4379 adventu
872 4326 1014 4380 Boimundi
1025 4326 1354 4394 certificatus,antequam
1364 4328 1449 4381 maxi-

212 4424 264 4476 mis
274 4422 350 4476 adest
362 4423 457 4490 copiis,
473 4429 546 4476 retro
559 4424 675 4479 traditor
688 4425 734 4478 iile
746 4439 810 4478 suas
822 4426 905 4479 infert
919 4432 1032 4479 turmas.
1046 4427 1097 4479 dlii
1111 4440 1144 4479 ex
1157 4426 1449 4493 hostilius,monlihus

212 4523 458 4588 ascensis,eminus
467 4528 575 4576 nostros
584 4524 687 4591 sagittis
698 4526 876 4592 proturbant3
885 4526 930 4578 alii
942 4526 1062 4593 equestri
1073 4527 1185 4593 impetu,
1196 4540 1270 4579 nunc
1282 4531 1359 4594 ante,
1371 4541 1450 4583 nune

212 4626 294 4687 retro,
307 4622 458 4675 incursant.
472 4623 569 4688 Persis,
583 4628 614 4675 ut
624 4623 734 4690 dicitur,
748 4624 829 4692 longe
841 4625 893 4678 alia
902 4637 983 4692 quarn
998 4626 1099 4678 nostris
1111 4631 1152 4678 est
1171 4625 1313 4694 pugnandi
1326 4638 1445 4683 consue·
1464 4629 1487 4682 ἃ
