3316 5482
315 384 410 434 aran.
429 384 513 435 rvav.
532 381 649 435 errare
667 404 713 415 —
729 384 882 435 urrann.
902 386 949 435 ab
965 385 1043 436 con.
1063 381 1139 434 sacr.
1278 372 1345 438 293

105 557 249 624 peregrini
271 569 288 608 a
310 556 425 608 mortuis
445 559 473 608 et
493 559 604 622 peccato
622 556 823 608 resurrectione
839 555 960 608 Christus
980 555 1185 624 glorificabatur
1204 561 1232 610 et
1248 558 1344 610 beatae

104 655 209 709 itariae
219 655 326 707 meritis
334 654 524 722 episcopo,qui
534 660 601 708 tunc
610 655 742 708 orationis
751 667 835 708 causa
843 655 1143 722 advenerat,castrensi
1153 656 1343 722 concionante,

108 756 139 808 in
152 759 210 810 toto
223 755 326 822 populo
338 754 367 807 in
377 754 424 808 bei
436 754 567 809 laudibus
580 754 748 808 acclamante
761 754 980 822 praedicabatur.

271 963 485 1029 Tmuscsrro
502 961 537 1029 S.
557 965 749 1030 Manrrnars
765 962 845 1047 (Cir.
864 983 976 1049 supra,
994 984 1027 1050 p.
1046 964 1126 1043 275,
1145 961 1205 1050 8⁰).

66 1157 88 1208 5
146 1156 176 1207 1.
190 1152 342 1220 Quondam,
354 1156 385 1205 ut
402 1150 479 1207 novit
500 1152 656 1205 fraternitas
676 1157 774 1218 vestra,
796 1151 888 1205 dilecti
899 1153 918 1219 ²,
940 1151 1048 1219 gravior
1069 1150 1181 1204 afflictio
1201 1155 1237 1216 et,
1255 1155 1287 1204 ut
1303 1149 1341 1204 ita
1395 1165 1483 1219 ‘cop

107 1254 210 1318 dicam,
223 1251 300 1321 plaga
314 1252 453 1319 plagarum
466 1265 516 1319 per
531 1252 624 1305 omnia
634 1252 870 1307 lemovicensium
886 1251 1059 1319 grassabatur
1076 1251 1145 1317 loca,
1164 1254 1194 1303 ut
1211 1263 1261 1317 per
1273 1250 1341 1303 alias
1375 1230 1505 1300 diligitur·

108 1355 140 1406 in
158 1352 274 1407 circuitu
285 1352 426 1418 civitates;
439 1351 557 1419 ideoque
570 1351 603 1404 ad
616 1352 726 1405 beatum
738 1351 909 1416 Martialem]
922 1363 988 1403 suae
1001 1350 1095 1403 salutis
1108 1350 1341 1403 medicamentum

108 1453 202 1506 omnis
212 1451 387 1520 confugiebat
398 1451 525 1517 populus.
539 1452 624 1515 Quam
642 1449 751 1516 plebem
768 1449 918 1502 districtius
940 1450 969 1501 in
982 1449 1119 1516 praesenti
1141 1449 1277 1502 miseratio
1297 1461 1338 1502 ca·

111 1553 228 1622 stigabat
240 1564 368 1619 superna,
382 1555 413 1604 ut
424 1550 508 1604 ceteri
529 1551 655 1603 timorem
676 1550 810 1602 baberent
821 1541 873 1603 nec
891 1549 1098 1603 inoboedientes
1108 1549 1191 1615 jussis
1203 1549 1342 1615 episcopo·

59 1657 92 1709 ro
110 1667 175 1707 rum
186 1659 278 1707 essent
290 1652 319 1704 in
331 1651 524 1705 ecclesiasticis
536 1651 643 1703 statutis
656 1655 682 1704 et
694 1663 730 1703 ne
741 1650 780 1702 illi
790 1652 837 1718 qui
848 1650 1035 1716 puniebantur
1043 1654 1154 1703 aeterna
1168 1648 1342 1716 postmodum

108 1754 296 1822 plecterentur
306 1753 421 1805 ultione.
436 1752 579 1804 betalibus
598 1752 728 1804 nimirum
741 1752 942 1817 scriptumest:
961 1751 1054 1810 Quem
1064 1749 1174 1816 diripit
1193 1749 1342 1804 Domims

109 1852 253 1921 corripit,
266 1852 411 1920 reperiat
422 1853 526 1905 autem
538 1863 658 1905 omuem
670 1851 772 1920 filium
785 1863 875 1918 quem
886 1850 1007 1918 recipit.
1022 1852 1054 1902 itt
1072 1849 1173 1903 Paulus
1183 1849 1242 1902 ait:
1259 1848 1343 1908 Quod

110 1955 141 2008 si
151 1956 245 2008 extra
256 1952 460 2020 disciplinam
472 1951 557 2012 estis,
570 1951 659 2017 cuius
668 1951 732 2020 filii
740 1950 824 2017 estis,
835 1963 907 2018 erpo
918 1949 1059 2004 adulteri
1069 1951 1099 2002 et
1109 1962 1172 2003 uou
1183 1949 1248 2018 fliii
1258 1949 1342 2003 estis.

111 2055 179 2108 item
191 2053 342 2120 propbeta:
359 2051 523 2121 Castipaus
543 2049 711 2116 castipaoit
732 2063 781 2103 me
800 2051 953 2103 Dumium
973 2052 1003 2103 et
1023 2049 1118 2103 morti
1128 2061 1192 2103 uou
1204 2048 1341 2102 tradidit

61 2157 94 2209 ld
110 2166 170 2207 ma
183 2151 259 2217 Quod
272 2150 407 2219 flagellum
419 2150 521 2217 populo
540 2150 726 2203 lemovicensi
746 2163 802 2203 non
819 2149 853 2203 ad
869 2149 1107 2215 consumptionem
1128 2147 1177 2201 sed
1189 2147 1223 2202 ad
1236 2161 1341 2203 correc-

110 2251 214 2306 tionem
226 2250 386 2318 provenisse
400 2253 518 2312 constal,
539 2249 606 2301 dum
628 2249 678 2302 bac
696 2248 730 2301 de
742 2260 825 2301 causa
837 2253 934 2301 cuneta
946 2261 1014 2314 gens
1026 2247 1188 2315 Aquitanica
1200 2247 1342 2313 paeniten-

112 2350 179 2403 tiam
191 2361 240 2416 pro
252 2346 406 2403 commissis
419 2348 484 2416 egit,
497 2354 524 2400 et
535 2346 707 2401 sacerdotum
720 2347 832 2399 monitis
844 2347 1047 2413 obtemperans,
1060 2345 1116 2398 illia
1126 2347 1199 2413 pacis
1209 2350 1252 2399 est
1261 2345 1340 2414 lacta,

111 2449 176 2517 quia
188 2460 241 2516 pax
262 2449 453 2516 episcoporum
475 2445 637 2514 supeream
658 2447 800 2514 requievit.
822 2445 863 2512 Si,
885 2447 975 2513 inquit
995 2446 1126 2500 bominus
1147 2432 1343 2512 apostolatui

109 2546 212 2616 suerit
223 2548 312 2617 fliius
319 2547 422 2616 pacis,
434 2547 608 2615 requiescet
616 2559 712 2615 super
723 2546 816 2600 ilium
824 2559 895 2613 pau
906 2548 1009 2600 uestra
1020 2563 1029 2612 ,·
1040 2547 1092 2600 siu
1108 2547 1223 2612 autem,
1236 2545 1279 2598 ad
1289 2557 1343 2598 vos

58 2647 94 2702 2⁰
111 2649 297 2701 revertetur.

146 2744 179 2798 2.
192 2746 230 2798 ilo
242 2757 308 2799 vero
317 2751 441 2811 ternpore
460 2757 516 2812 quo
538 2746 605 2799 haec
626 2745 695 2798 iacta
716 2750 789 2811 sunt,
802 2749 951 2812 antequam
962 2744 996 2796 ad
1010 2745 1100 2798 locum
1113 2745 1232 2796 montem
1244 2742 1340 2797 (laudii

113 2857 215 2911 corpus
238 2845 451 2898 sacratissimum
481 2847 702 2898 transveheretur
728 2845 880 2912 aquitanici
908 2844 1026 2912 patroni,
1056 2844 1172 2914 contigit
1198 2843 1313 2909 patriam
1331 2844 1340 2864 ·
1403 2850 1480 2894 'aaa

112 2943 257 2997 advenisse
268 2943 417 2997 admodum
428 2944 665 2996 'lemovicensem
676 2943 1041 3011 burdegalensisurbis‚-boc
1052 2947 1094 2995 est
1111 2942 1252 2995 Secundae
1264 2942 1341 3009 liqui·
1359 2901 1527 3018 quw&

111 3044 212 3110 maiae,
222 3042 474 3110 metropolitanum
483 3045 561 3109 cujus
569 3041 635 3096 fides
646 3023 758 3096 uuanda
768 3057 825 3097 non
835 3048 885 3097 est.
893 3047 960 3096 Cum
968 3042 1342 3107 enimsolocoidisset,etipse
1375 3025 1497 3073 ⁰⁰⁵²f²ffl
1509 3019 1521 3071 ²

55 3147 94 3199 35
113 3143 342 3209 metropolitanus
354 3147 417 3196 ante
430 3145 540 3196 beatum
555 3144 705 3197 biartialem
725 3145 759 3196 ab
774 3144 898 3197 oratione
919 3143 1089 3208 surrexisset,
1108 3143 1197 3208 coepit
1208 3142 1344 3195 divertere

113 3242 150 3294 ad
161 3242 319 3307 hospitium.
333 3241 386 3294 sed
408 3242 564 3295 ardentium
584 3242 720 3296 ululatum
740 3243 860 3311 graviter
871 3243 964 3296 ferens
978 3247 1005 3295 et
1016 3242 1132 3296 fetorem
1144 3240 1344 3296 intolerabilem

114 3342 186 3409 ignis
198 3341 246 3408 qui
259 3340 293 3393 de
305 3341 469 3395 miserorum
481 3342 628 3408 vaporabat
640 3342 812 3408 corporibus,
823 3343 851 3395 in
864 3344 965 3410 gemitu
978 3349 1005 3394 et
1015 3342 1141 3409 lacrymis
1150 3354 1344 3410 prorumpens,

114 3440 235 3493 extensis
254 3441 380 3494 manibus
400 3447 494 3494 contra
514 3442 628 3508 apostoli
650 3442 817 3509 sepulcrum,
840 3442 965 3495 clamavit
984 3454 1049 3495 voce
1071 3454 1168 3509 magna
1186 3440 1282 3495 dicens
1300 3441 1346 3494 :0

109 3542 265 3608 portaret
282 3540 483 3594 illuminator
503 3541 739 3608 aquitanorum,
761 3554 896 3609 ausurae
908 3542 942 3595 iu
958 3541 1153 3607 adiutorium
1166 3542 1279 3609 populi
1288 3540 1345 3594 tui.

55 3645 95 3697 50
118 3641 180 3695 Gur
191 3640 344 3693 dormitas
354 3641 367 3694 t
378 3639 499 3694 Miceris
512 3643 576 3694 tam
587 3642 716 3709 tristem,
730 3654 812 3709 roro,
826 3640 921 3710 aufer
937 3641 1159 3710 calamitatem,
1171 3640 1346 3708 iuferuales

114 3739 172 3794 itas
181 3751 314 3807 reparare
320 3752 441 3806 poenas
452 3752 513 3794 uon
527 3741 771 3807 ampliusjuuta
784 3753 897 3808 eorpus
915 3744 1004 3794 tuum
1013 3744 1023 3763 *
1030 3741 1210 3808 pemuittas.
1226 3741 1248 3794 0
1259 3741 1345 3794 Mar·
1403 3747 1412 3766 ·

116 3837 389 3906 dalmariacum
399 3838 563 3908 uirtutum,
577 3840 752 3907 opriuceps
759 3843 900 3907 patrum,
914 3839 968 3893 ubi
978 3843 1024 3894 est
1037 3841 1118 3908 quod
1132 3840 1263 3908 iepimuc
1276 3843 1304 3893 te
1315 3842 1346 3893 et

115 3939 153 3992 iu
164 3950 259 3992 carne
268 3936 442 4006 fuissemus
451 3937 642 4007 discipulum
653 3940 708 4007 qui
716 3940 873 4006 iupopulo
881 3940 1073 3994 ludaeorum
1081 3939 1217 3993 satiabat
1227 3952 1348 3994 omuem

110 4039 299 4119 ’moruorum
310 4040 340 4092 ct
351 4038 481 4093 curabat
492 4051 612 4093 omuem
623 4040 853 4108 infirmitatum,
871 4040 926 4108 qui
942 4040 1063 4093 dolores
1080 4043 1203 4094 uestros
1215 4040 1348 4094 abstulit

55 4142 97 4194 35
114 4140 149 4192 et
159 4136 361 4205 infirmitates
368 4139 517 4206 portavit,
531 4140 622 4204 cuim
636 4139 732 4193 livore
749 4140 857 4194 sauati
873 4139 1040 4193 sumucto
1057 4139 1190 4193 claritas
1199 4141 1348 4207 episcopo

114 4249 199 4304 rum,
212 4237 304 4292 &cus
316 4237 528 4306 ecclesiarum,
542 4237 596 4291 ubi
606 4241 654 4292 est
664 4239 745 4305 quod
760 4240 891 4307 lepimus
903 4242 932 4293 te
943 4239 978 4292 iu
991 4252 1068 4293 ceria
1078 4239 1259 4293 ministrum
1282 4241 1348 4293 Sat·

114 4338 237 4391 catoris
251 4336 360 4405 fuisse,
373 4338 497 4405 quaudo
517 4339 584 4391 sur's
599 4338 695 4405 pedes
718 4338 795 4390 iavit
814 4317 1003 4403 discipulis?
1023 4337 1200 4391 Omiuister
1207 4338 1346 4404 pietatis,

114 4435 172 4489 ubi
180 4439 226 4489 est
237 4437 317 4504 quod
331 4437 446 4503 lepitur
461 4440 488 4489 te
506 4450 527 4490 a
538 4438 746 4491 Dominarum
757 4436 833 4489 aliis
845 4437 1183 4503 apostoiispotestatem
1195 4437 1349 4503 accepisse

116 4534 243 4602 lipardi
254 4537 349 4601 atque
368 4536 508 4590 soiveudi
517 4537 530 4588 t
550 4536 643 4591 Nobis
664 4539 747 4590 certe
759 4535 798 4590 ab
820 4536 961 4602 autr'quis
979 4538 1188 4590 traditumest
1200 4537 1348 4604 patribus

50 4640 93 4693 40
112 4634 244 4700 uostris,
257 4646 348 4689 omue
361 4638 389 4688 te
409 4635 525 4690 doraum
543 4636 725 4703 oratiarum
745 4649 816 4691 curu
836 4635 911 4690 aliis
931 4636 1257 4703 accepisseapostolis.
1274 4637 1352 4696 Quid
