3316 5482
444 394 536 448 siau.
555 394 839 447 xar.ean1s.—
853 395 1007 448 meno.
1027 397 1074 447 so
1090 395 1168 447 oon.
1187 392 1263 447 saus.
1403 372 1470 449 425

239 572 328 634 aptam
342 566 513 619 mansionem
526 565 561 618 ad
572 564 743 632 operandum
753 565 830 632 Juxta
842 563 996 632 ecelesiam,
1014 564 1182 633 tradiditque
1203 565 1229 619 ei
1241 577 1338 619 aurum
1356 569 1384 620 et
1394 578 1468 634 gem·

236 681 304 720 mas.
318 666 431 748 Aurifex
442 678 506 719 uero
518 663 553 718 de
564 664 610 718 die
622 665 651 717 in
663 665 736 718 diem
749 665 888 733 operando
900 666 989 732 eoepit
1000 666 1179 732 frequentare
1188 665 1300 719 domum
1313 666 1467 733 secretarii,

236 779 309 835 quae
321 770 381 819 erat
394 764 517 832 proxima
530 761 654 817 officinae
673 777 750 830 suae,
771 769 799 817 et
819 764 912 818 omnia
933 765 992 830 ejus
1012 767 1116 818 secreta
1139 764 1297 817 cautissima
1314 764 1469 819 considera·

235 866 312 918 tione
324 864 472 931 inspicere.
484 862 651 916 secretarius
662 874 726 915 vero
739 863 830 916 minos
841 866 937 915 cautus
948 862 1039 929 coepit
1050 874 1113 915 eum
1123 875 1217 915 secum
1227 861 1329 916 ducere
1340 862 1369 915 in
1381 862 1470 917 eccle·

204 966 219 1018 5
234 964 305 1017 siam
318 968 345 1016 et
356 974 448 1015 eoram
461 974 494 1015 eo
506 973 630 1014 reserare
641 959 731 1014 iocum
744 961 792 1013 ubi
804 967 928 1014 sanctum
943 960 1085 1013 brachium
1095 965 1155 1014 erat
1164 960 1215 1014 sub
1228 959 1297 1014 clavi
1307 960 1467 1026 repositum.

235 1063 365 1116 Portabat
376 1066 466 1114 autem
479 1060 552 1113 idem
564 1061 728 1113 secretarius
741 1060 856 1113 eaodem
870 1060 974 1115 elavem
995 1073 1099 1127 secum,
1114 1072 1239 1114 neceam
1259 1060 1365 1115 celabat
1376 1061 1469 1128 aliquo

234 1160 330 1215 modo.
344 1163 420 1213 Tunc
433 1157 662 1226 paulatim'nimia
675 1159 808 1226 cupiditas
822 1161 912 1226 coepit
924 1167 1045 1213 mentem
1065 1159 1196 1214 aurifabri
1214 1161 1391 1214 veliementer
1402 1160 1469 1214 arri·

233 1273 312 1327 pere,
326 1264 355 1312 ut
366 1259 445 1312 illum
457 1264 581 1312 sanctum
595 1259 754 1311 tnesaurum
765 1257 947 1311 fraude'inde
967 1264 1120 1325 asportaret
1132 1263 1159 1311 et
1181 1258 1214 1311 ad
1227 1259 1366 1327 propriam
1379 1259 1469 1313 civita·

234 1366 292 1413 tem
305 1358 382 1412 ilium
392 1358 520 1411 deferret.
534 1360 597 1410 Erat
609 1357 683 1410 enim
695 1357 730 1411 de
744 1358 852 1412 civitate
864 1371 935 1425 quae
945 1357 1046 1411 dicitur
1057 1359 1170 1411 altram.
1184 1359 1305 1423 Quadam
1317 1359 1400 1428 igitur
1411 1358 1468 1427 die,

187 1463 218 1514 to
236 1472 300 1513 oum
321 1458 367 1511 ille
379 1458 484 1511 aurifex
496 1458 525 1509 in
537 1456 645 1510 officina
659 1470 708 1510 sua
721 1461 891 1524 operaretur,
904 1458 978 1511 venit
998 1459 1031 1511 ad
1046 1471 1110 1511 eum
1131 1458 1302 1523 secretarius,
1325 1463 1356 1512 ut
1366 1458 1471 1518 ¹videret

234 1556 375 1624 quomodo
389 1557 564 1622 operabatur.
578 1558 700 1623 cumque
712 1557 784 1610 inter
796 1570 825 1611 se
837 1556 885 1611 diu
904 1557 1157 1622 confabularentur,
1179 1558 1293 1626 contigit
1304 1562 1335 1612 ut
1352 1563 1469 1613 secreta·

236 1659 295 1710 rius
304 1656 482 1711 obdormiret.
496 1658 574 1710 Tunc
585 1657 702 1723 aurifex,
713 1657 810 1710 uidens
822 1657 874 1711 hoo
885 1662 913 1711 et
924 1657 1027 1711 clavem
1040 1658 1160 1724 pendere
1170 1672 1186 1712 a
1195 1657 1304 1726 cingulo
1314 1659 1384 1725 ejus,
1394 1659 1468 1713 festi·

235 1762 338 1811 nanter
355 1757 480 1811 calefecit
492 1770 584 1811 ceram
602 1762 629 1810 et
649 1758 789 1824 impressit
808 1757 953 1826 diligenter
973 1758 1077 1811 clavem
1097 1759 1126 1811 in
1147 1771 1190 1812 ea.
1213 1761 1358 1826 Postquam
1376 1765 1467 1813 autem

190 1902 199 1913 .
233 1857 398 1910 secretarius
410 1857 445 1910 ad
456 1856 600 1910 ecclesiam
612 1857 703 1924 rediit,
718 1856 763 1911 ille
774 1857 982 1926 diligentissime
1004 1864 1133 1924 operatus
1151 1864 1193 1912 est
1213 1858 1318 1912 clavem
1334 1858 1370 1912 de
1382 1858 1466 1926 ferro,

187 1960 217 2013 ib
234 1958 379 2025 coepitque
399 1970 533 2026 quaerere
550 1958 781 2025 opportunitatem
800 1963 831 2011 ut
851 1958 1014 2025 adimpleret
1036 1958 1167 2012 malitiam
1188 1972 1275 2012 suam.
1289 1962 1352 2013 Post
1364 1958 1468 2026 aliquot

234 2057 305 2125 dies,
318 2057 408 2110 sciens
416 2058 514 2110 abesse
526 2058 703 2111 secretarium
716 2057 794 2112 ilium
806 2059 840 2111 ab
852 2057 1188 2126 ecelesia,perrexiti11ue,
1201 2058 1391 2124 exploraturus
1400 2057 1466 2125 quid

235 2155 302 2209 inde
315 2160 405 2222 posset
417 2157 515 2211 facere.
529 2159 562 2210 ut
573 2157 716 2224 reperiens
728 2157 971 2224 opportunitatem,
985 2172 1049 2211 nam
1061 2159 1145 2212 ceteri
1159 2156 1285 2212 custodes
1292 2157 1358 2212 alias
1368 2157 1467 2211 intenti

234 2261 326 2322 erant,
337 2256 383 2310 ille
396 2257 557 2310 festinanter
567 2258 642 2311 venit
654 2263 682 2311 et
693 2271 743 2311 sua
755 2257 824 2311 clavi
837 2258 969 2312 reseravit
980 2257 1081 2325 locum,
1092 2263 1118 2311 et
1129 2257 1195 2312 inde
1206 2258 1319 2312 abstulit
1335 2257 1413 2310 illum
1425 2257 1466 2310 iu-

237 2357 451 2424 comparabilem
464 2357 632 2424 thesaurum,
646 2354 800 2425 iterumque
812 2359 948 2412 obseravit
960 2358 1060 2413 locum.
1074 2358 1223 2424 (indracto,
1236 2358 1351 2425 arripuit
1363 2357 1465 2426 bugam,

187 2459 217 2510 itt
235 2456 437 2511 forens'secum
448 2457 530 2511 simul
543 2471 640 2512 aurum
654 2463 680 2512 et
692 2471 824 2527 gemmas,
837 2471 909 2525 quae
918 2458 1036 2511 babebat
1049 2459 1083 2512 ad
1096 2471 1166 2525 opus
1179 2458 1276 2512 saneti.
1289 2460 1385 2511 Postea
1398 2470 1465 2510 vero

235 2569 301 2610 eum
312 2557 431 2610 redisset
441 2558 614 2622 secretarius,
628 2562 655 2610 et
670 2558 753 2625 aliqui
767 2558 904 2626 peregrini
926 2559 1101 2625 requirerent
1122 2571 1151 2611 se
1173 2556 1299 2611 benedici
1320 2557 1355 2611 de
1367 2560 1463 2610 sancto

235 2655 359 2720 brachio,
372 2659 404 2707 ut
415 2669 473 2709 mos
485 2659 544 2709 erat
555 2656 716 2724 peregrinis,
732 2656 896 2709 secretarius
917 2657 1047 2709 reseravit
1067 2656 1176 2722 iocum;
1197 2661 1225 2708 et
1246 2668 1302 2709 non
1321 2655 1466 2709 inveniens

235 2753 314 2820 illud,
328 2754 400 2808 ultra
412 2768 495 2821 quam
507 2755 561 2808 dici
574 2760 663 2823 potest
674 2756 809 2822 extimuit,
832 2761 860 2809 et
870 2755 941 2810 dans
960 2768 1055 2808 uocem
1067 2756 1096 2807 in
1113 2755 1198 2808 altum
1219 2767 1283 2809 eum
1301 2767 1400 2823 magno
1412 2753 1468 2821 plo·

237 2858 298 2905 ratu
311 2858 337 2905 et
348 2853 460 2920 gemitu,
474 2853 637 2907 verberabat
648 2861 743 2920 pectus
756 2867 836 2907 suum
849 2855 955 2922 pugnis,
970 2867 1049 2907 reum
1071 2866 1100 2907 se
1121 2853 1285 2920 vociferans,
1299 2853 1346 2920 qui
1358 2856 1465 2906 tantum

187 2955 216 3006 ιδ
234 2951 396 3005 thesaurum
409 2952 582 3018 perdidisset.
595 2953 616 3004 Α
628 2954 706 3019 cujus
719 2952 885 3006 elamoribus
905 2956 959 3006 tota
981 2953 1075 3006 civitas
1094 2957 1229 3007 commota
1246 2956 1297 3006 est.
1310 2954 1343 3005 ut
1355 2951 1463 3019 perqui-

228 3056 323 3104 rentes
334 3050 486 3119 diligenter,
497 3051 559 3118 quis
569 3056 675 3104 tantum
686 3052 776 3106 scelus
789 3057 916 3119 operatus
928 3052 1033 3119 fuisset,
1046 3055 1228 3118 reppererunt
1248 3051 1329 3104 certis
1347 3050 1459 3104 indiciis

230 3148 372 3203 aurificem
384 3150 462 3203 illum
474 3152 525 3204 boc
538 3157 723 3218 perpetrasse.
736 3154 767 3204 ut
779 3157 927 3218 sequentes
939 3164 1001 3204 eum
1013 3165 1076 3205 cum
1089 3151 1174 3204 nimia
1186 3150 1335 3217 celeritate,
1349 3151 1459 3204 invene-

230 3255 297 3303 runt
310 3263 373 3303 eum
386 3263 442 3303 non
454 3251 561 3319 longea
582 3264 630 3305 sua
651 3252 769 3306 civitate.
790 3256 862 3305 bens
883 3253 968 3320 enim,
983 3253 1029 3319 qui
1054 3257 1096 3305 est
1115 3251 1255 3318 inspector
1276 3250 1420 3304 humilium
1435 3253 1465 3303 et

231 3347 375 3401 exauditor
394 3348 519 3402 cordium
539 3351 731 3417 contritorum,
753 3363 810 3404 non
830 3351 954 3417 despexit
983 3350 1118 3416 lacrimas,
1143 3349 1261 3416 gemitus
1283 3348 1465 3415 planctusque

187 3451 216 3503 sd
232 3446 309 3500 illius
320 3448 469 3514 secretarii,
483 3449 566 3501 immo
578 3449 694 3504 aliorum
707 3448 827 3503 fidelium
840 3450 956 3504 civitatis
968 3451 1095 3502 barensis
1108 3449 1261 3515 bominum,
1272 3448 1320 3516 qui
1333 3448 1362 3500 in
1374 3448 1460 3501 nimio

231 3559 356 3599 maerore
368 3552 448 3600 erant
458 3560 508 3614 pro
520 3549 620 3601 amisso
634 3549 772 3617 tnesauro.
794 3549 917 3616 benique
939 3561 1001 3602 cum
1024 3548 1071 3601 iiie
1093 3549 1137 3601 fur
1160 3561 1245 3616 prope
1266 3548 1403 3602 civitatem
1428 3546 1462 3600 ad

232 3659 315 3713 quam
329 3647 456 3700 tendebat
464 3649 592 3714 venisset,
605 3648 651 3701 bei
661 3647 764 3714 judicio
788 3647 847 3701 fixit
868 3649 994 3717 gradum,
1016 3649 1096 3701 itaut
1117 3647 1193 3702 nullo
1207 3645 1288 3700 modo
1310 3659 1339 3699 se
1355 3658 1465 3700 mouere

232 3750 341 3812 posset;
354 3747 447 3814 sicque
460 3748 534 3801 stetit
546 3747 617 3801 fixus
629 3761 717 3815 usque
730 3748 797 3801 dum
810 3748 859 3813 iili,
874 3750 921 3816 qui
934 3762 998 3802 eum
1012 3747 1190 3815 quaerebant,
1205 3748 1243 3799 ita
1258 3746 1342 3800 fixum
1356 3746 1468 3799 invene·

234 3849 310 3898 runt.
323 3847 371 3910 Qui
384 3851 415 3899 ut
434 3859 481 3900 eos
502 3846 579 3913 uidit,
601 3849 691 3914 coepit
711 3847 830 3901 clamare
842 3853 869 3901 et
888 3862 951 3901 cum
970 3848 1064 3901 multis
1086 3847 1207 3901 lacrimis
1231 3850 1371 3912 peccatum
1385 3858 1466 3898 suum

187 3947 219 4000 55
236 3944 372 3998 confiteri.
382 3945 452 4010 Quid
465 3946 569 4000 multat
581 3949 723 4012 barenses,
737 3948 854 4013 receptis
867 3961 992 4015 quaeque
1004 3946 1191 4014 perdiderant,
1204 3959 1268 3998 curn
1281 3957 1378 4012 magno
1395 3956 1463 4012 gau·

235 4043 282 4096 dio
294 4049 321 4097 et
334 4045 426 4098 multis
439 4045 568 4099 laudibus
581 4047 742 4100 festinanter
757 4050 856 4100 barum
869 4048 971 4101 reversi
986 4053 1060 4100 sunt.
1073 4046 1111 4099 Ad
1124 4057 1241 4112 quorum
1254 4045 1402 4098 adventum
1412 4048 1466 4098 tota

235 4143 329 4196 ciuitas
342 4156 405 4198 cum
416 4145 559 4199 immensis
572 4145 699 4198 laudibus
711 4146 831 4198 occurrit
842 4145 1063 4210 advenientibus,
1081 4146 1197 4199 nimium
1219 4144 1400 4210 tripudiantes
1417 4157 1466 4209 pro

236 4243 348 4297 invento
361 4247 415 4296 tam
429 4242 545 4297 mirifico
558 4245 698 4299 thesauro.

204 4402 207 4413 Ι
268 4341 318 4396 81.
332 4346 395 4396 Post
414 4344 514 4397 multos
526 4357 590 4397 vero
611 4357 709 4410 annos,
724 4345 834 4413 quidam
855 4358 889 4399 ex
909 4344 1014 4398 clericis
1032 4344 1155 4410 ejusdem
1173 4341 1316 4408 ccclesiae,
1342 4341 1388 4408 qui
1407 4344 1465 4394 erat

187 4414 218 4494 io
236 4446 327 4494 custos
339 4442 464 4508 eiusdem
475 4443 615 4509 basilicae,
630 4445 723 4498 nescio
735 4458 788 4511 qua
810 4445 906 4498 fraude
926 4449 953 4496 et
973 4443 1083 4511 ingenio
1104 4441 1177 4495 idem
1190 4446 1314 4494 sanctum
1327 4439 1469 4493 brachium

235 4540 340 4594 furatus
353 4547 406 4595 est.
420 4543 470 4607 Qui
483 4544 576 4596 exiens
589 4543 743 4597 decivitate
757 4545 831 4598 nullo
853 4545 965 4610 sciente,
979 4544 1068 4610 coepit
1081 4541 1193 4595 tendere
1206 4539 1240 4594 ad
1252 4541 1341 4594 locum
1355 4553 1409 4607 quo
1428 4541 1468 4594 irc

233 4640 351 4697 volebat.
365 4644 488 4713 Cumque
501 4643 552 4696 iter
570 4648 661 4711 ageret
674 4657 722 4710 per
739 4645 879 4709 llarirram,
893 4645 945 4698 boc
963 4648 1004 4696 est
1021 4656 1070 4711 per
1083 4643 1146 4696 litus
1165 4641 1258 4708 maris,
1271 4640 1361 4694 subito
1374 4653 1467 4697 excae·
