3316 5482
367 323 412 394 34
717 349 841 400 cassu.
860 348 964 401 conr).
984 351 1158 401 andrean.
1177 350 1257 403 nur.

368 515 443 583 virga
456 517 576 582 repperit
588 520 615 569 et
626 518 746 571 abstulit.
760 519 837 584 Quod
857 520 959 575 lactum
976 522 1105 575 omnibus
1117 526 1190 588 patet
1210 521 1315 574 meritis
1328 519 1476 575 beatissimi
1491 523 1519 572 et
1532 519 1609 573 inlu·

369 616 418 668 tris
429 615 479 668 ulti
491 621 597 684 gestum
613 630 673 671 esse
683 619 795 671 luniani
816 623 843 673 et
855 621 959 688 antiqui
972 621 1072 674 llelisei
1085 620 1217 674 miraculo
1235 620 1449 687 comparandum
1461 636 1469 686 ;
1482 619 1559 687 quod
1579 624 1609 674 et

369 715 557 769 beatissimum
581 716 756 771 benedictum
780 724 842 786 post
865 721 1013 774 multorum
1034 720 1171 775 curricula
1195 733 1332 774 annorum
1355 720 1453 774 fecisse
1476 720 1606 788 legimus,

371 817 448 883 cujus
460 817 504 870 bic
516 822 542 870 et
554 817 636 871 vitam
647 821 675 871 et
686 817 856 870 sanctitatem
868 820 999 872 sectando
1017 817 1155 872 credimus
1167 818 1306 884 adeptum.

404 916 453 968 ta.
472 919 585 969 Tantam
598 915 700 970 etenim
712 929 748 968 ex
758 915 832 969 illius
844 917 1008 971 sanctissimi
1017 917 1067 972 viri
1081 918 1223 970 sanctitate
1235 917 1311 971 locus
1326 917 1371 970 ille
1384 917 1514 970 virtutem
1526 929 1604 971 acce·
1622 919 1641 971 b

371 1017 419 1084 plt,
429 1020 524 1069 utnon
534 1014 622 1069 solum
633 1015 706 1068 illius
715 1019 850 1081 tempore,
861 1030 922 1069 cum
931 1017 1021 1070 adhuc
1033 1017 1062 1069 in
1075 1017 1156 1083 liujus
1165 1016 1338 1070 mortalitatis
1348 1029 1480 1070 aerumna
1489 1017 1606 1082 viveret,

371 1128 545 1183 nequaquam
563 1115 628 1168 illuc
648 1127 774 1168 accessus
794 1114 958 1169 feminarum
972 1115 1077 1179 luisset,
1090 1129 1185 1170 verum
1198 1114 1284 1168 etlam
1303 1119 1365 1182 post
1376 1116 1482 1169 obitum
1501 1115 1562 1182 ejus
1578 1122 1606 1169 et

370 1216 520 1271 discessum
541 1215 606 1269 inde
625 1228 798 1283 nequaquam
819 1215 911 1283 aliqua
923 1216 1090 1270 laminarum
1107 1216 1178 1269 inira
1193 1217 1314 1269 claustra
1335 1216 1409 1270 illius
1430 1217 1482 1270 loci
1503 1217 1607 1270 audeat

371 1315 495 1386 ingredi;
508 1315 582 1384 quod
603 1314 627 1368 si
639 1314 742 1379 lecerit,
756 1315 869 1381 impune
882 1329 1031 1382 numquam
1056 1316 1134 1369 serat.
1156 1315 1276 1378 Quadam
1296 1315 1340 1368 die
1360 1328 1423 1369 cum
1436 1316 1604 1383 paupercula

371 1414 516 1482 quaedam,
535 1414 662 1467 nesciens
684 1415 750 1467 tanti
765 1414 886 1482 mysterii
904 1418 931 1467 et
943 1414 995 1468 loci
1018 1413 1090 1466 illius
1102 1415 1240 1478 virtutem,
1253 1415 1375 1482 ingressa
1395 1413 1508 1467 fortuitu
1525 1414 1600 1467 inira
1619 1417 1653 1469 10

368 1515 495 1582 claustra,
508 1514 598 1567 statim
610 1526 691 1567 caeca
711 1512 807 1567 edecta
821 1517 871 1567 est.
885 1515 959 1577 Quae
980 1512 1047 1566 dum
1060 1512 1162 1566 exinde
1174 1513 1287 1567 ductore
1306 1513 1360 1566 alio
1373 1526 1483 1581 egressa
1505 1511 1607 1568 luisset

369 1620 396 1669 et
407 1615 436 1667 in
448 1627 497 1668 sua
509 1613 639 1667 caecitate
652 1618 834 1679 permaneret,
847 1625 898 1678 per
910 1617 1019 1665 noctem
1035 1611 1147 1679 quidam
1160 1612 1190 1665 in
1201 1611 1262 1665 visu
1275 1612 1401 1679 apparuit
1413 1613 1450 1677 ei,
1465 1614 1607 1679 [monens]

370 1719 401 1767 ut
411 1717 504 1767 votum
516 1712 590 1780 quod
609 1716 703 1778 posset
715 1712 744 1763 in
756 1711 817 1765 loco
839 1710 886 1765 illo
898 1710 1057 1765 exsolveret.
1071 1713 1144 1776 Quae
1167 1724 1230 1764 oum
1243 1724 1300 1765 uon
1321 1712 1435 1765 liaberet
1445 1710 1521 1766 unde
1542 1713 1605 1766 red·

371 1814 458 1878 deret,
472 1813 589 1881 perrexit
609 1812 643 1866 ad
663 1811 801 1879 quandam
823 1817 986 1875 matronam,
999 1811 1112 1865 nomine
1132 1811 1379 1877 lermentrudem3
1402 1824 1520 1878 cumque
1538 1817 1605 1865 ante

368 1918 544 1981 conspectum
556 1913 615 1980 elus
634 1913 763 1973 venisset,
777 1912 897 1964 narravit
908 1909 933 1965 ei
947 1924 1013 1964 suae
1026 1911 1153 1964 miseriae
1173 1911 1366 1978 calamitatem,
1380 1911 1523 1977 postulans
1543 1912 1599 1965 sibi
1620 1915 1654 1967 ib

367 2016 450 2070 tribui
461 2015 536 2069 unde
548 2026 657 2068 cereum
670 2013 779 2065 lacere*
791 2016 882 2077 posset
893 2017 921 2064 et
933 2010 981 2065 illo
994 2013 1022 2064 in
1036 2011 1096 2065 loco
1108 2013 1162 2064 beo
1177 2009 1285 2077 offerre,
1296 2010 1374 2078 quus
1388 2009 1602 2066 inluminatione

371 2130 421 2184 per
433 2121 515 2169 totam
536 2119 644 2167 noctem
666 2111 741 2164 locus
761 2111 807 2162 ille
818 2111 991 2165 claresceret.
1005 2109 1080 2175 Quod
1100 2123 1162 2163 cum
1175 2110 1276 2163 factum
1296 2115 1377 2177 esset,
1391 2110 1480 2162 statim
1503 2110 1601 2166 lumen

368 2215 510 2283 recepiret
522 2213 649 2266 tenebras
661 2209 798 2263 caecitatis
809 2209 910 2262 amisit.

400 2314 450 2368 18.
463 2310 600 2376 Quaedam
612 2307 740 2362 ancillula
751 2306 893 2373 cuiusdam
915 2306 967 2360 viri
979 2306 1089 2373 nobilis,
1105 2306 1217 2361 nomine
1230 2306 1421 2375 Ragantrudis,
1435 2321 1498 2360 cum
1511 2320 1597 2361 mem·

366 2417 479 2470 brorum
497 2410 635 2463 debilitate
651 2407 799 2460 mullorum
816 2414 971 2472 temporum
990 2419 1106 2459 excursu
1126 2410 1264 2460 contracta
1277 2419 1309 2458 ac
1326 2407 1425 2460 debilis
1441 2405 1559 2473 pedibus
1572 2413 1600 2462 et
1617 2411 1651 2463 ab

367 2514 494 2568 manibus
511 2514 592 2575 esset,
604 2506 772 2577 gestantibus
792 2505 978 2559 aliisveniens
1006 2504 1040 2559 ad
1063 2505 1193 2572 praedicti
1215 2506 1266 2559 viri
1290 2506 1457 2572 sepulcrum,
1476 2520 1531 2574 quo
1549 2507 1599 2563 ille

365 2612 538 2667 beatissimus
552 2620 666 2674 corpore
678 2604 834 2672 requiescit,
849 2604 997 2656 miserante
1010 2603 1058 2656 bei
1071 2603 1218 2657 clementia
1230 2608 1258 2656 et
1270 2604 1344 2657 illius
1358 2605 1462 2658 meritis
1471 2611 1499 2658 et
1511 2605 1598 2659 iuter·

366 2712 492 2767 cessione
504 2709 576 2763 salva
588 2708 658 2761 lacta
678 2709 718 2758 est
738 2704 814 2757 etita
832 2703 963 2770 pristinae
985 2702 1108 2757 restituta
1126 2703 1206 2756 saluti
1226 2707 1258 2756 ut
1277 2703 1344 2755 nihil
1365 2703 1469 2772 vestigii
1487 2705 1521 2758 de
1541 2710 1599 2758 tam

366 2814 496 2867 diuturna
507 2808 647 2863 debilitate
659 2805 689 2858 in
702 2805 761 2872 ejus
782 2803 913 2857 membris
925 2806 1088 2856 remaneret.
1103 2805 1176 2867 Quae
1197 2816 1285 2870 usque
1298 2802 1379 2857 bodie
1400 2816 1466 2857 sana
1478 2809 1504 2858 et
1522 2803 1599 2860 inco·

367 2911 624 2977 lumisperseverat.
1617 2909 1651 2960 as

401 3014 451 3065 14.
470 3008 584 3073 Quidam
595 3007 686 3070 bomo,
708 3002 821 3057 nomine
834 3001 961 3064 disarius,
974 3014 1037 3054 cum
1059 3001 1205 3068 instigante
1217 3001 1327 3056 diabolo
1350 3009 1440 3056 mente
1458 3009 1554 3070 captus
1570 3005 1600 3058 in

366 3110 497 3165 frenesim
508 3117 657 3161 conversus
674 3106 755 3170 esset,
769 3105 844 3154 tanta
864 3102 1032 3154 immanitate
1054 3101 1241 3156 ferocissimus
1261 3109 1303 3156 est
1322 3102 1435 3157 effectus
1455 3108 1486 3158 ut
1506 3104 1602 3158 nullus

366 3225 429 3266 eum
441 3209 600 3274 contingere
611 3204 741 3257 auderet:
754 3214 824 3269 quos
836 3201 910 3254 enim
922 3199 1150 3267 adproximasset,
1164 3207 1211 3255 aut
1224 3203 1351 3256 manibus
1364 3202 1514 3256 dilaniabat
1531 3201 1602 3271 [a]ut

366 3312 448 3366 etiam
463 3307 593 3362 dentibus
605 3303 785 3368 discerpebat.
800 3300 876 3354 Unde
889 3301 986 3353 vinctis
999 3306 1060 3366 post
1074 3306 1179 3367 tergum
1193 3301 1321 3354 manibus
1334 3306 1361 3354 et
1375 3302 1492 3370 longiori
1505 3303 1600 3368 stipite

370 3411 477 3480 ligatus,
496 3421 532 3459 ne
551 3402 706 3472 quempiam
723 3401 880 3467 pertingens
896 3397 1025 3463 laederet,
1039 3400 1079 3451 sic
1091 3400 1230 3465 profectus
1241 3405 1283 3453 est
1293 3400 1340 3453 ubi
1352 3402 1409 3466 ipse
1420 3401 1597 3456 beatissimus
1616 3404 1650 3457 ab

368 3520 482 3575 corpore
495 3502 649 3572 requiescit.
664 3499 740 3563 Quod
759 3512 822 3552 cum
835 3497 891 3550 illic
903 3498 1053 3565 largissime
1074 3510 1124 3564 pro
1137 3498 1183 3551 illo
1206 3511 1301 3564 preces
1318 3500 1432 3552 bomino
1450 3500 1601 3554 tunderen-

370 3615 425 3676 tur,
438 3606 543 3661 meritis
554 3600 704 3658 beatissimi
717 3596 881 3653 confessoris
892 3597 1002 3650 iuniani
1016 3596 1050 3650 ad
1063 3610 1128 3650 suae
1143 3598 1242 3651 mentis
1254 3603 1354 3652 statum
1367 3613 1493 3654 reversus
1505 3606 1557 3667 est,
1573 3608 1601 3656 et

369 3710 403 3764 ab
421 3707 495 3761 omni
508 3707 619 3758 incursu
632 3699 823 3754 daemoniacae
836 3696 976 3763 potestatis
989 3693 1103 3750 effectus
1115 3695 1230 3761 alienus,
1245 3698 1330 3750 vitam
1348 3711 1436 3765 usque
1457 3699 1539 3753 bodie
1562 3701 1603 3754 in·

370 3808 485 3863 columis
497 3806 582 3859 ducit.

406 3908 458 3961 15.
476 3905 616 3960 Redeunle
637 3899 702 3953 anni
722 3910 804 3951 cursu
824 3910 886 3950 cum
911 3896 970 3948 dies
992 3894 1088 3948 natalis
1110 3894 1183 3949 illius
1211 3896 1361 3949 beatissimi
1382 3897 1548 3951 confessoris
1571 3905 1600 3952 et
1618 3900 1651 3953 ab

370 4006 496 4061 monachi
507 4005 631 4060 instaret,
643 3998 769 4066 plebibus
780 3995 904 4062 undique
915 3995 949 4048 ad
959 3995 1126 4060 praeclaram
1138 3994 1349 4048 sollemnitatem
1359 3996 1602 4064 convenientibus,

369 4107 517 4160 multomm
528 4100 660 4154 debilium
671 4097 751 4151 turba
759 4095 860 4149 adluit:
872 4093 919 4160 qui
929 4092 1034 4146 meritis
1045 4093 1117 4146 beati
1127 4093 1178 4146 viri
1191 4094 1307 4146 sanitate
1316 4099 1434 4162 recepta,
1448 4095 1604 4150 incolumes

372 4207 406 4259 ad
419 4203 529 4272 propria
541 4199 643 4253 reversi
662 4202 734 4250 sunt.
750 4199 786 4249 be
797 4206 914 4262 quorum
936 4191 1111 4245 multitudiue
1130 4205 1280 4258 paucorum
1292 4194 1405 4247 nomina
1418 4193 1462 4247 bic
1478 4195 1605 4251 inserere

373 4303 553 4359 nobisuisum
572 4304 622 4368 est,
634 4297 699 4364 quia
721 4308 754 4347 ex
773 4293 890 4346 maxima
907 4296 985 4357 parte
1004 4292 1051 4357 qui
1073 4292 1132 4344 sani
1154 4295 1219 4346 sunt
1236 4293 1348 4345 nomina
1368 4293 1536 4363 ignoramus,
1549 4309 1605 4350 nec

372 4403 495 4458 omnium
504 4404 610 4467 poterat
619 4396 743 4450 notitiam
752 4393 870 4447 brevitas
881 4389 962 4456 bujus
974 4390 1058 4442 libelli
1068 4404 1175 4455 capere.
1186 4394 1288 4456 Nempe
1297 4390 1408 4457 quidam
1422 4393 1471 4460 vir,
1487 4395 1603 4450 nomine
1620 4395 1652 4450 lb

372 4497 665 4565 Buslemus3similiter
683 4494 827 4559 alibertus,
846 4492 950 4553 Petrus,
963 4489 1126 4542 Odolbertus
1148 4489 1233 4542 etalii
1252 4503 1334 4556 quam
1353 4491 1454 4559 plures,
1469 4500 1606 4558 operante

372 4600 464 4654 divina
490 4597 647 4662 clementia,
673 4607 734 4647 cum
762 4590 885 4646 omnium
912 4600 1056 4654 corporum
1083 4587 1270 4640 membrorum
1298 4589 1437 4642 debilitate
1462 4588 1606 4648 deformes
