3278 5482
513 351 606 402 amn.
626 351 710 402 nar.
728 350 845 401 rarus.
863 368 910 381 -
925 349 1003 399 con.
1022 346 1099 399 sem.
1358 328 1424 394 499

288 520 330 598 9⁰
346 520 431 599 viu
448 521 570 598 sancti
590 519 782 621 Arnulphi
803 518 984 621 martyris
1009 516 1226 596 Turonicae
1256 512 1426 592 civitatis

345 643 520 744 episcopi
538 643 621 745 (fol.
638 642 806 744 iii-587.

218 777 272 832 Ed.
285 790 380 845 supra,
392 782 459 832 torn.
474 779 495 844 1,
509 792 537 844 p.
550 780 654 832 tib-28.

291 876 356 953 100
373 875 457 954 Vita
475 876 598 954 sancti
618 876 791 954 Severini
811 875 965 954 abbatis
995 872 1256 977 [Agaunensis]
1273 879 1311 952 et
1329 892 1424 949 con-

342 997 499 1078 fessoris
513 998 589 1100 (iol.
612 998 781 1095 abibon.

222 1130 274 1184 eb.
287 1132 353 1184 Act.
368 1132 426 1200 SS,
440 1130 514 1185 adil.
529 1135 557 1185 11
574 1131 663 1197 Febr,
677 1134 743 1185 tom.
758 1132 791 1198 11,
806 1144 832 1198 p.
847 1133 953 1184 bib-iii.
968 1132 998 1183 in
1011 1128 1066 1183 fine
1079 1131 1147 1182 naec
1158 1127 1244 1182 adm:

223 1230 310 1284 Haec
321 1229 486 1298 siquidem,
498 1232 644 1298 utsupra
652 1229 876 1297 praetulimus,
888 1229 927 1282 de
938 1229 1004 1282 vita
1013 1231 1043 1283 et
1055 1227 1237 1296 quibusdam
1250 1224 1344 1279 miris
1354 1223 1429 1278 acti·

193 1327 249 1383 bus
260 1329 367 1383 scruti
372 1329 481 1397 patris
493 1329 633 1383 Severini
644 1329 814 1384 secundnm
826 1328 1083 1396 campanariae
1095 1341 1116 1381 a
1128 1328 1242 1380 Fausto
1249 1323 1429 1392 presbytero

192 1429 331 1484 edictum
361 1427 463 1497 fuisse
490 1429 658 1496 credimus,
676 1429 856 1497 proliaiore
876 1427 1100 1496 prodammodo
1120 1426 1194 1480 stilo
1218 1423 1428 1479 transcribere

192 1529 406 1594 decrevimus,·
417 1542 451 1584 eo
463 1530 686 1597 videlicetjure
706 1533 743 1583 ut
753 1530 828 1584 aum
845 1543 932 1584 niem
945 1528 1069 1583 lectoris
1089 1526 1219 1581 inbians
1240 1524 1364 1592 bonpius
1377 1522 1430 1575 de·

193 1630 281 1682 aenia
293 1626 404 1696 suerit,
413 1628 705 1696 protiendioresine
724 1628 818 1683 dubio
835 1627 1081 1696 compunctionis
1100 1627 1180 1680 dono
1200 1621 1363 1680 cumulari
1379 1633 1429 1674 va·

195 1728 277 1789 icam
299 1727 354 1780 sesi
373 1729 403 1781 et
424 1726 479 1781 boc
496 1727 626 1795 imnum
646 1727 840 1782 arbitrantes
859 1730 897 1781 ut
915 1728 1078 1796 aliquanto
1099 1725 1246 1793 diffusius
1263 1722 1346 1778 beati
1366 1719 1430 1773 viri

192 1827 326 1880 actuum
338 1823 463 1892 tentu[s]
471 1827 717 1892 proponeretur,
731 1837 772 1878 ne
786 1827 946 1880 luculenta
953 1826 1031 1893 piae
1046 1822 1273 1880 recordationis
1290 1817 1429 1887 insipnia

190 1923 336 1978 strictius
346 1936 442 1990 quam
455 1922 582 1990 tepentis
591 1923 759 1978 oblectaret
767 1923 913 1990 affectum
923 1923 1145 1992 comprehensa
1159 1921 1358 1986 oidaa1ntur.
1367 1917 1428 1970 lta·

196 2034 258 2090 que
269 2034 378 2076 eorum
391 2022 540 2090 omnium,
552 2023 609 2090 qui
619 2023 694 2078 baec
711 2025 824 2079 lecturi
835 2027 919 2090 sunt,
932 2023 1098 2079 caritatem
1109 2022 1220 2077 obnixe
1236 2019 1429 2088 tiapitamus,

191 2124 229 2176 ut
239 2121 443 2175 tardissimus
451 2125 577 2176 nostrae
585 2124 773 2178 rusticitatis
782 2136 891 2190 sarno,
904 2123 1078 2178 iicetanrcs
1087 2121 1227 2189 offendat
1237 2115 1396 2185 imperitia
1406 2117 1424 2181 '2
1482 2137 1570 2192 rond,

190 2220 321 2274 nuliam
334 2220 531 2274 tentamentis
544 2221 580 2272 in
591 2223 661 2274 arte
681 2221 806 2275 odiosae
826 2220 1029 2275 detractionis
1040 2220 1215 2274 scintillam
1234 2214 1428 2272 easascaare
1450 2202 1605 2271 prudentia·

190 2319 395 2387 queat,·quin
402 2322 508 2387 potius
520 2320 649 2387 quilibet
659 2321 764 2375 doctus
779 2324 808 2375 et
828 2321 991 2375 studiosus
1013 2321 1107 2374 lector
1128 2320 1236 2373 errata
1256 2315 1426 2383 corriperis,

188 2429 392 2486 supervacua
402 2419 529 2487 radens,
544 2420 699 2475 commode
710 2420 875 2488 dipestum,
888 2420 1043 2488 siquidem
1049 2418 1130 2487 puri
1140 2417 1273 2485 affectus
1291 2417 1426 2486 benipni·

190 2518 433 2586 tatepercipiat,
446 2521 601 2586 quatenus
624 2533 665 2573 en
687 2519 742 2574 boc
762 2520 864 2588 mapis
891 2519 1038 2574 caritatis
1058 2517 1267 2573 benedictebne
1286 2517 1430 2586 sinuetur

190 2629 294 2684 quam
303 2618 434 2671 celerem
444 2617 696 2684 reprehensionis
707 2618 859 2688 furorem,
875 2621 956 2687 quoa
968 2620 1059 2688 absit,
1068 2631 1220 2687 praeceps
1233 2619 1390 2674 incurrat.

297 2714 361 2791 110
378 2716 510 2794 Passio
528 2716 776 2797 beatissimae
794 2721 964 2820 agathae
982 2718 1144 2819 virginis
1162 2726 1201 2796 et
1228 2717 1424 2819 martyris

348 2839 458 2941 quod
475 2849 533 2920 est
551 2840 616 2919 die
634 2864 826 2920 nonarum
844 2842 1130 2921 februariarum
1143 2841 1220 2942 (sol.
1238 2841 1431 2942 61111111*

300 2961 363 3039 120
381 2963 512 3042 Passio
529 2965 652 3044 sancti
668 2965 825 3068 vitalis]
844 2967 1024 3069 martyris
1044 2965 1187 3046 Christi
1210 2972 1248 3043 et
1284 2975 1434 3046 sancto

350 3109 439 3164 rum
457 3087 622 3167 Protasii
640 3097 679 3167 et
697 3089 869 3169 Gervasii
888 3090 966 3190 (fol.
989 3090 1153 3188 'iar-ibi).

231 3217 353 3284 Epistola
363 3220 508 3286 Ambrosii,
522 3220 566 3273 ed.
580 3221 645 3276 Act.
658 3223 714 3290 85,
729 3223 763 3275 ad
775 3224 803 3276 d,
819 3226 849 3277 19
860 3226 934 3288 iun,
950 3238 977 3289 p.
989 3225 1100 3289 sii-22,
1114 3237 1190 3276 num.
1204 3226 1292 3279 17-11.
1304 3225 1435 3292 Sequitur

195 3317 255 3382 (iol.
282 3318 391 3381 iboiitv)
417 3319 525 3370 initium
549 3320 680 3386 epistolae
705 3321 829 3388 ejusdem
852 3322 988 3376 Ambrosii
1014 3322 1049 3376 ad
1071 3323 1226 3376 Marcellam
1249 3335 1374 3377 sororem
1398 3323 1433 3377 de

198 3416 361 3471 inventione
371 3416 523 3470 eorundem
535 3424 691 3473 sanctornm
711 3426 872 3488 martyrum.

305 3514 368 3592 130
386 3515 440 3594 De
459 3521 592 3596 sancto
611 3518 844 3600 Theodardo
872 3522 1171 3624 archiepiscopo
1189 3521 1453 3601 Narbonensi*

352 3638 429 3740 (fol.
452 3640 623 3735 'lif-biii).

234 3771 284 3824 lid.
298 3770 362 3824 Act.
376 3771 434 3837 88,
448 3771 482 3825 ad
494 3772 522 3825 d.
536 3775 549 3825 1
563 3774 635 3839 Maii,
650 3776 787 3841 nm.1‚p.
803 3777 904 3831 14156.
917 3777 997 3831 initio
1010 3780 1037 3831 ei
1059 3775 1115 3830 tine
1128 3777 1233 3843 mutila,
1252 3777 1308 3832 inc.
1325 3778 1434 3838 meam·

200 3868 360 3923 vicetiam
371 3868 406 3921 in
416 3869 604 3936 quibusdam
625 3871 782 3926 codicibus
802 3876 890 3940 (num.
912 3878 944 3929 bb
966 3874 1036 3941 ia),
1058 3876 1158 3929 desinit
1179 3877 1286 3932 veroin
1305 3878 1438 3932 verbiset

199 3979 267 4022 non
275 3968 383 4034 peccet
392 3967 551 4022 evidenter
561 3971 648 4034 (num.
661 3972 695 4024 11
707 3971 766 4037 in).

675 4193 967 4203 ——---——
