3316 5482
491 373 586 425 amn.
606 374 690 425 una.
709 373 826 425 ranis.
845 394 890 404 -
906 373 1009 424 cono.
1028 372 1104 437 saco,
1124 372 1199 424 soor.
1397 356 1464 423 403

231 547 351 612 potestas
364 543 421 599 visa
432 549 557 609 estesse,
571 544 696 612 quamvis
707 544 776 598 illud
787 544 999 612 levigamentum
1012 544 1091 610 positi
1104 542 1211 612 alonge
1223 541 1316 610 populi
1327 554 1384 596 non
1397 555 1460 609 pro·

230 645 400 699 meruissent
411 645 521 699 babere.
535 647 600 698 liam
618 646 703 699 aliubi
724 646 810 712 villas,
833 647 998 700 monasteria
1015 645 1108 712 etiarn,
1120 659 1184 699 eum
1197 644 1325 698 omnibus
1337 643 1460 698 animali·

230 745 283 798 bus
293 745 425 812 omnique
437 745 630 813 suppellectili,
644 746 742 800 eadem
755 745 885 800 imbrium
897 746 1090 813 importunitas
1101 746 1198 799 evertit
1219 758 1386 813 onmemque
1410 744 1465 798 iru-

231 846 325 897 ctuum
334 844 688 910 sustentationemeJusdem
697 845 763 897 anni
771 844 805 897 ad
814 844 929 897 nihilum
938 845 1161 912 redegitliratres
1169 845 1261 911 itaque
1268 838 1464 898 cambonensis

200 943 217 994 8
234 943 471 999 monasteriicum
484 943 612 997 omnibus
623 942 657 996 ad
671 943 781 997 eosdem
793 944 993 1010 pertinentibus
1005 944 1035 997 in
1052 956 1149 1011 magna
1163 943 1306 998 securitate
1317 944 1462 998 audientes

234 1040 451 1109 circumquaque
464 1043 544 1108 positi
555 1041 650 1109 populi
665 1056 786 1109 manere,
800 1042 873 1096 unde
887 1042 992 1095 taleeis
1008 1043 1154 1096 accesserit
1166 1040 1293 1096 beneficii
1305 1042 1464 1097 donativum

234 1139 392 1193 accelerant
403 1140 572 1207 perquirere.
587 1141 663 1194 Unde
676 1141 817 1195 venientes
829 1140 863 1194 ad
873 1139 1043 1207 praedictum
1052 1141 1257 1207 monasterium,
1267 1139 1384 1195 audiunt
1395 1140 1468 1208 quod

235 1234 266 1289 in
279 1237 321 1290 sui
335 1238 456 1304 corporis
468 1238 660 1293 honestissima
673 1239 840 1293 revelatione
853 1239 931 1293 beata
943 1239 1049 1292 valeria
1062 1253 1127 1293 suos
1136 1241 1286 1294 servientes
1296 1241 1380 1294 voluit
1391 1240 1468 1308 adju·

235 1349 310 1403 vare,
323 1349 360 1390 ne
369 1335 528 1404 deperirent
539 1339 634 1404 inopia
649 1338 729 1391 damis
740 1351 809 1406 quos
826 1352 934 1405 semper
946 1339 1056 1392 volebat
1067 1352 1127 1392 esse
1139 1340 1355 1406 promptissimos
1368 1341 1396 1392 in
1409 1354 1467 1393 ser-

187 1437 217 1488 l0
234 1433 302 1489 vitio
313 1435 510 1503 Redemptoris.
525 1439 581 1490 llac
593 1437 675 1506 igitur
686 1437 804 1504 populus
815 1438 861 1490 ltei
872 1437 1009 1491 animatus
1022 1436 1131 1504 fidncia,
1142 1442 1170 1492 et
1179 1439 1361 1505 comprobans
1371 1452 1466 1493 verum

234 1534 312 1603 quod
325 1534 379 1589 tide
394 1541 421 1590 et
434 1538 531 1591 merito
544 1543 655 1592 sanctae
667 1537 789 1591 valeriae
802 1542 940 1591 cessasset
950 1537 1034 1591 nimia
1046 1537 1199 1604 pluviarum
1212 1538 1366 1607 inundatio,
1381 1541 1471 1606 coepit

235 1634 418 1701 omnipotenti
434 1638 489 1690 lteo
499 1637 660 1690 innumeras
671 1635 821 1704 gratiarum
834 1636 957 1689 actiones
974 1636 1078 1690 referre
1090 1649 1176 1703 seque
1194 1650 1226 1690 ac
1238 1649 1301 1691 suos
1313 1641 1404 1690 tantae
1417 1638 1470 1690 vir·

235 1733 309 1802 ginis
328 1734 573 1791 intercessionibus
594 1736 796 1803 commendare,
819 1735 919 1788 debinc
941 1735 1056 1804 largitati
1078 1735 1152 1789 illius
1173 1737 1220 1804 qui
1242 1736 1371 1790 omnibus
1384 1737 1473 1790 ailluit

237 1831 320 1885 bonis
332 1836 360 1885 et
371 1831 516 1887 affluenter
525 1833 604 1886 satiat
612 1832 782 1887 desiderium
790 1833 927 1886 bonorum
936 1830 1007 1885 datis
1017 1833 1136 1901 optimis,
1147 1834 1255 1889 beatam
1263 1846 1329 1889 vero
1338 1835 1472 1888 Valeriam

186 1933 220 1985 18
236 1931 387 1999 amplificat
397 1933 574 1987 incrementis
586 1935 726 1998 virtutum,
740 1923 841 2001 quibus
854 1933 955 1987 cotidie
968 1934 1101 1987 exhilarat
1119 1935 1252 1989 mundum
1265 1935 1338 1989 etad
1353 1936 1466 1990 meliora

238 2044 365 2100 quosque
378 2033 483 2100 invitat,
496 2033 596 2101 quibus
609 2038 683 2087 tanta
694 2039 721 2087 et
733 2033 944 2086 innumerabilia
957 2033 1050 2088 videre
1062 2033 1192 2088 virtutum
1204 2035 1280 2102 signa
1293 2033 1389 2089 donat.

788 2131 939 2198 Explicit.

423 2569 645 2673 occidui.
669 2583 793 2671 Godcx
813 2584 1001 2695 signatus
1022 2607 1134 2671 uum.
1162 2580 1285 2669 5366.

276 2810 349 2865 Olim
360 2811 460 2879 Regius
471 2814 502 2865 li.
515 2814 574 2879 aba,
589 2815 618 2866 P.
631 2814 690 2884 511,
706 2814 735 2866 G.
748 2814 823 2866 1181.

279 2910 416 2964 Foliorum
428 2912 470 2977 ab,
482 2911 555 2965 med.
568 2912 770 2978 (cedomi),
785 2912 866 2966 lineis
877 2911 978 2978 plenis,
988 2914 1114 2964 exaratus
1127 2921 1199 2963 saec.
1213 2907 1265 2961 llil.

278 3011 378 3063 Totum
390 3008 511 3063 codicem
524 3011 642 3077 (praeter
654 3012 701 3065 iol.
717 3014 740 3076 1)
752 3012 872 3079 complet

344 3108 429 3187 Vita
446 3110 568 3189 sancti
600 3133 644 3189 ac
675 3110 894 3191 beatissimi
926 3109 1124 3189 Maximini
1151 3107 1306 3188 abbatis
1337 3103 1478 3206 [Micia-

398 3233 549 3336 censis].

281 3365 330 3418 lid.
344 3379 377 3419 ex
390 3367 442 3420 boc
454 3365 548 3420 codice
560 3380 604 3434 ap.
617 3367 755 3431 liabillon,
768 3369 834 3424 dci.
847 3370 893 3425 88.
910 3372 941 3425 0.
954 3370 982 3423 S.
991 3370 1039 3436 8.,
1053 3382 1124 3423 saec.
1138 3371 1158 3435 l,
1172 3383 1200 3435 p.
1212 3369 1316 3422 oct-ol.

423 3776 665 3869 dccxlvii.
685 3779 810 3868 Godox
832 3779 1023 3892 signatus
1044 3806 1157 3872 num.
1179 3781 1306 3870 5367.

283 3984 353 4037 Olim
365 3987 489 4040 coenobii
503 3989 599 4041 liortui
612 3988 701 4056 liaris,
715 3989 817 4043 deinde
829 3990 1004 4044 colbertinus
1019 3992 1092 4058 1681,
1107 3997 1201 4058 postea
1213 3992 1312 4059 liegius
1324 3994 1352 4044 c.
1366 3993 1442 4044 5822.
1455 3992 1481 4057 8,

285 4085 422 4139 Foliorum
435 4090 467 4140 71
477 4088 604 4154 (quorum
624 4089 720 4142 ultima
741 4091 841 4143 misere
861 4091 977 4144 humore
995 4103 1076 4145 exesa
1094 4096 1177 4160 sunt),
1191 4093 1263 4146 med.
1277 4092 1482 4159 (Oeaxida),

248 4185 388 4240 columnis
400 4187 481 4255 binis,
495 4195 622 4243 exaratus
636 4202 708 4243 saec.
723 4192 786 4244 lllll.

353 4285 391 4361 10
408 4286 503 4388 [Vita
521 4289 643 4367 sancti
661 4288 881 4391 Malachiae]
898 4288 975 4388 (iol.
1000 4289 1166 4391 11881*

287 4418 369 4471 Foliis
381 4417 572 4474 deicientibus
584 4421 711 4488 incapite
723 4422 971 4489 codicis‚acepnala
985 4424 1060 4476 inc...
1070 4436 1167 4490 onem,
1177 4422 1301 4476 tandem
1313 4421 1487 4488 aliquando

247 4517 398 4586 patiami
409 4522 554 4586 apertum
567 4522 614 4575 est
624 4524 660 4586 (p.
676 4522 749 4589 loco,
766 4522 815 4574 lin.
829 4521 865 4588 9).
885 4523 1017 4589 sequitur
1028 4522 1085 4589 (iol.
1099 4523 1207 4588 tir-24¹)
1224 4524 1250 4575 S.
1274 4520 1404 4575 Bernardi
1429 4533 1484 4574 ser-

254 4630 300 4673 mo
314 4619 337 4670 ll
350 4618 422 4672 des.
436 4619 576 4673 llalaclria.
