<?xml version="1.0" encoding="UTF-8"?>
<!DOCTYPE html PUBLIC "-//W3C//DTD XHTML 1.0 Transitional//EN"
    "http://www.w3.org/TR/xhtml1/DTD/xhtml1-transitional.dtd">
<html xmlns="http://www.w3.org/1999/xhtml" xml:lang="en" lang="en">
 <head>
  <title>
</title>
<meta http-equiv="Content-Type" content="text/html;charset=utf-8" />
  <meta name='ocr-system' content='tesseract 3.04.00' />
  <meta name='ocr-capabilities' content='ocr_page ocr_carea ocr_par ocr_line ocrx_word'/>
</head>
<body>
  <div class='ocr_page' id='page_1' title='image "./cataloguscodicu02manugoog_0161.png"; bbox 0 0 3278 5482; ppageno 0'>
   <div class='ocr_carea' id='block_1_1' title="bbox 203 314 1086 382">
    <p class='ocr_par' dir='ltr' id='par_1_1' title="bbox 203 314 1086 382">
     <span class='ocr_line' id='line_1_1' title="bbox 203 314 1086 382; baseline -0.005 0"><span class='ocrx_word' id='word_1_1' title='bbox 203 314 268 382; x_wconf 87' lang='lat'><strong>136</strong></span> <span class='ocrx_word' id='word_1_2' title='bbox 545 327 672 378; x_wconf 74' lang='lat' dir='ltr'><strong>curun.</strong></span> <span class='ocrx_word' id='word_1_3' title='bbox 693 327 794 377; x_wconf 87' lang='lat' dir='ltr'><strong>ooun.</strong></span> <span class='ocrx_word' id='word_1_4' title='bbox 813 327 987 378; x_wconf 73' lang='lat' dir='ltr'><strong>nemeen.</strong></span> <span class='ocrx_word' id='word_1_5' title='bbox 1006 328 1086 381; x_wconf 75' lang='lat' dir='ltr'><strong>uun.</strong></span> 
     </span>
    </p>
   </div>
   <div class='ocr_carea' id='block_1_2' title="bbox 186 497 1417 4642">
    <p class='ocr_par' dir='ltr' id='par_1_2' title="bbox 201 497 1416 966">
     <span class='ocr_line' id='line_1_2' title="bbox 235 497 1416 569; baseline 0.003 -14"><span class='ocrx_word' id='word_1_6' title='bbox 235 504 266 555; x_wconf 78' lang='lat'><strong>7.</strong></span> <span class='ocrx_word' id='word_1_7' title='bbox 282 503 412 555; x_wconf 74' lang='lat' dir='ltr'><strong>Defuncto</strong></span> <span class='ocrx_word' id='word_1_8' title='bbox 432 501 541 554; x_wconf 90' lang='lat' dir='ltr'><strong>tandem</strong></span> <span class='ocrx_word' id='word_1_9' title='bbox 560 504 653 552; x_wconf 91' lang='lat' dir='ltr'><strong>sancto</strong></span> <span class='ocrx_word' id='word_1_10' title='bbox 675 500 733 551; x_wconf 81' lang='lat' dir='ltr'><strong>viro</strong></span> <span class='ocrx_word' id='word_1_11' title='bbox 756 497 876 565; x_wconf 75' lang='lat' dir='ltr'><strong>Eugenio</strong></span> <span class='ocrx_word' id='word_1_12' title='bbox 890 497 1058 565; x_wconf 80' lang='lat' dir='ltr'><strong>presbytero,</strong></span> <span class='ocrx_word' id='word_1_13' title='bbox 1073 502 1206 553; x_wconf 79' lang='lat' dir='ltr'><strong>remansit</strong></span> <span class='ocrx_word' id='word_1_14' title='bbox 1220 517 1294 569; x_wconf 90' lang='lat' dir='ltr'><strong>puer</strong></span> <span class='ocrx_word' id='word_1_15' title='bbox 1311 504 1416 559; x_wconf 77' lang='lat' dir='ltr'><strong>liusieiu</strong></span> 
     </span>
     <span class='ocr_line' id='line_1_3' title="bbox 202 582 1415 671; baseline 0.001 -16"><span class='ocrx_word' id='word_1_16' title='bbox 202 601 335 669; x_wconf 78' lang='lat' dir='ltr'><strong>spirituali</strong></span> <span class='ocrx_word' id='word_1_17' title='bbox 354 608 429 667; x_wconf 88' lang='lat' dir='ltr'><strong>patre</strong></span> <span class='ocrx_word' id='word_1_18' title='bbox 442 600 553 654; x_wconf 90' lang='lat' dir='ltr'><strong>orbatus</strong></span> <span class='ocrx_word' id='word_1_19' title='bbox 566 597 699 665; x_wconf 82' lang='lat' dir='ltr'><strong>omnique</strong></span> <span class='ocrx_word' id='word_1_20' title='bbox 716 597 812 651; x_wconf 86' lang='lat' dir='ltr'><strong>solatio</strong></span> <span class='ocrx_word' id='word_1_21' title='bbox 830 596 976 650; x_wconf 90' lang='lat' dir='ltr'><strong>destitutus</strong></span> <span class='ocrx_word' id='word_1_22' title='bbox 994 611 1056 650; x_wconf 86' lang='lat' dir='ltr'><strong>rum</strong></span> <span class='ocrx_word' id='word_1_23' title='bbox 1075 601 1237 664; x_wconf 87' lang='lat' dir='ltr'><strong>parentibus</strong></span> <span class='ocrx_word' id='word_1_24' title='bbox 1249 602 1316 666; x_wconf 84' lang='lat' dir='ltr'><strong>suis,</strong></span> <span class='ocrx_word' id='word_1_25' title='bbox 1328 582 1415 671; x_wconf 79' lang='lat' dir='ltr'><strong>pauper</strong></span> 
     </span>
     <span class='ocr_line' id='line_1_4' title="bbox 203 697 1415 767; baseline 0.002 -13"><span class='ocrx_word' id='word_1_26' title='bbox 203 715 266 754; x_wconf 89' lang='lat' dir='ltr'><strong>curn</strong></span> <span class='ocrx_word' id='word_1_27' title='bbox 287 700 463 766; x_wconf 86' lang='lat' dir='ltr'><strong>pauperibus.</strong></span> <span class='ocrx_word' id='word_1_28' title='bbox 485 702 560 752; x_wconf 87' lang='lat' dir='ltr'><strong>lnter</strong></span> <span class='ocrx_word' id='word_1_29' title='bbox 578 703 657 750; x_wconf 90' lang='lat' dir='ltr'><strong>notos</strong></span> <span class='ocrx_word' id='word_1_30' title='bbox 675 697 757 765; x_wconf 75' lang='lat' dir='ltr'><strong>igitur</strong></span> <span class='ocrx_word' id='word_1_31' title='bbox 777 704 916 763; x_wconf 82' lang='lat' dir='ltr'><strong>tamquam</strong></span> <span class='ocrx_word' id='word_1_32' title='bbox 939 702 1086 751; x_wconf 85' lang='lat' dir='ltr'><strong>extraneus</strong></span> <span class='ocrx_word' id='word_1_33' title='bbox 1110 702 1200 767; x_wconf 87' lang='lat' dir='ltr'><strong>coepit</strong></span> <span class='ocrx_word' id='word_1_34' title='bbox 1226 702 1316 757; x_wconf 87' lang='lat' dir='ltr'><strong>bonae</strong></span> <span class='ocrx_word' id='word_1_35' title='bbox 1332 703 1415 757; x_wconf 76' lang='lat' dir='ltr'><strong>iudeis</strong></span> 
     </span>
     <span class='ocr_line' id='line_1_5' title="bbox 203 794 1415 865; baseline 0.002 -13"><span class='ocrx_word' id='word_1_36' title='bbox 203 799 365 852; x_wconf 79' lang='lat' dir='ltr'>adulescens</span> <span class='ocrx_word' id='word_1_37' title='bbox 377 811 447 859; x_wconf 87' lang='lat' dir='ltr'><strong>esse,</strong></span> <span class='ocrx_word' id='word_1_38' title='bbox 461 809 558 849; x_wconf 90' lang='lat' dir='ltr'><strong>omncs</strong></span> <span class='ocrx_word' id='word_1_39' title='bbox 570 797 597 847; x_wconf 94' lang='lat' dir='ltr'><strong>in</strong></span> <span class='ocrx_word' id='word_1_40' title='bbox 617 795 721 847; x_wconf 84' lang='lat' dir='ltr'><strong>l&#39;lrristo</strong></span> <span class='ocrx_word' id='word_1_41' title='bbox 734 794 860 862; x_wconf 82' lang='lat' dir='ltr'><strong>diligens,</strong></span> <span class='ocrx_word' id='word_1_42' title='bbox 873 795 1012 848; x_wconf 91' lang='lat' dir='ltr'><strong>neminem</strong></span> <span class='ocrx_word' id='word_1_43' title='bbox 1025 796 1213 865; x_wconf 85' lang='lat' dir='ltr'><strong>babensodio,</strong></span> <span class='ocrx_word' id='word_1_44' title='bbox 1226 814 1348 854; x_wconf 88' lang='lat' dir='ltr'><strong>summae</strong></span> <span class='ocrx_word' id='word_1_45' title='bbox 1363 800 1415 855; x_wconf 77' lang='lat' dir='ltr'><strong>oei·</strong></span> 
     </span>
     <span class='ocr_line' id='line_1_6' title="bbox 201 894 1412 966; baseline 0.002 -14"><span class='ocrx_word' id='word_1_46' title='bbox 201 900 248 952; x_wconf 87' lang='lat' dir='ltr'><strong>tuti</strong></span> <span class='ocrx_word' id='word_1_47' title='bbox 267 899 371 959; x_wconf 77' lang='lat' dir='ltr'><strong>favens,</strong></span> <span class='ocrx_word' id='word_1_48' title='bbox 385 897 486 951; x_wconf 89' lang='lat' dir='ltr'><strong>malitia</strong></span> <span class='ocrx_word' id='word_1_49' title='bbox 499 909 606 955; x_wconf 84' lang='lat' dir='ltr'><strong>carens,</strong></span> <span class='ocrx_word' id='word_1_50' title='bbox 619 897 674 947; x_wconf 81' lang='lat' dir='ltr'><strong>lieo</strong></span> <span class='ocrx_word' id='word_1_51' title='bbox 687 908 735 960; x_wconf 89' lang='lat' dir='ltr'><strong>per</strong></span> <span class='ocrx_word' id='word_1_52' title='bbox 753 894 845 947; x_wconf 90' lang='lat' dir='ltr'><strong>emnia</strong></span> <span class='ocrx_word' id='word_1_53' title='bbox 868 896 1001 956; x_wconf 85' lang='lat' dir='ltr'><strong>serviens,</strong></span> <span class='ocrx_word' id='word_1_54' title='bbox 1015 898 1155 949; x_wconf 86' lang='lat' dir='ltr'><strong>mundana</strong></span> <span class='ocrx_word' id='word_1_55' title='bbox 1173 912 1320 966; x_wconf 85' lang='lat' dir='ltr'><strong>spernens,</strong></span> <span class='ocrx_word' id='word_1_56' title='bbox 1338 900 1412 955; x_wconf 79' lang='lat' dir='ltr'><strong>berle·</strong></span> 
     </span>
    </p>

    <p class='ocr_par' dir='ltr' id='par_1_3' title="bbox 186 973 1417 3052">
     <span class='ocr_line' id='line_1_7' title="bbox 186 973 1414 1070; baseline 0.001 -18"><span class='ocrx_word' id='word_1_57' title='bbox 186 1000 258 1070; x_wconf 31' lang='lat' dir='ltr'><strong>,siae</strong></span> <span class='ocrx_word' id='word_1_58' title='bbox 281 1003 391 1051; x_wconf 86' lang='lat' dir='ltr'><strong>sanctae</strong></span> <span class='ocrx_word' id='word_1_59' title='bbox 410 997 541 1050; x_wconf 78' lang='lat' dir='ltr'><strong>ministris</strong></span> <span class='ocrx_word' id='word_1_60' title='bbox 558 996 655 1048; x_wconf 78' lang='lat' dir='ltr'><strong>deuote</strong></span> <span class='ocrx_word' id='word_1_61' title='bbox 673 973 833 1047; x_wconf 86' lang='lat' dir='ltr'><strong>oboediens.</strong></span> <span class='ocrx_word' id='word_1_62' title='bbox 856 995 927 1047; x_wconf 86' lang='lat' dir='ltr'><strong>Patri</strong></span> <span class='ocrx_word' id='word_1_63' title='bbox 947 1008 1057 1063; x_wconf 81' lang='lat' dir='ltr'><strong>quoque</strong></span> <span class='ocrx_word' id='word_1_64' title='bbox 1075 1003 1103 1049; x_wconf 89' lang='lat' dir='ltr'><strong>et</strong></span> <span class='ocrx_word' id='word_1_65' title='bbox 1122 997 1203 1051; x_wconf 88' lang='lat' dir='ltr'><strong>matri</strong></span> <span class='ocrx_word' id='word_1_66' title='bbox 1213 1011 1280 1052; x_wconf 90' lang='lat' dir='ltr'><strong>suae</strong></span> <span class='ocrx_word' id='word_1_67' title='bbox 1299 998 1414 1067; x_wconf 78' lang='lat' dir='ltr'><strong>quiequd</strong></span> 
     </span>
     <span class='ocr_line' id='line_1_8' title="bbox 202 1093 1417 1163; baseline 0.001 -12"><span class='ocrx_word' id='word_1_68' title='bbox 202 1098 327 1153; x_wconf 80' lang='lat' dir='ltr'><strong>invenire</strong></span> <span class='ocrx_word' id='word_1_69' title='bbox 341 1103 444 1163; x_wconf 89' lang='lat' dir='ltr'><strong>poterat</strong></span> <span class='ocrx_word' id='word_1_70' title='bbox 466 1095 647 1148; x_wconf 89' lang='lat' dir='ltr'><strong>ministrabat.</strong></span> <span class='ocrx_word' id='word_1_71' title='bbox 661 1096 725 1146; x_wconf 80' lang='lat' dir='ltr'><strong>Erat</strong></span> <span class='ocrx_word' id='word_1_72' title='bbox 740 1098 831 1145; x_wconf 87' lang='lat' dir='ltr'><strong>autem</strong></span> <span class='ocrx_word' id='word_1_73' title='bbox 850 1105 907 1146; x_wconf 93' lang='lat' dir='ltr'><strong>nou</strong></span> <span class='ocrx_word' id='word_1_74' title='bbox 925 1093 1005 1162; x_wconf 68' lang='lat' dir='ltr'><strong>longe</strong></span> <span class='ocrx_word' id='word_1_75' title='bbox 1023 1094 1057 1147; x_wconf 90' lang='lat' dir='ltr'><strong>ab</strong></span> <span class='ocrx_word' id='word_1_76' title='bbox 1076 1096 1224 1162; x_wconf 85' lang='lat' dir='ltr'><strong>hospitiolo</strong></span> <span class='ocrx_word' id='word_1_77' title='bbox 1241 1111 1292 1152; x_wconf 86' lang='lat' dir='ltr'><strong>suo</strong></span> <span class='ocrx_word' id='word_1_78' title='bbox 1308 1098 1417 1152; x_wconf 70' lang='lat' dir='ltr'><strong>convica·</strong></span> 
     </span>
     <span class='ocr_line' id='line_1_9' title="bbox 203 1190 1412 1264; baseline 0 -14"><span class='ocrx_word' id='word_1_79' title='bbox 203 1211 271 1251; x_wconf 89' lang='lat' dir='ltr'><strong>neus</strong></span> <span class='ocrx_word' id='word_1_80' title='bbox 284 1196 396 1264; x_wconf 78' lang='lat' dir='ltr'><strong>quidam</strong></span> <span class='ocrx_word' id='word_1_81' title='bbox 414 1194 492 1248; x_wconf 81' lang='lat' dir='ltr'><strong>valde</strong></span> <span class='ocrx_word' id='word_1_82' title='bbox 511 1194 641 1261; x_wconf 78' lang='lat' dir='ltr'><strong>locuples,</strong></span> <span class='ocrx_word' id='word_1_83' title='bbox 658 1193 736 1259; x_wconf 90' lang='lat' dir='ltr'><strong>cnjus</strong></span> <span class='ocrx_word' id='word_1_84' title='bbox 754 1192 853 1244; x_wconf 93' lang='lat' dir='ltr'><strong>unicus</strong></span> <span class='ocrx_word' id='word_1_85' title='bbox 874 1190 946 1244; x_wconf 86' lang='lat' dir='ltr'><strong>tilius</strong></span> <span class='ocrx_word' id='word_1_86' title='bbox 964 1192 1127 1247; x_wconf 88' lang='lat' dir='ltr'><strong>adacmone</strong></span> <span class='ocrx_word' id='word_1_87' title='bbox 1145 1201 1206 1248; x_wconf 87' lang='lat' dir='ltr'><strong>erat</strong></span> <span class='ocrx_word' id='word_1_88' title='bbox 1223 1197 1412 1264; x_wconf 76' lang='lat' dir='ltr'><strong>obsessus:qe</strong></span> 
     </span>
     <span class='ocr_line' id='line_1_10' title="bbox 203 1290 1417 1363; baseline -0.001 -13"><span class='ocrx_word' id='word_1_89' title='bbox 203 1297 284 1350; x_wconf 85' lang='lat' dir='ltr'><strong>etiam</strong></span> <span class='ocrx_word' id='word_1_90' title='bbox 305 1298 334 1349; x_wconf 93' lang='lat' dir='ltr'><strong>in</strong></span> <span class='ocrx_word' id='word_1_91' title='bbox 349 1295 464 1348; x_wconf 83' lang='lat' dir='ltr'><strong>vinculis</strong></span> <span class='ocrx_word' id='word_1_92' title='bbox 487 1293 631 1346; x_wconf 86' lang='lat' dir='ltr'><strong>tenebatur</strong></span> <span class='ocrx_word' id='word_1_93' title='bbox 651 1305 685 1344; x_wconf 88' lang='lat' dir='ltr'><strong>ne</strong></span> <span class='ocrx_word' id='word_1_94' title='bbox 706 1304 775 1358; x_wconf 85' lang='lat' dir='ltr'><strong>quos</strong></span> <span class='ocrx_word' id='word_1_95' title='bbox 792 1290 897 1344; x_wconf 80' lang='lat' dir='ltr'><strong>rideret</strong></span> <span class='ocrx_word' id='word_1_96' title='bbox 915 1292 1024 1345; x_wconf 84' lang='lat' dir='ltr'><strong>laedere</strong></span> <span class='ocrx_word' id='word_1_97' title='bbox 1042 1298 1143 1358; x_wconf 85' lang='lat' dir='ltr'><strong>posset.</strong></span> <span class='ocrx_word' id='word_1_98' title='bbox 1158 1295 1207 1348; x_wconf 94' lang='lat' dir='ltr'><strong>llie</strong></span> <span class='ocrx_word' id='word_1_99' title='bbox 1224 1294 1316 1362; x_wconf 84' lang='lat' dir='ltr'><strong>itaque</strong></span> <span class='ocrx_word' id='word_1_100' title='bbox 1333 1294 1417 1363; x_wconf 84' lang='lat' dir='ltr'><strong>spiritu</strong></span> 
     </span>
     <span class='ocr_line' id='line_1_11' title="bbox 203 1392 1417 1463; baseline -0.001 -14"><span class='ocrx_word' id='word_1_101' title='bbox 203 1396 371 1463; x_wconf 80' lang='lat' dir='ltr'><strong>nequissimo</strong></span> <span class='ocrx_word' id='word_1_102' title='bbox 382 1396 416 1447; x_wconf 85' lang='lat' dir='ltr'><strong>ita</strong></span> <span class='ocrx_word' id='word_1_103' title='bbox 435 1394 587 1463; x_wconf 73' lang='lat' dir='ltr'><strong>agitabatur</strong></span> <span class='ocrx_word' id='word_1_104' title='bbox 603 1397 633 1445; x_wconf 87' lang='lat' dir='ltr'><strong>ut</strong></span> <span class='ocrx_word' id='word_1_105' title='bbox 645 1392 742 1444; x_wconf 89' lang='lat' dir='ltr'><strong>diebus</strong></span> <span class='ocrx_word' id='word_1_106' title='bbox 755 1392 915 1445; x_wconf 82' lang='lat' dir='ltr'><strong>noctibusre</strong></span> <span class='ocrx_word' id='word_1_107' title='bbox 933 1392 1045 1445; x_wconf 79' lang='lat' dir='ltr'><strong>vocibus</strong></span> <span class='ocrx_word' id='word_1_108' title='bbox 1063 1394 1128 1447; x_wconf 88' lang='lat' dir='ltr'><strong>satis</strong></span> <span class='ocrx_word' id='word_1_109' title='bbox 1146 1395 1292 1448; x_wconf 86' lang='lat' dir='ltr'><strong>horrendis</strong></span> <span class='ocrx_word' id='word_1_110' title='bbox 1308 1396 1417 1449; x_wconf 79' lang='lat' dir='ltr'><strong>clamue</strong></span> 
     </span>
     <span class='ocr_line' id='line_1_12' title="bbox 203 1490 1417 1561; baseline -0.002 -13"><span class='ocrx_word' id='word_1_111' title='bbox 203 1510 258 1549; x_wconf 93' lang='lat' dir='ltr'><strong>non</strong></span> <span class='ocrx_word' id='word_1_112' title='bbox 270 1495 435 1561; x_wconf 88' lang='lat' dir='ltr'><strong>desisterct;</strong></span> <span class='ocrx_word' id='word_1_113' title='bbox 446 1500 477 1549; x_wconf 89' lang='lat' dir='ltr'><strong>et</strong></span> <span class='ocrx_word' id='word_1_114' title='bbox 490 1492 570 1545; x_wconf 89' lang='lat' dir='ltr'><strong>modo</strong></span> <span class='ocrx_word' id='word_1_115' title='bbox 589 1492 700 1558; x_wconf 84' lang='lat' dir='ltr'><strong>quidem</strong></span> <span class='ocrx_word' id='word_1_116' title='bbox 712 1495 742 1543; x_wconf 91' lang='lat' dir='ltr'><strong>ut</strong></span> <span class='ocrx_word' id='word_1_117' title='bbox 759 1491 841 1556; x_wconf 92' lang='lat' dir='ltr'><strong>lupus</strong></span> <span class='ocrx_word' id='word_1_118' title='bbox 853 1490 985 1555; x_wconf 82' lang='lat' dir='ltr'><strong>ululabat,</strong></span> <span class='ocrx_word' id='word_1_119' title='bbox 999 1493 1160 1546; x_wconf 71' lang='lat' dir='ltr'><strong>moderere</strong></span> <span class='ocrx_word' id='word_1_120' title='bbox 1172 1499 1203 1546; x_wconf 90' lang='lat' dir='ltr'><strong>ut</strong></span> <span class='ocrx_word' id='word_1_121' title='bbox 1214 1493 1291 1548; x_wconf 87' lang='lat' dir='ltr'><strong>canis</strong></span> <span class='ocrx_word' id='word_1_122' title='bbox 1304 1494 1417 1555; x_wconf 82' lang='lat' dir='ltr'><strong>latrabat,</strong></span> 
     </span>
     <span class='ocr_line' id='line_1_13' title="bbox 203 1590 1417 1661; baseline -0.003 -12"><span class='ocrx_word' id='word_1_123' title='bbox 203 1600 230 1649; x_wconf 86' lang='lat' dir='ltr'><strong>et</strong></span> <span class='ocrx_word' id='word_1_124' title='bbox 240 1594 364 1649; x_wconf 89' lang='lat' dir='ltr'><strong>omnium</strong></span> <span class='ocrx_word' id='word_1_125' title='bbox 376 1607 472 1646; x_wconf 82' lang='lat' dir='ltr'><strong>vocum</strong></span> <span class='ocrx_word' id='word_1_126' title='bbox 491 1591 595 1659; x_wconf 90' lang='lat' dir='ltr'><strong>speeies</strong></span> <span class='ocrx_word' id='word_1_127' title='bbox 611 1604 660 1656; x_wconf 88' lang='lat' dir='ltr'><strong>per</strong></span> <span class='ocrx_word' id='word_1_128' title='bbox 674 1603 797 1643; x_wconf 89' lang='lat' dir='ltr'><strong>ossuum</strong></span> <span class='ocrx_word' id='word_1_129' title='bbox 816 1590 964 1644; x_wconf 83' lang='lat' dir='ltr'><strong>emittebat.</strong></span> <span class='ocrx_word' id='word_1_130' title='bbox 978 1592 1095 1660; x_wconf 78' lang='lat' dir='ltr'><strong>contigit</strong></span> <span class='ocrx_word' id='word_1_131' title='bbox 1112 1605 1177 1647; x_wconf 83' lang='lat' dir='ltr'><strong>rere</strong></span> <span class='ocrx_word' id='word_1_132' title='bbox 1194 1598 1226 1646; x_wconf 92' lang='lat' dir='ltr'><strong>ut</strong></span> <span class='ocrx_word' id='word_1_133' title='bbox 1236 1592 1349 1661; x_wconf 84' lang='lat' dir='ltr'><strong>quadarn</strong></span> <span class='ocrx_word' id='word_1_134' title='bbox 1364 1592 1417 1655; x_wconf 89' lang='lat' dir='ltr'><strong>die,</strong></span> 
     </span>
     <span class='ocr_line' id='line_1_14' title="bbox 204 1689 1415 1759; baseline -0.001 -14"><span class='ocrx_word' id='word_1_135' title='bbox 204 1694 274 1746; x_wconf 89' lang='lat' dir='ltr'><strong>sicut</strong></span> <span class='ocrx_word' id='word_1_136' title='bbox 294 1696 481 1755; x_wconf 84' lang='lat' dir='ltr'><strong>consueverat,</strong></span> <span class='ocrx_word' id='word_1_137' title='bbox 495 1704 562 1756; x_wconf 85' lang='lat' dir='ltr'><strong>puer</strong></span> <span class='ocrx_word' id='word_1_138' title='bbox 579 1689 704 1744; x_wconf 84' lang='lat' dir='ltr'><strong>Eusiclus</strong></span> <span class='ocrx_word' id='word_1_139' title='bbox 726 1690 776 1741; x_wconf 87' lang='lat' dir='ltr'><strong>iret</strong></span> <span class='ocrx_word' id='word_1_140' title='bbox 802 1689 835 1742; x_wconf 86' lang='lat' dir='ltr'><strong>ad</strong></span> <span class='ocrx_word' id='word_1_141' title='bbox 854 1689 958 1757; x_wconf 82' lang='lat' dir='ltr'><strong>siluam,</strong></span> <span class='ocrx_word' id='word_1_142' title='bbox 977 1694 1008 1742; x_wconf 89' lang='lat' dir='ltr'><strong>ut</strong></span> <span class='ocrx_word' id='word_1_143' title='bbox 1025 1689 1089 1743; x_wconf 91' lang='lat' dir='ltr'><strong>inde</strong></span> <span class='ocrx_word' id='word_1_144' title='bbox 1111 1690 1184 1759; x_wconf 79' lang='lat' dir='ltr'><strong>ligna</strong></span> <span class='ocrx_word' id='word_1_145' title='bbox 1207 1691 1282 1747; x_wconf 87' lang='lat' dir='ltr'><strong>dorni</strong></span> <span class='ocrx_word' id='word_1_146' title='bbox 1300 1691 1415 1745; x_wconf 80' lang='lat' dir='ltr'><strong>deterret.</strong></span> 
     </span>
     <span class='ocr_line' id='line_1_15' title="bbox 204 1788 1417 1859; baseline -0.001 -13"><span class='ocrx_word' id='word_1_147' title='bbox 204 1795 327 1859; x_wconf 85' lang='lat' dir='ltr'><strong>Cumque</strong></span> <span class='ocrx_word' id='word_1_148' title='bbox 339 1798 401 1845; x_wconf 88' lang='lat' dir='ltr'><strong>ante</strong></span> <span class='ocrx_word' id='word_1_149' title='bbox 413 1792 512 1844; x_wconf 90' lang='lat' dir='ltr'><strong>ostium</strong></span> <span class='ocrx_word' id='word_1_150' title='bbox 525 1791 621 1844; x_wconf 88' lang='lat' dir='ltr'><strong>domus</strong></span> <span class='ocrx_word' id='word_1_151' title='bbox 639 1788 688 1845; x_wconf 81' lang='lat' dir='ltr'><strong>ulti</strong></span> <span class='ocrx_word' id='word_1_152' title='bbox 702 1788 897 1843; x_wconf 87' lang='lat' dir='ltr'><strong>daemoniacus</strong></span> <span class='ocrx_word' id='word_1_153' title='bbox 909 1796 967 1842; x_wconf 90' lang='lat' dir='ltr'><strong>erat</strong></span> <span class='ocrx_word' id='word_1_154' title='bbox 980 1791 1109 1844; x_wconf 88' lang='lat' dir='ltr'><strong>transiret</strong></span> <span class='ocrx_word' id='word_1_155' title='bbox 1126 1797 1153 1844; x_wconf 90' lang='lat' dir='ltr'><strong>et</strong></span> <span class='ocrx_word' id='word_1_156' title='bbox 1165 1792 1274 1846; x_wconf 87' lang='lat' dir='ltr'><strong>audiret</strong></span> <span class='ocrx_word' id='word_1_157' title='bbox 1290 1792 1357 1845; x_wconf 88' lang='lat' dir='ltr'><strong>illum</strong></span> <span class='ocrx_word' id='word_1_158' title='bbox 1366 1790 1417 1845; x_wconf 80' lang='lat' dir='ltr'><strong>cla·</strong></span> 
     </span>
     <span class='ocr_line' id='line_1_16' title="bbox 205 1890 1417 1959; baseline -0.002 -14"><span class='ocrx_word' id='word_1_159' title='bbox 205 1897 326 1946; x_wconf 88' lang='lat' dir='ltr'><strong>mantem</strong></span> <span class='ocrx_word' id='word_1_160' title='bbox 345 1898 371 1945; x_wconf 91' lang='lat' dir='ltr'><strong>et</strong></span> <span class='ocrx_word' id='word_1_161' title='bbox 389 1891 593 1955; x_wconf 77' lang='lat' dir='ltr'><strong>vociferantem,</strong></span> <span class='ocrx_word' id='word_1_162' title='bbox 608 1890 780 1958; x_wconf 75' lang='lat' dir='ltr'><strong>interrogavit</strong></span> <span class='ocrx_word' id='word_1_163' title='bbox 800 1903 886 1942; x_wconf 91' lang='lat' dir='ltr'><strong>unum</strong></span> <span class='ocrx_word' id='word_1_164' title='bbox 907 1890 942 1942; x_wconf 93' lang='lat' dir='ltr'><strong>dc</strong></span> <span class='ocrx_word' id='word_1_165' title='bbox 964 1890 1066 1942; x_wconf 90' lang='lat' dir='ltr'><strong>lamilia</strong></span> <span class='ocrx_word' id='word_1_166' title='bbox 1087 1890 1185 1944; x_wconf 90' lang='lat' dir='ltr'><strong>domus</strong></span> <span class='ocrx_word' id='word_1_167' title='bbox 1207 1892 1281 1945; x_wconf 91' lang='lat' dir='ltr'><strong>illius</strong></span> <span class='ocrx_word' id='word_1_168' title='bbox 1297 1890 1354 1959; x_wconf 88' lang='lat' dir='ltr'><strong>quid</strong></span> <span class='ocrx_word' id='word_1_169' title='bbox 1367 1891 1417 1943; x_wconf 74' lang='lat' dir='ltr'><strong>boe</strong></span> 
     </span>
     <span class='ocr_line' id='line_1_17' title="bbox 203 1988 1414 2057; baseline -0.003 -12"><span class='ocrx_word' id='word_1_170' title='bbox 203 1998 285 2046; x_wconf 88' lang='lat' dir='ltr'><strong>esset.</strong></span> <span class='ocrx_word' id='word_1_171' title='bbox 298 1992 345 2044; x_wconf 88' lang='lat' dir='ltr'><strong>cui</strong></span> <span class='ocrx_word' id='word_1_172' title='bbox 358 1991 404 2043; x_wconf 88' lang='lat' dir='ltr'><strong>illc</strong></span> <span class='ocrx_word' id='word_1_173' title='bbox 417 1990 574 2057; x_wconf 89' lang='lat' dir='ltr'><strong>respondit:</strong></span> <span class='ocrx_word' id='word_1_174' title='bbox 594 1989 706 2044; x_wconf 76' lang='lat' dir='ltr'><strong>Unicus</strong></span> <span class='ocrx_word' id='word_1_175' title='bbox 718 1989 838 2043; x_wconf 81' lang='lat' dir='ltr'><strong>domini</strong></span> <span class='ocrx_word' id='word_1_176' title='bbox 853 1988 916 2043; x_wconf 86' lang='lat' dir='ltr'><strong>mei</strong></span> <span class='ocrx_word' id='word_1_177' title='bbox 931 1988 1022 2056; x_wconf 78' lang='lat' dir='ltr'><strong>filies</strong></span> <span class='ocrx_word' id='word_1_178' title='bbox 1033 1991 1087 2055; x_wconf 82' lang='lat' dir='ltr'><strong>est,</strong></span> <span class='ocrx_word' id='word_1_179' title='bbox 1102 1990 1166 2057; x_wconf 77' lang='lat' dir='ltr'><strong>qui,</strong></span> <span class='ocrx_word' id='word_1_180' title='bbox 1182 1990 1267 2045; x_wconf 81' lang='lat' dir='ltr'><strong>sicut</strong></span> <span class='ocrx_word' id='word_1_181' title='bbox 1282 2002 1414 2044; x_wconf 67' lang='lat' dir='ltr'><strong>euincere</strong></span> 
     </span>
     <span class='ocr_line' id='line_1_18' title="bbox 202 2086 1408 2155; baseline -0.005 -13"><span class='ocrx_word' id='word_1_182' title='bbox 202 2089 261 2155; x_wconf 81' lang='lat' dir='ltr'><strong>dis,</strong></span> <span class='ocrx_word' id='word_1_183' title='bbox 272 2088 318 2142; x_wconf 85' lang='lat' dir='ltr'><strong>ite</strong></span> <span class='ocrx_word' id='word_1_184' title='bbox 330 2089 387 2141; x_wconf 78' lang='lat' dir='ltr'><strong>dia</strong></span> <span class='ocrx_word' id='word_1_185' title='bbox 404 2090 557 2155; x_wconf 81' lang='lat' dir='ltr'><strong>noctuque</strong></span> <span class='ocrx_word' id='word_1_186' title='bbox 567 2090 708 2141; x_wconf 75' lang='lat' dir='ltr'><strong>eleazare</strong></span> <span class='ocrx_word' id='word_1_187' title='bbox 719 2100 779 2141; x_wconf 81' lang='lat' dir='ltr'><strong>nou</strong></span> <span class='ocrx_word' id='word_1_188' title='bbox 793 2091 903 2142; x_wconf 79' lang='lat' dir='ltr'><strong>cesset.</strong></span> <span class='ocrx_word' id='word_1_189' title='bbox 912 2087 1032 2141; x_wconf 71' lang='lat' dir='ltr'><strong>Nullum</strong></span> <span class='ocrx_word' id='word_1_190' title='bbox 1042 2087 1086 2140; x_wconf 80' lang='lat' dir='ltr'><strong>eet</strong></span> <span class='ocrx_word' id='word_1_191' title='bbox 1096 2100 1167 2141; x_wconf 82' lang='lat' dir='ltr'><strong>eum</strong></span> <span class='ocrx_word' id='word_1_192' title='bbox 1187 2088 1310 2143; x_wconf 81' lang='lat' dir='ltr'><strong>intrare</strong></span> <span class='ocrx_word' id='word_1_193' title='bbox 1320 2086 1408 2141; x_wconf 68' lang='lat' dir='ltr'><strong>aude.</strong></span> 
     </span>
     <span class='ocr_line' id='line_1_19' title="bbox 200 2185 1414 2255; baseline -0.002 -13"><span class='ocrx_word' id='word_1_194' title='bbox 200 2190 257 2242; x_wconf 78' lang='lat' dir='ltr'><strong>Sed</strong></span> <span class='ocrx_word' id='word_1_195' title='bbox 274 2192 303 2241; x_wconf 87' lang='lat' dir='ltr'><strong>et</strong></span> <span class='ocrx_word' id='word_1_196' title='bbox 313 2189 343 2241; x_wconf 82' lang='lat' dir='ltr'><strong>ei</strong></span> <span class='ocrx_word' id='word_1_197' title='bbox 354 2189 423 2255; x_wconf 80' lang='lat' dir='ltr'><strong>quis</strong></span> <span class='ocrx_word' id='word_1_198' title='bbox 435 2200 541 2243; x_wconf 83' lang='lat' dir='ltr'><strong>eorem</strong></span> <span class='ocrx_word' id='word_1_199' title='bbox 552 2201 587 2242; x_wconf 89' lang='lat' dir='ltr'><strong>eo</strong></span> <span class='ocrx_word' id='word_1_200' title='bbox 598 2188 717 2241; x_wconf 80' lang='lat' dir='ltr'><strong>venerit</strong></span> <span class='ocrx_word' id='word_1_201' title='bbox 728 2188 867 2254; x_wconf 66' lang='lat' dir='ltr'><strong>clicerius</strong></span> <span class='ocrx_word' id='word_1_202' title='bbox 873 2188 998 2255; x_wconf 81' lang='lat' dir='ltr'><strong>peccati</strong></span> <span class='ocrx_word' id='word_1_203' title='bbox 1017 2188 1066 2239; x_wconf 85' lang='lat' dir='ltr'><strong>eet</strong></span> <span class='ocrx_word' id='word_1_204' title='bbox 1079 2190 1190 2242; x_wconf 79' lang='lat' dir='ltr'><strong>reatus</strong></span> <span class='ocrx_word' id='word_1_205' title='bbox 1209 2189 1353 2255; x_wconf 68' lang='lat' dir='ltr'><strong>meina,</strong></span> <span class='ocrx_word' id='word_1_206' title='bbox 1363 2185 1414 2239; x_wconf 85' lang='lat' dir='ltr'><strong>ille</strong></span> 
     </span>
     <span class='ocr_line' id='line_1_20' title="bbox 200 2284 1413 2355; baseline -0.002 -13"><span class='ocrx_word' id='word_1_207' title='bbox 200 2288 308 2342; x_wconf 81' lang='lat' dir='ltr'><strong>stetim</strong></span> <span class='ocrx_word' id='word_1_208' title='bbox 329 2287 435 2341; x_wconf 82' lang='lat' dir='ltr'><strong>omnia</strong></span> <span class='ocrx_word' id='word_1_209' title='bbox 451 2287 518 2351; x_wconf 79' lang='lat' dir='ltr'><strong>eiua</strong></span> <span class='ocrx_word' id='word_1_210' title='bbox 535 2288 656 2340; x_wconf 79' lang='lat' dir='ltr'><strong>occulte</strong></span> <span class='ocrx_word' id='word_1_211' title='bbox 672 2288 785 2354; x_wconf 80' lang='lat' dir='ltr'><strong>pelam</strong></span> <span class='ocrx_word' id='word_1_212' title='bbox 807 2286 947 2341; x_wconf 74' lang='lat' dir='ltr'><strong>omnibus</strong></span> <span class='ocrx_word' id='word_1_213' title='bbox 964 2284 1160 2355; x_wconf 80' lang='lat' dir='ltr'><strong>uterr&#39;sestat.</strong></span> <span class='ocrx_word' id='word_1_214' title='bbox 1178 2288 1255 2352; x_wconf 80' lang='lat' dir='ltr'><strong>Quod</strong></span> <span class='ocrx_word' id='word_1_215' title='bbox 1277 2300 1336 2341; x_wconf 87' lang='lat' dir='ltr'><strong>eum</strong></span> <span class='ocrx_word' id='word_1_216' title='bbox 1354 2296 1413 2353; x_wconf 82' lang='lat' dir='ltr'><strong>puer</strong></span> 
     </span>
     <span class='ocr_line' id='line_1_21' title="bbox 201 2380 1411 2451; baseline -0.004 -10"><span class='ocrx_word' id='word_1_217' title='bbox 201 2394 311 2442; x_wconf 87' lang='lat' dir='ltr'><strong>sanctus</strong></span> <span class='ocrx_word' id='word_1_218' title='bbox 331 2388 455 2441; x_wconf 86' lang='lat' dir='ltr'><strong>Eusirius</strong></span> <span class='ocrx_word' id='word_1_219' title='bbox 475 2388 606 2451; x_wconf 83' lang='lat' dir='ltr'><strong>audisset,</strong></span> <span class='ocrx_word' id='word_1_220' title='bbox 626 2388 723 2441; x_wconf 80' lang='lat' dir='ltr'><strong>vexillo</strong></span> <span class='ocrx_word' id='word_1_221' title='bbox 745 2388 833 2440; x_wconf 91' lang='lat' dir='ltr'><strong>erucis</strong></span> <span class='ocrx_word' id='word_1_222' title='bbox 854 2393 976 2440; x_wconf 88' lang='lat' dir='ltr'><strong>armatus</strong></span> <span class='ocrx_word' id='word_1_223' title='bbox 994 2388 1122 2451; x_wconf 82' lang='lat' dir='ltr'><strong>frontem,</strong></span> <span class='ocrx_word' id='word_1_224' title='bbox 1142 2400 1256 2441; x_wconf 89' lang='lat' dir='ltr'><strong>securus</strong></span> <span class='ocrx_word' id='word_1_225' title='bbox 1268 2380 1411 2440; x_wconf 84' lang='lat' dir='ltr'><strong>intraritad</strong></span> 
     </span>
     <span class='ocr_line' id='line_1_22' title="bbox 201 2487 1412 2551; baseline -0.002 -9"><span class='ocrx_word' id='word_1_226' title='bbox 201 2503 274 2543; x_wconf 88' lang='lat' dir='ltr'><strong>oum.</strong></span> <span class='ocrx_word' id='word_1_227' title='bbox 288 2490 345 2551; x_wconf 84' lang='lat' dir='ltr'><strong>Quo</strong></span> <span class='ocrx_word' id='word_1_228' title='bbox 362 2489 428 2551; x_wconf 78' lang='lat' dir='ltr'><strong>riso,</strong></span> <span class='ocrx_word' id='word_1_229' title='bbox 443 2488 638 2541; x_wconf 85' lang='lat' dir='ltr'><strong>daemoniacus</strong></span> <span class='ocrx_word' id='word_1_230' title='bbox 649 2488 792 2540; x_wconf 78' lang='lat' dir='ltr'><strong>confestim</strong></span> <span class='ocrx_word' id='word_1_231' title='bbox 802 2488 946 2541; x_wconf 92' lang='lat' dir='ltr'><strong>obmutuit.</strong></span> <span class='ocrx_word' id='word_1_232' title='bbox 964 2487 1030 2541; x_wconf 82' lang='lat' dir='ltr'><strong>Dicit</strong></span> <span class='ocrx_word' id='word_1_233' title='bbox 1042 2488 1076 2540; x_wconf 86' lang='lat' dir='ltr'><strong>ad</strong></span> <span class='ocrx_word' id='word_1_234' title='bbox 1088 2501 1153 2541; x_wconf 91' lang='lat' dir='ltr'><strong>eum</strong></span> <span class='ocrx_word' id='word_1_235' title='bbox 1167 2488 1291 2541; x_wconf 78' lang='lat' dir='ltr'><strong>Eusieius</strong></span> <span class='ocrx_word' id='word_1_236' title='bbox 1303 2502 1311 2539; x_wconf 72' lang='grc' dir='ltr'>ε</span> <span class='ocrx_word' id='word_1_237' title='bbox 1325 2488 1412 2547; x_wconf 77' lang='lat' dir='ltr'><strong>oreore</strong></span> 
     </span>
     <span class='ocr_line' id='line_1_23' title="bbox 203 2587 1411 2656; baseline -0.004 -14"><span class='ocrx_word' id='word_1_238' title='bbox 203 2591 286 2642; x_wconf 80' lang='lat' dir='ltr'><strong>taces</strong></span> <span class='ocrx_word' id='word_1_239' title='bbox 299 2589 468 2655; x_wconf 69' lang='lat' dir='ltr'><strong>linquere,</strong></span> <span class='ocrx_word' id='word_1_240' title='bbox 482 2588 615 2654; x_wconf 82' lang='lat' dir='ltr'><strong>sipetes.</strong></span> <span class='ocrx_word' id='word_1_241' title='bbox 629 2589 661 2638; x_wconf 89' lang='lat' dir='ltr'><strong>llt</strong></span> <span class='ocrx_word' id='word_1_242' title='bbox 673 2587 719 2640; x_wconf 91' lang='lat' dir='ltr'><strong>ille</strong></span> <span class='ocrx_word' id='word_1_243' title='bbox 731 2587 798 2638; x_wconf 89' lang='lat' dir='ltr'><strong>nibil</strong></span> <span class='ocrx_word' id='word_1_244' title='bbox 817 2587 934 2653; x_wconf 84' lang='lat' dir='ltr'><strong>amplius</strong></span> <span class='ocrx_word' id='word_1_245' title='bbox 952 2587 1123 2653; x_wconf 79' lang='lat' dir='ltr'><strong>loquebatur.</strong></span> <span class='ocrx_word' id='word_1_246' title='bbox 1137 2590 1270 2656; x_wconf 78' lang='lat' dir='ltr'><strong>Egressus</strong></span> <span class='ocrx_word' id='word_1_247' title='bbox 1287 2590 1411 2640; x_wconf 83' lang='lat' dir='ltr'><strong>celantem</strong></span> 
     </span>
     <span class='ocr_line' id='line_1_24' title="bbox 203 2682 1411 2754; baseline -0.003 -15"><span class='ocrx_word' id='word_1_248' title='bbox 203 2700 271 2753; x_wconf 89' lang='lat' dir='ltr'><strong>puer</strong></span> <span class='ocrx_word' id='word_1_249' title='bbox 283 2686 389 2739; x_wconf 84' lang='lat' dir='ltr'><strong>bomini</strong></span> <span class='ocrx_word' id='word_1_250' title='bbox 407 2686 537 2738; x_wconf 83' lang='lat' dir='ltr'><strong>Eusicius.</strong></span> <span class='ocrx_word' id='word_1_251' title='bbox 552 2688 608 2749; x_wconf 83' lang='lat' dir='ltr'><strong>Quo</strong></span> <span class='ocrx_word' id='word_1_252' title='bbox 627 2698 736 2754; x_wconf 81' lang='lat' dir='ltr'><strong>egresso</strong></span> <span class='ocrx_word' id='word_1_253' title='bbox 749 2687 831 2747; x_wconf 82' lang='lat' dir='ltr'><strong>foras,</strong></span> <span class='ocrx_word' id='word_1_254' title='bbox 844 2685 960 2738; x_wconf 87' lang='lat' dir='ltr'><strong>accessit</strong></span> <span class='ocrx_word' id='word_1_255' title='bbox 976 2685 1011 2737; x_wconf 90' lang='lat' dir='ltr'><strong>ad</strong></span> <span class='ocrx_word' id='word_1_256' title='bbox 1029 2684 1241 2740; x_wconf 87' lang='lat' dir='ltr'><strong>daemoniacum</strong></span> <span class='ocrx_word' id='word_1_257' title='bbox 1258 2682 1411 2752; x_wconf 79' lang='lat' dir='ltr'><strong>pateripms</strong></span> 
     </span>
     <span class='ocr_line' id='line_1_25' title="bbox 202 2784 1411 2853; baseline -0.002 -16"><span class='ocrx_word' id='word_1_258' title='bbox 202 2792 229 2841; x_wconf 88' lang='lat' dir='ltr'><strong>el</strong></span> <span class='ocrx_word' id='word_1_259' title='bbox 241 2785 416 2852; x_wconf 82' lang='lat' dir='ltr'><strong>interrogarit</strong></span> <span class='ocrx_word' id='word_1_260' title='bbox 425 2799 497 2851; x_wconf 89' lang='lat' dir='ltr'><strong>eum,</strong></span> <span class='ocrx_word' id='word_1_261' title='bbox 509 2785 620 2837; x_wconf 84' lang='lat' dir='ltr'><strong>dicens:</strong></span> <span class='ocrx_word' id='word_1_262' title='bbox 635 2784 715 2844; x_wconf 76' lang='lat' dir='ltr'><strong>err&#39;et</strong></span> <span class='ocrx_word' id='word_1_263' title='bbox 721 2788 775 2851; x_wconf 84' lang='lat' dir='ltr'><strong>est,</strong></span> <span class='ocrx_word' id='word_1_264' title='bbox 784 2784 836 2853; x_wconf 76' lang='lat' dir='ltr'><strong>fili</strong></span> <span class='ocrx_word' id='word_1_265' title='bbox 844 2785 897 2851; x_wconf 80' lang='lat' dir='ltr'><strong>mi,</strong></span> <span class='ocrx_word' id='word_1_266' title='bbox 908 2784 990 2853; x_wconf 81' lang='lat' dir='ltr'><strong>qued</strong></span> <span class='ocrx_word' id='word_1_267' title='bbox 993 2786 1196 2851; x_wconf 70' lang='lat' dir='ltr'><strong>praesentem</strong></span> <span class='ocrx_word' id='word_1_268' title='bbox 1202 2786 1411 2851; x_wconf 70' lang='lat' dir='ltr'><strong>aetantepuero</strong></span> 
     </span>
     <span class='ocr_line' id='line_1_26' title="bbox 203 2882 1408 2950; baseline -0.002 -12"><span class='ocrx_word' id='word_1_269' title='bbox 203 2885 327 2938; x_wconf 78' lang='lat' dir='ltr'><strong>Eccieio</strong></span> <span class='ocrx_word' id='word_1_270' title='bbox 337 2883 422 2936; x_wconf 82' lang='lat' dir='ltr'><strong>nilu&#39;t</strong></span> <span class='ocrx_word' id='word_1_271' title='bbox 442 2885 564 2937; x_wconf 78' lang='lat' dir='ltr'><strong>locutus</strong></span> <span class='ocrx_word' id='word_1_272' title='bbox 583 2897 615 2936; x_wconf 83' lang='lat' dir='ltr'><strong>es</strong></span> <span class='ocrx_word' id='word_1_273' title='bbox 625 2886 637 2937; x_wconf 78' lang='lat' dir='ltr'><strong>l</strong></span> <span class='ocrx_word' id='word_1_274' title='bbox 649 2883 798 2950; x_wconf 78' lang='lat' dir='ltr'><strong>Respondit</strong></span> <span class='ocrx_word' id='word_1_275' title='bbox 811 2885 856 2937; x_wconf 91' lang='lat' dir='ltr'><strong>ille</strong></span> <span class='ocrx_word' id='word_1_276' title='bbox 869 2900 875 2935; x_wconf 91' lang='lat'>:</span> <span class='ocrx_word' id='word_1_277' title='bbox 893 2884 973 2943; x_wconf 83' lang='lat' dir='ltr'><strong>Quia</strong></span> <span class='ocrx_word' id='word_1_278' title='bbox 985 2884 1093 2937; x_wconf 78' lang='lat' dir='ltr'><strong>stetim</strong></span> <span class='ocrx_word' id='word_1_279' title='bbox 1105 2886 1140 2938; x_wconf 76' lang='lat' dir='ltr'><strong>ut</strong></span> <span class='ocrx_word' id='word_1_280' title='bbox 1152 2882 1297 2939; x_wconf 79' lang='lat' dir='ltr'><strong>introivit</strong></span> <span class='ocrx_word' id='word_1_281' title='bbox 1311 2882 1349 2936; x_wconf 84' lang='lat' dir='ltr'><strong>ed</strong></span> <span class='ocrx_word' id='word_1_282' title='bbox 1360 2889 1408 2941; x_wconf 79' lang='lat' dir='ltr'><strong>me,</strong></span> 
     </span>
     <span class='ocr_line' id='line_1_27' title="bbox 202 2980 1407 3052; baseline -0.005 -14"><span class='ocrx_word' id='word_1_283' title='bbox 202 2984 331 3038; x_wconf 72' lang='lat' dir='ltr'><strong>erare-nat</strong></span> <span class='ocrx_word' id='word_1_284' title='bbox 343 2996 517 3037; x_wconf 75' lang='lat' dir='ltr'><strong>cormeum</strong></span> <span class='ocrx_word' id='word_1_285' title='bbox 538 2982 620 3036; x_wconf 78' lang='lat' dir='ltr'><strong>Linde</strong></span> <span class='ocrx_word' id='word_1_286' title='bbox 631 2995 705 3050; x_wconf 80' lang='lat' dir='ltr'><strong>repo</strong></span> <span class='ocrx_word' id='word_1_287' title='bbox 719 2997 757 3036; x_wconf 82' lang='lat' dir='ltr'><strong>ne</strong></span> <span class='ocrx_word' id='word_1_288' title='bbox 770 2983 903 3036; x_wconf 75' lang='lat' dir='ltr'><strong>relterius</strong></span> <span class='ocrx_word' id='word_1_289' title='bbox 915 2983 1007 3036; x_wconf 83' lang='lat' dir='ltr'><strong>illum</strong></span> <span class='ocrx_word' id='word_1_290' title='bbox 1023 2982 1066 3036; x_wconf 85' lang='lat' dir='ltr'><strong>ad</strong></span> <span class='ocrx_word' id='word_1_291' title='bbox 1077 2996 1126 3037; x_wconf 88' lang='lat' dir='ltr'><strong>me</strong></span> <span class='ocrx_word' id='word_1_292' title='bbox 1136 2983 1244 3038; x_wconf 81' lang='lat' dir='ltr'><strong>venire</strong></span> <span class='ocrx_word' id='word_1_293' title='bbox 1250 2980 1407 3052; x_wconf 77' lang='lat' dir='ltr'><strong>permittet·</strong></span> 
     </span>
    </p>

    <p class='ocr_par' dir='ltr' id='par_1_4' title="bbox 201 3078 1417 4642">
     <span class='ocr_line' id='line_1_28' title="bbox 237 3078 1408 3150; baseline 0.002 -15"><span class='ocrx_word' id='word_1_294' title='bbox 237 3082 268 3135; x_wconf 88' lang='grc'><strong>8.</strong></span> <span class='ocrx_word' id='word_1_295' title='bbox 282 3083 412 3149; x_wconf 82' lang='lat' dir='ltr'><strong>sequenti</strong></span> <span class='ocrx_word' id='word_1_296' title='bbox 424 3095 488 3135; x_wconf 77' lang='lat' dir='ltr'><strong>uero</strong></span> <span class='ocrx_word' id='word_1_297' title='bbox 501 3089 590 3141; x_wconf 87' lang='lat' dir='ltr'><strong>nocte.</strong></span> <span class='ocrx_word' id='word_1_298' title='bbox 604 3097 665 3135; x_wconf 87' lang='lat' dir='ltr'><strong>curn</strong></span> <span class='ocrx_word' id='word_1_299' title='bbox 679 3096 749 3148; x_wconf 87' lang='lat' dir='ltr'><strong>puer</strong></span> <span class='ocrx_word' id='word_1_300' title='bbox 767 3084 873 3136; x_wconf 84' lang='lat' dir='ltr'><strong>llomini</strong></span> <span class='ocrx_word' id='word_1_301' title='bbox 891 3082 1015 3135; x_wconf 83' lang='lat' dir='ltr'><strong>Eusicius</strong></span> <span class='ocrx_word' id='word_1_302' title='bbox 1027 3083 1055 3135; x_wconf 94' lang='lat' dir='ltr'><strong>in</strong></span> <span class='ocrx_word' id='word_1_303' title='bbox 1074 3086 1162 3136; x_wconf 84' lang='lat' dir='ltr'><strong>stratu</strong></span> <span class='ocrx_word' id='word_1_304' title='bbox 1174 3096 1225 3137; x_wconf 89' lang='lat' dir='ltr'><strong>suo</strong></span> <span class='ocrx_word' id='word_1_305' title='bbox 1237 3078 1408 3150; x_wconf 68' lang='lat' dir='ltr'><strong>requiesceret,</strong></span> 
     </span>
     <span class='ocr_line' id='line_1_29' title="bbox 207 3180 1411 3251; baseline -0.001 -15"><span class='ocrx_word' id='word_1_306' title='bbox 207 3196 270 3236; x_wconf 90' lang='lat' dir='ltr'><strong>ecee</strong></span> <span class='ocrx_word' id='word_1_307' title='bbox 288 3184 425 3250; x_wconf 71' lang='lat' dir='ltr'><strong>Eugenius</strong></span> <span class='ocrx_word' id='word_1_308' title='bbox 438 3184 578 3249; x_wconf 77' lang='lat' dir='ltr'><strong>presbyter</strong></span> <span class='ocrx_word' id='word_1_309' title='bbox 597 3183 722 3247; x_wconf 88' lang='lat' dir='ltr'><strong>apparuit</strong></span> <span class='ocrx_word' id='word_1_310' title='bbox 744 3183 767 3234; x_wconf 87' lang='lat' dir='ltr'><strong>ei</strong></span> <span class='ocrx_word' id='word_1_311' title='bbox 790 3183 817 3234; x_wconf 95' lang='lat' dir='ltr'><strong>in</strong></span> <span class='ocrx_word' id='word_1_312' title='bbox 839 3183 907 3243; x_wconf 81' lang='lat' dir='ltr'><strong>risu,</strong></span> <span class='ocrx_word' id='word_1_313' title='bbox 920 3180 1015 3234; x_wconf 83' lang='lat' dir='ltr'><strong>dicens</strong></span> <span class='ocrx_word' id='word_1_314' title='bbox 1028 3197 1036 3234; x_wconf 74' lang='grc' dir='ltr'><strong><em>ι</em></strong></span> <span class='ocrx_word' id='word_1_315' title='bbox 1049 3181 1165 3250; x_wconf 68' lang='lat' dir='ltr'><strong>Etr-sici,</strong></span> <span class='ocrx_word' id='word_1_316' title='bbox 1178 3194 1275 3251; x_wconf 80' lang='lat' dir='ltr'><strong>quere</strong></span> <span class='ocrx_word' id='word_1_317' title='bbox 1285 3182 1411 3236; x_wconf 74' lang='lat' dir='ltr'><strong>educo·</strong></span> 
     </span>
     <span class='ocr_line' id='line_1_30' title="bbox 206 3275 1412 3351; baseline -0.001 -17"><span class='ocrx_word' id='word_1_318' title='bbox 206 3282 291 3334; x_wconf 81' lang='lat' dir='ltr'><strong>rium</strong></span> <span class='ocrx_word' id='word_1_319' title='bbox 305 3283 471 3348; x_wconf 76' lang='lat' dir='ltr'><strong>tejurenls</strong></span> <span class='ocrx_word' id='word_1_320' title='bbox 492 3283 581 3336; x_wconf 81' lang='lat' dir='ltr'><strong>itlius</strong></span> <span class='ocrx_word' id='word_1_321' title='bbox 599 3294 727 3349; x_wconf 79' lang='lat' dir='ltr'><strong>corpore</strong></span> <span class='ocrx_word' id='word_1_322' title='bbox 733 3282 894 3350; x_wconf 75' lang='lat' dir='ltr'><strong>permittis</strong></span> <span class='ocrx_word' id='word_1_323' title='bbox 911 3282 1164 3336; x_wconf 75' lang='lat' dir='ltr'><strong>imbitereil&#39;ade</strong></span> <span class='ocrx_word' id='word_1_324' title='bbox 1175 3294 1248 3351; x_wconf 75' lang='lat' dir='ltr'><strong>erpo</strong></span> <span class='ocrx_word' id='word_1_325' title='bbox 1258 3282 1292 3335; x_wconf 81' lang='lat' dir='ltr'><strong>in</strong></span> <span class='ocrx_word' id='word_1_326' title='bbox 1307 3275 1412 3348; x_wconf 53' lang='lat' dir='ltr'><strong>poerit&amp;</strong></span> 
     </span>
     <span class='ocr_line' id='line_1_31' title="bbox 206 3380 1412 3449; baseline -0.001 -14"><span class='ocrx_word' id='word_1_327' title='bbox 206 3381 332 3435; x_wconf 81' lang='lat' dir='ltr'><strong>Domini</strong></span> <span class='ocrx_word' id='word_1_328' title='bbox 342 3393 423 3447; x_wconf 79' lang='lat' dir='ltr'><strong>eras,</strong></span> <span class='ocrx_word' id='word_1_329' title='bbox 436 3381 575 3447; x_wconf 75' lang='lat' dir='ltr'><strong>etjrrlrete</strong></span> <span class='ocrx_word' id='word_1_330' title='bbox 593 3395 661 3436; x_wconf 83' lang='lat' dir='ltr'><strong>eum</strong></span> <span class='ocrx_word' id='word_1_331' title='bbox 679 3382 777 3435; x_wconf 75' lang='lat' dir='ltr'><strong>enrire.</strong></span> <span class='ocrx_word' id='word_1_332' title='bbox 790 3383 871 3435; x_wconf 83' lang='lat' dir='ltr'><strong>Num</strong></span> <span class='ocrx_word' id='word_1_333' title='bbox 888 3381 971 3436; x_wconf 78' lang='lat' dir='ltr'><strong>sicut</strong></span> <span class='ocrx_word' id='word_1_334' title='bbox 991 3380 1128 3435; x_wconf 81' lang='lat' dir='ltr'><strong>volueris</strong></span> <span class='ocrx_word' id='word_1_335' title='bbox 1148 3380 1284 3436; x_wconf 82' lang='lat' dir='ltr'><strong>oboediet</strong></span> <span class='ocrx_word' id='word_1_336' title='bbox 1300 3380 1353 3435; x_wconf 79' lang='lat' dir='ltr'><strong>tter·</strong></span> <span class='ocrx_word' id='word_1_337' title='bbox 1363 3380 1412 3449; x_wconf 63' lang='lat'><strong>&#39;¹⁹2⁶</strong></span> 
     </span>
     <span class='ocr_line' id='line_1_32' title="bbox 201 3466 1412 3549; baseline -0.004 -15"><span class='ocrx_word' id='word_1_338' title='bbox 201 3482 321 3548; x_wconf 79' lang='lat' dir='ltr'><strong>poterit</strong></span> <span class='ocrx_word' id='word_1_339' title='bbox 340 3481 494 3533; x_wconf 84' lang='lat' dir='ltr'><strong>resistere.</strong></span> <span class='ocrx_word' id='word_1_340' title='bbox 509 3484 587 3534; x_wconf 84' lang='lat' dir='ltr'><strong>lianc</strong></span> <span class='ocrx_word' id='word_1_341' title='bbox 608 3486 697 3534; x_wconf 85' lang='lat' dir='ltr'><strong>autern</strong></span> <span class='ocrx_word' id='word_1_342' title='bbox 720 3482 800 3547; x_wconf 84' lang='lat' dir='ltr'><strong>laeto,</strong></span> <span class='ocrx_word' id='word_1_343' title='bbox 814 3495 929 3549; x_wconf 82' lang='lat' dir='ltr'><strong>surgens</strong></span> <span class='ocrx_word' id='word_1_344' title='bbox 949 3481 1045 3534; x_wconf 89' lang='lat' dir='ltr'><strong>beatus</strong></span> <span class='ocrx_word' id='word_1_345' title='bbox 1065 3494 1134 3547; x_wconf 89' lang='lat' dir='ltr'><strong>puer</strong></span> <span class='ocrx_word' id='word_1_346' title='bbox 1154 3482 1245 3547; x_wconf 88' lang='lat' dir='ltr'><strong>primo</strong></span> <span class='ocrx_word' id='word_1_347' title='bbox 1262 3479 1369 3549; x_wconf 81' lang='lat' dir='ltr'><strong>perrexit</strong></span> <span class='ocrx_word' id='word_1_348' title='bbox 1379 3466 1412 3529; x_wconf 79' lang='lat' dir='ltr'><strong>ad</strong></span> 
     </span>
     <span class='ocr_line' id='line_1_33' title="bbox 206 3575 1412 3641; baseline -0.004 -6"><span class='ocrx_word' id='word_1_349' title='bbox 206 3582 349 3635; x_wconf 87' lang='lat' dir='ltr'><strong>eeclesiam</strong></span> <span class='ocrx_word' id='word_1_350' title='bbox 368 3589 395 3633; x_wconf 90' lang='lat' dir='ltr'><strong>et</strong></span> <span class='ocrx_word' id='word_1_351' title='bbox 413 3582 544 3634; x_wconf 88' lang='lat' dir='ltr'><strong>exorabat</strong></span> <span class='ocrx_word' id='word_1_352' title='bbox 562 3583 705 3634; x_wconf 87' lang='lat' dir='ltr'><strong>bominum</strong></span> <span class='ocrx_word' id='word_1_353' title='bbox 722 3601 729 3641; x_wconf 85' lang='lat'>;</span> <span class='ocrx_word' id='word_1_354' title='bbox 746 3588 772 3634; x_wconf 90' lang='lat' dir='ltr'><strong>ct</strong></span> <span class='ocrx_word' id='word_1_355' title='bbox 785 3583 853 3634; x_wconf 61' lang='lat' dir='ltr'><strong>laerta</strong></span> <span class='ocrx_word' id='word_1_356' title='bbox 866 3583 990 3635; x_wconf 88' lang='lat' dir='ltr'><strong>oratione</strong></span> <span class='ocrx_word' id='word_1_357' title='bbox 1008 3581 1090 3633; x_wconf 80' lang='lat' dir='ltr'><strong>exivit</strong></span> <span class='ocrx_word' id='word_1_358' title='bbox 1101 3585 1130 3633; x_wconf 90' lang='lat' dir='ltr'><strong>et</strong></span> <span class='ocrx_word' id='word_1_359' title='bbox 1140 3581 1218 3634; x_wconf 78' lang='lat' dir='ltr'><strong>venit</strong></span> <span class='ocrx_word' id='word_1_360' title='bbox 1229 3581 1263 3634; x_wconf 89' lang='lat' dir='ltr'><strong>ad</strong></span> <span class='ocrx_word' id='word_1_361' title='bbox 1275 3579 1372 3634; x_wconf 85' lang='lat' dir='ltr'><strong>domum</strong></span> <span class='ocrx_word' id='word_1_362' title='bbox 1385 3575 1412 3625; x_wconf 85' lang='lat' dir='ltr'><strong>ln</strong></span> 
     </span>
     <span class='ocr_line' id='line_1_34' title="bbox 206 3680 1410 3749; baseline -0.003 -15"><span class='ocrx_word' id='word_1_363' title='bbox 206 3696 259 3747; x_wconf 82' lang='lat' dir='ltr'><strong>qun</strong></span> <span class='ocrx_word' id='word_1_364' title='bbox 272 3680 466 3733; x_wconf 86' lang='lat' dir='ltr'><strong>daemoniacus</strong></span> <span class='ocrx_word' id='word_1_365' title='bbox 483 3685 549 3733; x_wconf 90' lang='lat' dir='ltr'><strong>crat.</strong></span> <span class='ocrx_word' id='word_1_366' title='bbox 564 3681 601 3733; x_wconf 70' lang='lat' dir='ltr'><strong>til</strong></span> <span class='ocrx_word' id='word_1_367' title='bbox 621 3683 699 3748; x_wconf 85' lang='lat' dir='ltr'><strong>cujus</strong></span> <span class='ocrx_word' id='word_1_368' title='bbox 718 3682 870 3749; x_wconf 81' lang='lat' dir='ltr'><strong>ingressum</strong></span> <span class='ocrx_word' id='word_1_369' title='bbox 889 3681 935 3733; x_wconf 91' lang='lat' dir='ltr'><strong>ille</strong></span> <span class='ocrx_word' id='word_1_370' title='bbox 954 3682 1042 3733; x_wconf 88' lang='lat' dir='ltr'><strong>statirn</strong></span> <span class='ocrx_word' id='word_1_371' title='bbox 1061 3681 1203 3733; x_wconf 87' lang='lat' dir='ltr'><strong>conticuit.</strong></span> <span class='ocrx_word' id='word_1_372' title='bbox 1215 3680 1349 3747; x_wconf 81' lang='lat' dir='ltr'><strong>Praecepit</strong></span> <span class='ocrx_word' id='word_1_373' title='bbox 1360 3684 1410 3743; x_wconf 68' lang='lat' dir='ltr'><strong>crgo</strong></span> 
     </span>
     <span class='ocr_line' id='line_1_35' title="bbox 207 3780 1411 3849; baseline 0.004 -19"><span class='ocrx_word' id='word_1_374' title='bbox 207 3794 276 3846; x_wconf 86' lang='lat' dir='ltr'><strong>puer</strong></span> <span class='ocrx_word' id='word_1_375' title='bbox 288 3780 411 3832; x_wconf 78' lang='lat' dir='ltr'><strong>Eusicius</strong></span> <span class='ocrx_word' id='word_1_376' title='bbox 424 3785 454 3832; x_wconf 88' lang='lat' dir='ltr'><strong>ut</strong></span> <span class='ocrx_word' id='word_1_377' title='bbox 466 3780 603 3833; x_wconf 75' lang='lat' dir='ltr'><strong>solverent</strong></span> <span class='ocrx_word' id='word_1_378' title='bbox 614 3795 676 3834; x_wconf 86' lang='lat' dir='ltr'><strong>curn</strong></span> <span class='ocrx_word' id='word_1_379' title='bbox 689 3795 703 3833; x_wconf 85' lang='lat' dir='ltr'><strong>a</strong></span> <span class='ocrx_word' id='word_1_380' title='bbox 716 3782 833 3834; x_wconf 89' lang='lat' dir='ltr'><strong>vinculis</strong></span> <span class='ocrx_word' id='word_1_381' title='bbox 850 3782 951 3848; x_wconf 84' lang='lat' dir='ltr'><strong>quibus</strong></span> <span class='ocrx_word' id='word_1_382' title='bbox 968 3780 1057 3833; x_wconf 82' lang='lat' dir='ltr'><strong>fueret</strong></span> <span class='ocrx_word' id='word_1_383' title='bbox 1074 3780 1227 3849; x_wconf 75' lang='lat' dir='ltr'><strong>colligatus.</strong></span> <span class='ocrx_word' id='word_1_384' title='bbox 1240 3780 1271 3833; x_wconf 82' lang='lat' dir='ltr'><strong>llr</strong></span> <span class='ocrx_word' id='word_1_385' title='bbox 1282 3780 1362 3835; x_wconf 87' lang='lat' dir='ltr'><strong>seluto</strong></span> <span class='ocrx_word' id='word_1_386' title='bbox 1377 3784 1411 3835; x_wconf 63' lang='lat' dir='ltr'><strong>eti</strong></span> 
     </span>
     <span class='ocr_line' id='line_1_36' title="bbox 206 3878 1411 3946; baseline -0.002 -16"><span class='ocrx_word' id='word_1_387' title='bbox 206 3878 274 3931; x_wconf 82' lang='lat' dir='ltr'><strong>dixit</strong></span> <span class='ocrx_word' id='word_1_388' title='bbox 286 3879 309 3930; x_wconf 90' lang='lat' dir='ltr'><strong>ei</strong></span> <span class='ocrx_word' id='word_1_389' title='bbox 323 3878 445 3931; x_wconf 85' lang='lat' dir='ltr'><strong>Eusicius</strong></span> <span class='ocrx_word' id='word_1_390' title='bbox 459 3895 465 3930; x_wconf 91' lang='lat'>:</span> <span class='ocrx_word' id='word_1_391' title='bbox 481 3879 611 3946; x_wconf 81' lang='lat' dir='ltr'><strong>Sequere</strong></span> <span class='ocrx_word' id='word_1_392' title='bbox 630 3894 688 3933; x_wconf 83' lang='lat' dir='ltr'><strong>me.</strong></span> <span class='ocrx_word' id='word_1_393' title='bbox 701 3884 824 3946; x_wconf 79' lang='lat' dir='ltr'><strong>cumque</strong></span> <span class='ocrx_word' id='word_1_394' title='bbox 841 3894 903 3932; x_wconf 90' lang='lat' dir='ltr'><strong>curn</strong></span> <span class='ocrx_word' id='word_1_395' title='bbox 922 3880 997 3932; x_wconf 91' lang='lat' dir='ltr'><strong>omni</strong></span> <span class='ocrx_word' id='word_1_396' title='bbox 1015 3880 1227 3933; x_wconf 87' lang='lat' dir='ltr'><strong>mansuetudine</strong></span> <span class='ocrx_word' id='word_1_397' title='bbox 1244 3884 1351 3934; x_wconf 86' lang='lat' dir='ltr'><strong>secutus</strong></span> <span class='ocrx_word' id='word_1_398' title='bbox 1362 3884 1411 3929; x_wconf 85' lang='lat' dir='ltr'><strong>cunt</strong></span> 
     </span>
     <span class='ocr_line' id='line_1_37' title="bbox 207 3974 1413 4044; baseline 0 -14"><span class='ocrx_word' id='word_1_399' title='bbox 207 3978 301 4031; x_wconf 87' lang='lat' dir='ltr'><strong>luisset</strong></span> <span class='ocrx_word' id='word_1_400' title='bbox 318 3990 405 4044; x_wconf 80' lang='lat' dir='ltr'><strong>usque</strong></span> <span class='ocrx_word' id='word_1_401' title='bbox 418 3976 451 4029; x_wconf 88' lang='lat' dir='ltr'><strong>ad</strong></span> <span class='ocrx_word' id='word_1_402' title='bbox 464 3984 570 4043; x_wconf 90' lang='lat' dir='ltr'><strong>portam</strong></span> <span class='ocrx_word' id='word_1_403' title='bbox 590 3979 731 4037; x_wconf 84' lang='lat' dir='ltr'><strong>ecclesiae.</strong></span> <span class='ocrx_word' id='word_1_404' title='bbox 745 3981 863 4032; x_wconf 86' lang='lat' dir='ltr'><strong>intrante</strong></span> <span class='ocrx_word' id='word_1_405' title='bbox 883 3984 977 4031; x_wconf 88' lang='lat' dir='ltr'><strong>sancto</strong></span> <span class='ocrx_word' id='word_1_406' title='bbox 997 3979 1105 4031; x_wconf 82' lang='lat' dir='ltr'><strong>Eusicio</strong></span> <span class='ocrx_word' id='word_1_407' title='bbox 1118 3979 1164 4031; x_wconf 93' lang='lat' dir='ltr'><strong>ille</strong></span> <span class='ocrx_word' id='word_1_408' title='bbox 1182 3979 1290 4039; x_wconf 87' lang='lat' dir='ltr'><strong>restitit,</strong></span> <span class='ocrx_word' id='word_1_409' title='bbox 1302 3983 1330 4033; x_wconf 91' lang='lat' dir='ltr'><strong>et</strong></span> <span class='ocrx_word' id='word_1_410' title='bbox 1344 3974 1413 4030; x_wconf 75' lang='lat' dir='ltr'><strong>subd</strong></span> 
     </span>
     <span class='ocr_line' id='line_1_38' title="bbox 206 4066 1415 4146; baseline -0.004 -19"><span class='ocrx_word' id='word_1_411' title='bbox 206 4077 362 4129; x_wconf 89' lang='lat' dir='ltr'><strong>immobilis.</strong></span> <span class='ocrx_word' id='word_1_412' title='bbox 376 4077 424 4129; x_wconf 82' lang='lat' dir='ltr'><strong>Cui</strong></span> <span class='ocrx_word' id='word_1_413' title='bbox 437 4082 547 4129; x_wconf 85' lang='lat' dir='ltr'><strong>sanctus</strong></span> <span class='ocrx_word' id='word_1_414' title='bbox 559 4079 684 4130; x_wconf 82' lang='lat' dir='ltr'><strong>Eusicius</strong></span> <span class='ocrx_word' id='word_1_415' title='bbox 697 4092 704 4128; x_wconf 94' lang='lat'>:</span> <span class='ocrx_word' id='word_1_416' title='bbox 717 4066 847 4145; x_wconf 69' lang='lat' dir='ltr'><strong>seperare</strong></span> <span class='ocrx_word' id='word_1_417' title='bbox 858 4090 915 4146; x_wconf 87' lang='lat' dir='ltr'><strong>me,</strong></span> <span class='ocrx_word' id='word_1_418' title='bbox 929 4077 1027 4144; x_wconf 88' lang='lat' dir='ltr'><strong>inquit.</strong></span> <span class='ocrx_word' id='word_1_419' title='bbox 1041 4076 1089 4130; x_wconf 86' lang='lat' dir='ltr'><strong>llle</strong></span> <span class='ocrx_word' id='word_1_420' title='bbox 1101 4082 1193 4130; x_wconf 87' lang='lat' dir='ltr'><strong>autem</strong></span> <span class='ocrx_word' id='word_1_421' title='bbox 1210 4078 1309 4145; x_wconf 83' lang='lat' dir='ltr'><strong>stabat,</strong></span> <span class='ocrx_word' id='word_1_422' title='bbox 1322 4081 1349 4129; x_wconf 84' lang='lat' dir='ltr'><strong>et</strong></span> <span class='ocrx_word' id='word_1_423' title='bbox 1358 4070 1415 4127; x_wconf 84' lang='lat' dir='ltr'><strong>-niltl</strong></span> 
     </span>
     <span class='ocr_line' id='line_1_39' title="bbox 205 4170 1417 4244; baseline -0.004 -16"><span class='ocrx_word' id='word_1_424' title='bbox 205 4174 398 4240; x_wconf 86' lang='lat' dir='ltr'><strong>respondebat.</strong></span> <span class='ocrx_word' id='word_1_425' title='bbox 412 4178 512 4228; x_wconf 85' lang='lat' dir='ltr'><strong>omnes</strong></span> <span class='ocrx_word' id='word_1_426' title='bbox 524 4189 588 4244; x_wconf 80' lang='lat' dir='ltr'><strong>ergo</strong></span> <span class='ocrx_word' id='word_1_427' title='bbox 601 4177 647 4242; x_wconf 79' lang='lat' dir='ltr'><strong>qui</strong></span> <span class='ocrx_word' id='word_1_428' title='bbox 659 4175 775 4229; x_wconf 83' lang='lat' dir='ltr'><strong>aderant</strong></span> <span class='ocrx_word' id='word_1_429' title='bbox 787 4175 1052 4243; x_wconf 85' lang='lat' dir='ltr'><strong>comprehendentes</strong></span> <span class='ocrx_word' id='word_1_430' title='bbox 1070 4188 1133 4229; x_wconf 91' lang='lat' dir='ltr'><strong>eum</strong></span> <span class='ocrx_word' id='word_1_431' title='bbox 1147 4176 1293 4229; x_wconf 89' lang='lat' dir='ltr'><strong>trabebant</strong></span> <span class='ocrx_word' id='word_1_432' title='bbox 1305 4181 1331 4230; x_wconf 90' lang='lat' dir='ltr'><strong>et</strong></span> <span class='ocrx_word' id='word_1_433' title='bbox 1342 4170 1417 4240; x_wconf 89' lang='lat' dir='ltr'><strong>impel-</strong></span> 
     </span>
     <span class='ocr_line' id='line_1_40' title="bbox 205 4270 1417 4343; baseline 0.006 -21"><span class='ocrx_word' id='word_1_434' title='bbox 205 4270 297 4323; x_wconf 86' lang='lat' dir='ltr'><strong>lebant</strong></span> <span class='ocrx_word' id='word_1_435' title='bbox 310 4278 339 4324; x_wconf 93' lang='lat' dir='ltr'><strong>ut</strong></span> <span class='ocrx_word' id='word_1_436' title='bbox 357 4273 561 4326; x_wconf 89' lang='lat' dir='ltr'><strong>introducerent</strong></span> <span class='ocrx_word' id='word_1_437' title='bbox 573 4274 601 4325; x_wconf 93' lang='lat' dir='ltr'><strong>in</strong></span> <span class='ocrx_word' id='word_1_438' title='bbox 619 4274 780 4341; x_wconf 66' lang='lat' dir='ltr'><strong>ecelesiam</strong></span> <span class='ocrx_word' id='word_1_439' title='bbox 795 4275 842 4328; x_wconf 87' lang='lat' dir='ltr'><strong>sed</strong></span> <span class='ocrx_word' id='word_1_440' title='bbox 856 4275 902 4328; x_wconf 91' lang='lat' dir='ltr'><strong>ille</strong></span> <span class='ocrx_word' id='word_1_441' title='bbox 914 4276 991 4342; x_wconf 81' lang='lat' dir='ltr'><strong>quasi</strong></span> <span class='ocrx_word' id='word_1_442' title='bbox 1011 4289 1089 4329; x_wconf 91' lang='lat' dir='ltr'><strong>mons</strong></span> <span class='ocrx_word' id='word_1_443' title='bbox 1107 4274 1259 4330; x_wconf 86' lang='lat' dir='ltr'><strong>immobilis</strong></span> <span class='ocrx_word' id='word_1_444' title='bbox 1276 4277 1314 4329; x_wconf 86' lang='lat' dir='ltr'><strong>ila</strong></span> <span class='ocrx_word' id='word_1_445' title='bbox 1331 4285 1417 4343; x_wconf 66' lang='lat' dir='ltr'><strong>perum·</strong></span> 
     </span>
     <span class='ocr_line' id='line_1_41' title="bbox 205 4371 1417 4441; baseline 0.005 -19"><span class='ocrx_word' id='word_1_446' title='bbox 205 4371 296 4423; x_wconf 86' lang='lat' dir='ltr'><strong>nebat.</strong></span> <span class='ocrx_word' id='word_1_447' title='bbox 310 4373 385 4434; x_wconf 81' lang='lat' dir='ltr'><strong>Quod</strong></span> <span class='ocrx_word' id='word_1_448' title='bbox 404 4386 466 4424; x_wconf 86' lang='lat' dir='ltr'><strong>curn</strong></span> <span class='ocrx_word' id='word_1_449' title='bbox 488 4373 590 4425; x_wconf 85' lang='lat' dir='ltr'><strong>rideret</strong></span> <span class='ocrx_word' id='word_1_450' title='bbox 609 4386 677 4438; x_wconf 90' lang='lat' dir='ltr'><strong>puer</strong></span> <span class='ocrx_word' id='word_1_451' title='bbox 696 4376 801 4426; x_wconf 87' lang='lat' dir='ltr'><strong>bomini</strong></span> <span class='ocrx_word' id='word_1_452' title='bbox 820 4375 953 4441; x_wconf 86' lang='lat' dir='ltr'><strong>Eusicius,</strong></span> <span class='ocrx_word' id='word_1_453' title='bbox 967 4374 1036 4429; x_wconf 85' lang='lat' dir='ltr'><strong>dixit</strong></span> <span class='ocrx_word' id='word_1_454' title='bbox 1052 4376 1077 4428; x_wconf 90' lang='lat' dir='ltr'><strong>ei</strong></span> <span class='ocrx_word' id='word_1_455' title='bbox 1091 4391 1099 4428; x_wconf 75' lang='lat' dir='ltr'><strong>a</strong></span> <span class='ocrx_word' id='word_1_456' title='bbox 1111 4374 1150 4428; x_wconf 81' lang='lat' dir='ltr'><strong>Ire</strong></span> <span class='ocrx_word' id='word_1_457' title='bbox 1166 4375 1295 4431; x_wconf 78' lang='lat' dir='ltr'><strong>nomine</strong></span> <span class='ocrx_word' id='word_1_458' title='bbox 1310 4373 1417 4431; x_wconf 81' lang='lat' dir='ltr'><strong>Demint</strong></span> 
     </span>
     <span class='ocr_line' id='line_1_42' title="bbox 205 4470 1417 4543; baseline 0.003 -22"><span class='ocrx_word' id='word_1_459' title='bbox 205 4470 307 4523; x_wconf 80' lang='lat' dir='ltr'><strong>nostrl</strong></span> <span class='ocrx_word' id='word_1_460' title='bbox 318 4472 391 4523; x_wconf 81' lang='lat' dir='ltr'><strong>Jese</strong></span> <span class='ocrx_word' id='word_1_461' title='bbox 412 4470 528 4525; x_wconf 73' lang='lat' dir='ltr'><strong>Cluusti</strong></span> <span class='ocrx_word' id='word_1_462' title='bbox 544 4472 672 4537; x_wconf 81' lang='lat' dir='ltr'><strong>conjuro</strong></span> <span class='ocrx_word' id='word_1_463' title='bbox 686 4476 714 4525; x_wconf 87' lang='lat' dir='ltr'><strong>te</strong></span> <span class='ocrx_word' id='word_1_464' title='bbox 726 4476 761 4525; x_wconf 79' lang='lat' dir='ltr'><strong>nt</strong></span> <span class='ocrx_word' id='word_1_465' title='bbox 772 4475 861 4527; x_wconf 78' lang='lat' dir='ltr'><strong>cliens</strong></span> <span class='ocrx_word' id='word_1_466' title='bbox 873 4486 980 4528; x_wconf 83' lang='lat' dir='ltr'><strong>eoram</strong></span> <span class='ocrx_word' id='word_1_467' title='bbox 991 4473 1133 4528; x_wconf 78' lang='lat' dir='ltr'><strong>orrcnidue</strong></span> <span class='ocrx_word' id='word_1_468' title='bbox 1151 4475 1303 4543; x_wconf 77' lang='lat' dir='ltr'><strong>quomodo</strong></span> <span class='ocrx_word' id='word_1_469' title='bbox 1313 4472 1417 4528; x_wconf 69' lang='lat' dir='ltr'><strong>result</strong></span> 
     </span>
     <span class='ocr_line' id='line_1_43' title="bbox 208 4570 1417 4642; baseline 0.002 -17"><span class='ocrx_word' id='word_1_470' title='bbox 208 4572 251 4625; x_wconf 82' lang='lat' dir='ltr'><strong>tot</strong></span> <span class='ocrx_word' id='word_1_471' title='bbox 263 4570 423 4625; x_wconf 80' lang='lat' dir='ltr'><strong>bominum</strong></span> <span class='ocrx_word' id='word_1_472' title='bbox 441 4571 561 4625; x_wconf 79' lang='lat' dir='ltr'><strong>eirr&#39;bns</strong></span> <span class='ocrx_word' id='word_1_473' title='bbox 578 4575 614 4626; x_wconf 80' lang='lat' dir='ltr'><strong>et</strong></span> <span class='ocrx_word' id='word_1_474' title='bbox 631 4577 660 4627; x_wconf 86' lang='lat' dir='ltr'><strong>te</strong></span> <span class='ocrx_word' id='word_1_475' title='bbox 676 4587 796 4627; x_wconf 80' lang='lat' dir='ltr'><strong>ruore-re</strong></span> <span class='ocrx_word' id='word_1_476' title='bbox 813 4577 976 4641; x_wconf 81' lang='lat' dir='ltr'><strong>nequeant.</strong></span> <span class='ocrx_word' id='word_1_477' title='bbox 989 4577 1020 4627; x_wconf 80' lang='lat' dir='ltr'><strong>Et</strong></span> <span class='ocrx_word' id='word_1_478' title='bbox 1030 4588 1094 4629; x_wconf 88' lang='lat' dir='ltr'><strong>ecoe</strong></span> <span class='ocrx_word' id='word_1_479' title='bbox 1106 4574 1185 4642; x_wconf 82' lang='lat' dir='ltr'><strong>quasi</strong></span> <span class='ocrx_word' id='word_1_480' title='bbox 1199 4588 1300 4629; x_wconf 88' lang='lat' dir='ltr'><strong>raucus</strong></span> <span class='ocrx_word' id='word_1_481' title='bbox 1318 4576 1417 4629; x_wconf 83' lang='lat' dir='ltr'><strong>daemol</strong></span> 
     </span>
    </p>
   </div>
   <div class='ocr_carea' id='block_1_3' title="bbox 0 0 1644 5482">
    <p class='ocr_par' dir='ltr' id='par_1_5' title="bbox 0 0 1644 5482">
     <span class='ocr_line' id='line_1_44' title="bbox 0 0 1644 5482; baseline 0 0"><span class='ocrx_word' id='word_1_482' title='bbox 0 0 1644 5482; x_wconf 95' lang='lat' dir='ltr'><strong> </strong></span> 
     </span>
    </p>
   </div>
  </div>
 </body>
</html>
