3316 5482
419 368 513 419 amu.
532 365 616 419 uer.
635 366 752 418 euers.
774 386 820 398 -
836 364 990 416 urrann.
1009 344 1245 418 audomarus.
1375 351 1443 419 363

204 539 299 606 vitque
310 539 336 593 ei
348 550 408 593 rem
420 541 522 606 gestam
534 536 606 590 circa
618 548 648 589 se
660 548 710 602 per
722 534 866 601 ordinem3
880 539 907 587 et
917 534 964 588 ille
982 533 1141 588 indemnem
1159 534 1262 588 dimisit
1273 548 1337 590 eum
1355 536 1441 592 abire.

205 639 296 694 uiaret
308 651 374 706 ergo
386 637 456 691 fides
467 641 578 691 sanctae
589 635 728 690 Trinitatis
740 639 767 690 et
778 648 858 690 verae
870 636 983 689 unitatis
1002 639 1059 688 tarn
1070 635 1147 689 miris
1162 637 1246 705 signis
1263 637 1369 691 meritis
1380 651 1442 692 san·

205 744 315 794 ctorum
326 727 441 793 suorum
453 752 460 791 :
475 737 519 792 cui
532 742 574 790 est
586 737 674 791 honor
686 740 713 789 et
724 734 870 802 imperium
882 749 933 803 per
944 739 1056 789 aelerna
1069 736 1188 790 saecula.
1200 736 1297 791 Amen.

231 938 375 1006 caman
397 954 657 1004 rennerunrcms
672 955 716 1002 nu
734 933 767 1002 S.
788 936 940 1002 Euchira
963 931 1045 1023 (Cir.
1065 955 1177 1022 supra,
1195 956 1228 1022 p.
1255 937 1334 1014 355,
1354 935 1416 1025 7⁰).

402 1137 480 1191 Alma
492 1139 562 1190 beus
575 1136 702 1202 Trinitas,
716 1148 787 1202 quae
800 1135 910 1189 saecula
922 1138 1020 1189 cuncta
1031 1135 1181 1204 gubernas,

475 1249 567 1291 annue
576 1236 632 1302 jam
645 1235 758 1302 coeptis,
769 1236 840 1288 alma
854 1238 924 1288 beus
935 1235 1063 1288 Trinitas.

407 1336 480 1390 Bella
491 1338 565 1389 blaro
577 1339 697 1402 resonet,
711 1347 763 1388 nos
775 1336 869 1402 paucis
881 1334 954 1388 dona
967 1347 1107 1401 canamus,

473 1447 589 1488 munera
601 1446 652 1487 nos
664 1435 772 1501 christi,
786 1434 858 1487 bella
872 1436 945 1488 llaro
958 1437 1079 1488 resonet.

406 1536 531 1590 carmina
542 1538 617 1588 easta
629 1535 706 1600 mihi,
721 1533 817 1587 ioedae
830 1547 886 1588 non
900 1539 992 1601 raptus
1004 1533 1124 1589 Helenae
1138 1551 1146 1601 ;

473 1635 554 1689 luxus
565 1635 618 1688 erit
629 1634 751 1698 lubricis,
766 1634 887 1688 carmina
899 1638 973 1688 casta
986 1634 1062 1687 mihi.

407 1737 482 1788 bona
494 1745 613 1800 superna
624 1733 732 1801 loquar,
745 1734 846 1788 misera
857 1746 914 1788 non
927 1734 1028 1801 praelia
1040 1734 1155 1801 Trojae;

474 1838 547 1887 terra
559 1833 659 1900 quibus
671 1834 780 1901 gaudet,
793 1834 866 1887 dona
877 1847 996 1902 superna
1009 1834 1116 1901 loquar.

407 1933 447 1985 Eu
458 1935 530 1986 beus
541 1931 612 1986 altus
623 1931 679 1985 adit
692 1933 864 1987 venerandae
876 1931 990 2001 virginis
1002 1932 1102 1998 alvum,

473 2031 570 2086 liberet
582 2036 613 2084 ut
624 2031 760 2098 homines,
777 2045 812 2085 en
825 2037 895 2086 beus
907 2032 978 2086 altus
990 2031 1056 2087 adit.

409 2131 519 2185 Femina
532 2131 607 2200 virgo
620 2131 690 2198 parit
701 2132 796 2186 mundi
809 2131 907 2186 devota
918 2137 1058 2199 parentem
1072 2147 1079 2183 :

473 2235 550 2298 porta
563 2231 645 2284 blaria
659 2231 715 2298 bei,
729 2231 830 2285 femina
842 2232 917 2300 uirgo
930 2232 1010 2300 parit.

410 2331 513 2385 Gaudet
524 2331 610 2384 amica
622 2331 721 2385 cohors
732 2331 767 2385 de
779 2331 884 2400 virgine
896 2337 984 2385 matre
996 2333 1137 2399 Tonantis,

425 2427 428 2431 ’
474 2431 627 2499 virginitate
639 2432 743 2485 micans
754 2431 854 2501 gaudet
865 2432 952 2486 amica
964 2434 1072 2487 cohors.

413 2529 499 2596 liujus
511 2530 599 2583 honor
611 2530 706 2599 genuit
717 2535 791 2584 casto
804 2531 838 2584 de
849 2531 972 2599 germine
984 2530 1089 2599 plures,
1147 2519 1150 2525 ’

476 2629 613 2697 virgineos
625 2629 706 2683 tiores
718 2629 799 2697 hujus
812 2631 900 2685 honor
911 2631 1015 2699 genuit.

410 2728 521 2797 ignibus
532 2732 594 2782 usta
606 2728 671 2782 ieris
685 2730 761 2798 virgo
774 2742 830 2783 nou
842 2730 924 2783 cessit
935 2731 1062 2798 Agathos,

474 2827 578 2882 Eulalia
590 2834 618 2881 et
628 2829 732 2895 perfert
744 2829 853 2897 ignibus
864 2834 925 2883 usta
938 2829 1014 2883 ieris.

412 2931 486 2982 casta
499 2929 571 2982 ieras
583 2932 694 2996 superat
705 2928 805 2981 mentis
815 2941 865 2995 pro
878 2929 997 2982 culmine
1009 2929 1097 2995 Tecla,

478 3028 599 3081 Eulemia
612 3040 688 3081 sacra
700 3031 772 3080 casta
786 3028 857 3081 ieras
870 3033 988 3095 superat.

409 3128 514 3180 Laetari
528 3127 574 3180 det
585 3127 689 3194 gladios
701 3127 774 3181 ferro
788 3128 926 3182 robustior
939 3130 1036 3197 hgnes,

475 3227 591 3281 Caecilia
603 3227 717 3281 infestos
729 3227 823 3280 laetari
836 3228 882 3280 det
892 3227 1009 3296 gladios.

408 3326 507 3381 blultus
518 3328 547 3380 in
560 3327 627 3380 orbe
638 3327 711 3394 riget
722 3340 770 3394 per
782 3327 873 3380 sobria
885 3329 968 3382 corda
980 3329 1136 3396 triumphus
1147 3346 1155 3396 ;

474 3427 629 3481 sobrietatis
642 3439 720 3480 amor
731 3427 834 3481 multus
846 3428 874 3480 in
888 3429 955 3482 orbe
967 3429 1048 3498 viget.

409 3529 503 3580 Nostra
515 3539 625 3593 quoque
637 3527 743 3595 egregia
753 3528 809 3594 jam
822 3532 944 3593 tempora
957 3529 1032 3596 virgo
1045 3530 1143 3596 beavit,

477 3627 613 3679 Amunrrl
626 3627 694 3680 nitet
706 3632 800 3680 nostra
813 3641 922 3695 quoque
934 3629 1051 3697 egregia.

410 3727 470 3779 orta
482 3731 559 3792 patre
571 3726 680 3792 eximio,
693 3726 777 3794 regali
790 3732 817 3779 et
828 3732 970 3781 stemmate
982 3728 1065 3796 clara,

477 3826 596 3880 nobilior
608 3826 720 3880 domino
732 3831 783 3891 est,
797 3832 855 3880 orta
868 3833 943 3893 patre
955 3828 1065 3883 eximio.

411 3925 526 3992 Percipit
537 3925 566 3978 in
578 3925 698 3979 dedecus
709 3925 821 3994 reginae
834 3932 861 3980 et
874 3934 981 3993 sceptra
994 3929 1045 3982 sub
1057 3931 1148 3996 astris,

476 4024 539 4090 plus
552 4007 623 4078 astra
636 4037 751 4078 manens
764 4026 878 4092 percipit
889 4027 918 4078 in
930 4026 1061 4081 dedecus.

412 4123 480 4188 Quid
491 4123 570 4189 petis,
583 4123 665 4187 alma,
678 4124 777 4192 virum,
790 4139 891 4191 sponso
900 4127 957 4192 jam
970 4126 1061 4198 dedita
1074 4129 1202 4182 summo?

475 4235 594 4288 sponsus
605 4221 682 4275 adest
694 4224 815 4276 Christus
830 4240 836 4276 :
850 4225 916 4292 quid
931 4227 998 4292 petis
1011 4226 1205 4280 almaricum?

411 4321 488 4389 Regis
500 4328 531 4374 ut
541 4320 661 4375 aetherei
676 4328 789 4376 matrem
800 4325 866 4390 jam,
880 4324 972 4390 credo,
985 4326 1119 4392 sequaris,

478 4424 507 4472 tu
519 4432 630 4486 quoque
642 4420 680 4472 sis
693 4426 779 4474 mater
793 4423 864 4489 regis
876 4428 906 4474 ut
918 4424 1048 4476 aetherei.

412 4519 515 4584 Sponsa
527 4518 616 4572 dicata
629 4523 683 4573 beo
696 4521 738 4572 bis
750 4535 798 4574 sex
810 4528 970 4589 regnaverat
981 4523 1071 4586 annis,

479 4619 562 4685 inque
575 4620 740 4677 monasterio
752 4626 794 4673 est
806 4633 906 4692 sponsa
920 4618 1008 4675 dicata
1021 4624 1085 4679 boo.
