3316 5482
213 123 278 192 150
558 135 682 188 cartu.
703 136 805 188 couo.
826 136 1000 189 alarona.
1020 137 1100 189 aar.

210 303 347 372 lapidibus
359 310 519 374 congestum
533 305 621 359 iuerat
632 305 668 359 ad
680 304 802 359 eundem
815 304 905 359 locum
916 306 945 359 in
954 310 1095 361 momento
1106 307 1330 374 deportaverunt.
1344 309 1452 373 Quibus

209 407 336 473 peractis,
349 406 478 460 dicebant
490 411 584 459 saneto
597 406 655 460 viro
670 422 676 458 z
700 405 837 474 Domine,
852 406 925 471 jam
943 407 1023 460 sotis
1043 409 1089 461 est
1113 407 1194 475 quod
1208 407 1452 476 laboravimus,-

207 504 279 571 iube
290 518 346 559 nos
359 517 431 573 erpo
442 504 514 559 ltine
526 505 694 559 discedere.
708 505 812 569 Quibus
830 510 942 558 sanetus
960 504 1029 558 dixit
1046 521 1054 558 ι
1079 506 1162 560 Unde
1173 505 1233 562 bue
1248 507 1451 564 advenistis?

211 602 261 667 Qui
274 601 404 655 dixerunt
416 615 424 654 z
437 599 479 656 ab
492 601 656 655 Adriatico
668 601 754 654 mari
769 600 804 653 in
818 599 874 655 boc
894 603 957 656 loco
975 601 1157 657 advolantes
1175 615 1246 658 cum
1264 606 1452 673 tempestate

209 700 353 756 macciano
365 700 522 755 mediante
534 704 668 768 onpusto
680 712 784 754 mense
796 700 937 754 ventosus
955 702 1048 769 qnasi
1064 703 1203 757 secunda
1216 703 1316 758 noetis
1329 705 1449 774 cipitia
1465 711 1482 762 s

209 804 384 858 transacto.
399 801 469 856 Non
480 812 629 868 reponens
641 802 677 854 ut
688 814 745 854 nos
757 801 903 855 remittes
916 802 1005 869 illuc,
1019 802 1073 855 sed
1086 801 1139 856 nbi
1150 803 1288 870 quietius
1301 803 1452 861 ttcbitore

210 904 382 957 ooleomus.
405 901 479 957 litte
500 902 584 955 enim
606 899 816 955 intolerabilis
839 902 925 955 locem
938 903 993 967 est,
1015 900 1068 955 ubi
1088 914 1204 969 eorapo
1225 906 1339 958 cuncto
1352 906 1451 961 adse

212 1000 313 1055 trabit
333 1003 363 1054 et
382 1000 490 1054 endem
515 1000 629 1068 reddit,
651 999 690 1053 cte
709 1010 770 1067 quo
786 1000 963 1065 procedunt
975 1001 1178 1055 saevissimae
1190 1004 1400 1069 tempestates.
1415 1032 1450 1045 -

212 1103 282 1157 Non
294 1104 340 1156 est
352 1115 461 1170 mettin,
474 1101 645 1164 aitsanctus,
668 1101 808 1167 requiem
829 1101 908 1154 dore
928 1100 1029 1168 cobis,-
1041 1102 1211 1169 ttttpotius
1228 1102 1284 1158 boc
1299 1107 1450 1173 competit

212 1203 405 1271 qaipropter
425 1199 591 1269 superbiae
611 1202 733 1253 vestrae
748 1199 866 1263 ⁵vitiem
887 1199 989 1255 treboc
1001 1214 1054 1255 oos
1066 1201 1203 1255 detrusit
1228 1203 1376 1258 coritium.
1396 1205 1453 1260 Ubi
1471 1210 1490 1261 lt

211 1316 282 1371 erpo
294 1316 346 1358 vos
359 1302 425 1370 ipse
437 1299 743 1368 mattereproecepit,
759 1299 802 1352 ibt
814 1300 848 1353 in
860 1301 927 1365 ejice
939 1301 1065 1355 rtomine
1081 1300 1165 1356 oobis
1173 1302 1396 1371 praecipimus
1409 1309 1448 1359 ut

212 1403 378 1457 moneatis.
404 1402 555 1469 Statimque
577 1401 616 1453 eis
637 1399 840 1465 recedentibus,
860 1402 1000 1455 neminem
1020 1401 1137 1455 vidimus
1155 1402 1208 1454 nisi
1227 1408 1352 1456 sanctum
1371 1407 1452 1458 liusi·

213 1504 285 1556 cium
300 1501 367 1569 :qui
389 1506 417 1554 et
437 1498 518 1552 nobis
541 1499 680 1565 praecepit
702 1512 737 1552 ne
755 1499 804 1552 ulli
828 1500 878 1552 ista
897 1498 1082 1567 panderemus
1095 1518 1102 1566 3
1117 1500 1166 1554 sed
1179 1514 1231 1554 nos
1243 1501 1334 1555 divina
1347 1515 1452 1573 magna

215 1616 286 1672 quae
297 1602 425 1666 vidimus,
436 1602 546 1655 silentio
559 1614 685 1668 premere
695 1601 879 1668 nequivimus.

247 1703 301 1757 33.
317 1702 351 1756 lis
363 1702 444 1755 etiam
453 1701 551 1755 diebus
562 1700 761 1766 childebertus,
772 1715 818 1755 rcx
832 1703 1008 1768 Francorum,
1022 1707 1095 1755 moto
1108 1703 1229 1757 exercitu
1238 1716 1298 1768 suo,
1309 1703 1343 1757 ad
1354 1704 1451 1759 debel·
1471 1709 1490 1760 li

213 1802 326 1857 landum
339 1803 484 1869 Hispaniae
496 1807 607 1868 terram,
622 1805 732 1868 propter
743 1798 919 1868 Almaricum,
939 1803 985 1868 qni
1005 1815 1128 1856 sororem
1147 1815 1225 1856 suam
1243 1803 1296 1856 sibi
1314 1805 1448 1874 conjugio

212 1902 368 1969 copulatam
386 1902 452 1954 satis
472 1900 585 1967 indigne
604 1901 745 1966 tractabat,
768 1902 807 1954 ire
828 1901 1001 1967 properabat.
1024 1902 1074 1966 Qui
1087 1900 1152 1954 dum
1167 1902 1300 1955 transiret
1312 1916 1363 1970 per
1379 1903 1452 1958 tincs

215 2003 348 2055 Bituricus
360 2015 390 2055 ca
403 2006 480 2068 parte
491 2001 539 2054 ubi
552 2004 662 2054 sanctus
674 2000 797 2054 Eusicius
809 2000 946 2065 manebat,
961 2001 1063 2053 audivit
1074 2000 1110 2054 de
1122 2014 1155 2059 eo
1173 2006 1201 2054 et
1221 2000 1255 2056 de
1268 2003 1375 2056 actibus
1388 2004 1451 2070 ejus

215 2077 321 2155 abente
334 2100 452 2154 deodato
464 2100 617 2166 ceterisque
627 2099 719 2151 multis
740 2097 867 2152 fidelibus
884 2099 931 2166 qui
944 2099 970 2151 oi
981 2100 1147 2166 referebant,
1161 2105 1188 2154 et
1200 2100 1320 2154 decrevit
1333 2107 1449 2168 peracto

213 2201 322 2269 negotio
335 2212 385 2266 pro
398 2211 452 2267 quo
466 2200 522 2251 ibat
533 2211 582 2265 por
594 2211 656 2251 eum
670 2199 779 2265 reverti,
793 2212 877 2265 seque
896 2199 956 2264 ejus
976 2200 1146 2252 orationibus
1159 2198 1354 2253 commendare
1368 2214 1447 2254 eum·
1464 2202 1490 2256 2(

214 2312 268 2367 que
277 2298 347 2352 datis
360 2298 520 2351 muneribus
533 2298 677 2351 bonorare.
690 2299 852 2364 Mittensque
864 2296 974 2350 adeum
988 2298 1091 2365 rogarit
1101 2303 1132 2351 ut
1144 2299 1254 2352 interim
1267 2311 1317 2365 pro
1329 2312 1360 2353 sc
1375 2301 1449 2353 suis·

213 2414 267 2468 que
280 2399 425 2453 bominum
438 2403 572 2464 exoraret,
586 2398 646 2451 etsi
659 2396 726 2465 quid
739 2398 773 2451 de
786 2402 885 2450 eventu
903 2411 952 2452 suo
971 2399 1096 2466 sentiret,
1110 2412 1159 2466 per
1172 2400 1357 2454 internuntios
1370 2414 1443 2468 quos

214 2502 352 2554 direxerat
372 2499 410 2552 illi
433 2498 564 2552 mandare
585 2498 754 2567 (liqueretur.
768 2499 818 2563 Qui
840 2499 931 2566 regale
953 2500 1114 2554 mandatum
1128 2499 1269 2553 humiliter
1281 2498 1447 2568 suscipiens,

213 2602 438 2671 rogisoonllictus
461 2614 524 2655 cum
545 2601 681 2654 almarico
701 2613 831 2667 prospere
853 2601 1009 2655 vaticinavit
1031 2601 1147 2654 tuturos.
1170 2601 1247 2666 Quod
1264 2599 1381 2655 audiens
1394 2616 1443 2655 rex

212 2704 308 2757 laetior
319 2702 353 2755 dc
368 2707 459 2755 cetero
473 2700 617 2768 peragebat
629 2701 680 2753 iter
690 2713 781 2753 suum.
794 2700 972 2768 Tandemque
989 2701 1136 2754 auxiliante
1148 2700 1201 2753 sibi
1219 2702 1333 2755 Domino
1347 2706 1443 2769 optata
1462 2703 1490 2756 2·

212 2803 312 2869 potitus
331 2798 454 2866 victoria,
479 2800 545 2854 dum
568 2799 639 2853 redit
661 2799 696 2853 ad
717 2801 837 2867 propria,
856 2813 905 2867 per
923 2801 1063 2854 hominem
1077 2807 1202 2854 sanctum
1214 2801 1307 2854 tenire
1322 2801 1445 2855 festinat.

214 2901 253 2956 to
267 2916 349 2970 quem
372 2915 433 2954 eum
446 2900 623 2967 pervenisset,
637 2900 761 2953 osculum
783 2901 857 2965 pacis
878 2901 902 2953 ei
921 2899 1029 2963 obtulit,
1043 2912 1159 2954 narrans
1178 2901 1306 2954 universa
1318 2899 1371 2954 sibi
1384 2913 1448 2967 pro·

213 3015 291 3068 spere
305 3000 459 3067 contigisse,
474 3000 544 3052 sicut
559 2999 606 3052 ille
624 2998 806 3065 praedixerat.
826 2999 967 3066 Praecepit
985 3000 1078 3066 itaque
1090 3012 1137 3053 rex
1149 2996 1208 3054 viro
1221 3006 1316 3053 sancto
1334 2999 1446 3053 circiter

211 3100 369 3168 quindecim
382 3099 468 3152 libras
481 3099 587 3166 argenti
602 3097 660 3151 dari
673 3096 708 3150 ad
721 3097 855 3164 aptandas
867 3099 918 3152 sibi
933 3099 1103 3153 necessarias
1115 3098 1237 3152 olilcinas
1249 3117 1256 3163 3
1270 3097 1318 3153 sed
1331 3104 1358 3152 et
1369 3100 1447 3166 quic·

212 3200 279 3269 quid
299 3198 374 3253 aliud
395 3200 429 3252 ab
441 3212 474 3252 eo
487 3203 579 3265 petere
591 3197 681 3262 vellet,
704 3198 829 3264 promisit
853 3211 882 3250 sc
904 3198 1021 3251 libenter
1043 3200 1066 3251 ei
1079 3199 1218 3251 daturum.
1238 3196 1313 3263 Quod
1327 3196 1447 3252 audiens
1466 3203 1490 3253 st

211 3313 307 3354 servus
320 3299 376 3364 bei,
392 3298 542 3366 vidensque
562 3296 766 3352 multitudinem
787 3297 957 3364 captivorum
977 3299 1024 3365 qui
1049 3299 1259 3351 abducebantur
1271 3298 1306 3351 ab
1319 3296 1442 3351 exercitu

209 3401 290 3469 regis,
304 3412 385 3467 prece
397 3397 512 3464 supplici
525 3397 601 3463 petiit
620 3397 654 3449 ab
676 3409 709 3450 eo
729 3401 760 3450 ut
783 3410 830 3450 eos
848 3397 899 3450 sibi
918 3397 1004 3452 daret.
1024 3397 1107 3466 cutus
1120 3397 1244 3465 petitioni
1257 3411 1305 3452 rex
1317 3397 1442 3467 benigne

210 3515 346 3565 annuens,
357 3500 438 3567 jussit
450 3511 545 3552 omnes
557 3498 677 3564 captivos
689 3498 713 3551 ci
730 3499 789 3551 sine
803 3511 879 3552 mora
892 3499 961 3552 dari.

242 3601 297 3654 34.
317 3600 391 3653 ilulti
404 3600 493 3665 itaque
505 3611 600 3650 eornm
622 3598 668 3664 qui
681 3599 801 3665 captivos
815 3600 954 3665 tenebant,
968 3603 1024 3651 tum
1047 3600 1110 3666 (quia
1124 3600 1212 3652 virum
1234 3604 1358 3653 sanctum
1371 3613 1443 3654 con-

207 3703 315 3755 tristare
329 3699 468 3762 nolebant,
482 3704 539 3751 tum
552 3698 616 3764 quia
629 3702 772 3764 praecepto
797 3698 867 3766 regis
883 3699 1010 3752 resistere
1024 3711 1080 3753 non
1098 3700 1246 3768 audebant,
1260 3699 1444 3754 reddiderunt
1462 3705 1490 3757 δὲ

208 3815 265 3856 eos.
278 3802 324 3853 tir
335 3804 427 3853 autem
439 3802 550 3851 sanctus
570 3798 704 3851 accedens
715 3797 750 3850 ad
771 3811 818 3851 eos
841 3799 887 3865 qui
901 3799 1071 3865 potentiores
1084 3804 1163 3852 erant
1175 3805 1201 3852 et
1215 3801 1290 3868 regio
1311 3798 1444 3854 mandato

207 3899 339 3953 nolebant
350 3897 535 3965 acquiescere,
548 3897 659 3964 rogabat
671 3901 701 3950 ut
721 3897 764 3951 sel
776 3901 887 3963 accepto
899 3898 985 3963 pretio
998 3911 1048 3964 pro
1070 3898 1258 3965 redemptione
1279 3911 1376 3952 eorum
1398 3912 1442 3953 ca·

208 3997 344 4066 ptivosilli
353 3995 510 4049 redderent.
519 3995 643 4049 Abeunte
653 4009 717 4064 crgo
725 4009 787 4064 rege
797 4011 859 4050 eum
872 3999 990 4051 exercitu
1001 4012 1050 4051 suo
1064 3998 1091 4050 in
1104 4012 1181 4065 pace,
1192 4004 1303 4052 sanctus
1315 3999 1441 4052 Eusicius

209 4096 1443 4167 captiuosomnes,quosvclprccevelpretioaregetelabexercituejusimpetraverat,iris

209 4198 300 4252 verbis
312 4196 469 4263 alloquitur,
485 4195 599 4248 dicens:
621 4195 687 4248 Viri
697 4195 827 4264 fratres,
840 4198 895 4264 qni
904 4198 953 4252 bie
961 4202 1144 4265 praesentes
1162 4199 1245 4263 eatis,
1259 4199 1443 4268 quicumque
1460 4205 1490 4257 tt

209 4311 249 4351 eac
261 4295 344 4349 cobis
356 4295 398 4348 nd
405 4294 549 4362 patriam
562 4309 652 4348 suom
663 4297 781 4349 reuerti
793 4299 933 4364 cupiunt,
944 4311 1012 4351 euna
1021 4311 1099 4364 poce
1112 4300 1167 4352 Dei
1178 4301 1207 4352 et
1217 4302 1327 4354 nostro
1339 4312 1443 4353 rever·

209 4395 405 4465 tantur,·qui
424 4398 528 4449 orestem
548 4394 599 4451 bic
618 4395 775 4451 nobiseum
797 4411 959 4453 rentmcere
977 4400 1141 4468 coluerint,
1161 4413 1230 4454 cunt
1252 4401 1360 4468 pretio
1383 4402 1442 4457 Det
