<?xml version="1.0" encoding="UTF-8"?>
<!DOCTYPE html PUBLIC "-//W3C//DTD XHTML 1.0 Transitional//EN"
    "http://www.w3.org/TR/xhtml1/DTD/xhtml1-transitional.dtd">
<html xmlns="http://www.w3.org/1999/xhtml" xml:lang="en" lang="en">
 <head>
  <title>
</title>
<meta http-equiv="Content-Type" content="text/html;charset=utf-8" />
  <meta name='ocr-system' content='tesseract 3.04.00' />
  <meta name='ocr-capabilities' content='ocr_page ocr_carea ocr_par ocr_line ocrx_word'/>
</head>
<body>
  <div class='ocr_page' id='page_1' title='image "./cataloguscodicu02manugoog_0151.png"; bbox 0 0 3316 5482; ppageno 0'>
   <div class='ocr_carea' id='block_1_1' title="bbox 337 335 1227 405">
    <p class='ocr_par' dir='ltr' id='par_1_1' title="bbox 337 335 1227 405">
     <span class='ocr_line' id='line_1_1' title="bbox 337 335 1227 405; baseline 0.001 -4"><span class='ocrx_word' id='word_1_1' title='bbox 337 335 400 402; x_wconf 72' lang='lat' dir='ltr'>tte</span> <span class='ocrx_word' id='word_1_2' title='bbox 686 353 813 404; x_wconf 75' lang='lat' dir='ltr'>earm.</span> <span class='ocrx_word' id='word_1_3' title='bbox 832 353 933 404; x_wconf 87' lang='lat' dir='ltr'>ceno.</span> <span class='ocrx_word' id='word_1_4' title='bbox 953 354 1127 405; x_wconf 73' lang='lat' dir='ltr'>meroen.</span> <span class='ocrx_word' id='word_1_5' title='bbox 1146 354 1227 404; x_wconf 78' lang='lat' dir='ltr'>nur.</span> 
     </span>
    </p>
   </div>
   <div class='ocr_carea' id='block_1_2' title="bbox 276 520 1636 4771">
    <p class='ocr_par' dir='ltr' id='par_1_2' title="bbox 276 520 1636 4771">
     <span class='ocr_line' id='line_1_2' title="bbox 335 520 1568 590; baseline 0 -16"><span class='ocrx_word' id='word_1_6' title='bbox 335 520 502 574; x_wconf 79' lang='lat' dir='ltr'>inflammata</span> <span class='ocrx_word' id='word_1_7' title='bbox 514 521 622 589; x_wconf 89' lang='lat' dir='ltr'>spiritu,</span> <span class='ocrx_word' id='word_1_8' title='bbox 635 522 726 588; x_wconf 91' lang='lat' dir='ltr'>eoepit</span> <span class='ocrx_word' id='word_1_9' title='bbox 747 535 809 576; x_wconf 86' lang='lat' dir='ltr'>cunr</span> <span class='ocrx_word' id='word_1_10' title='bbox 830 522 871 575; x_wconf 92' lang='lat' dir='ltr'>eis</span> <span class='ocrx_word' id='word_1_11' title='bbox 882 522 1067 590; x_wconf 84' lang='lat' dir='ltr'>evangelizare</span> <span class='ocrx_word' id='word_1_12' title='bbox 1087 523 1233 576; x_wconf 88' lang='lat' dir='ltr'>bominum</span> <span class='ocrx_word' id='word_1_13' title='bbox 1253 524 1347 575; x_wconf 85' lang='lat' dir='ltr'>iesum</span> <span class='ocrx_word' id='word_1_14' title='bbox 1360 520 1497 574; x_wconf 84' lang='lat' dir='ltr'>christum</span> <span class='ocrx_word' id='word_1_15' title='bbox 1519 534 1568 588; x_wconf 94' lang='lat' dir='ltr'>pre</span> 
     </span>
     <span class='ocr_line' id='line_1_3' title="bbox 333 619 1571 690; baseline 0.001 -18"><span class='ocrx_word' id='word_1_16' title='bbox 333 619 524 686; x_wconf 83' lang='lat' dir='ltr'>redemptione</span> <span class='ocrx_word' id='word_1_17' title='bbox 535 620 646 688; x_wconf 88' lang='lat' dir='ltr'>generis</span> <span class='ocrx_word' id='word_1_18' title='bbox 658 620 772 675; x_wconf 88' lang='lat' dir='ltr'>humani</span> <span class='ocrx_word' id='word_1_19' title='bbox 792 621 825 675; x_wconf 88' lang='lat' dir='ltr'>de</span> <span class='ocrx_word' id='word_1_20' title='bbox 845 622 927 675; x_wconf 90' lang='lat' dir='ltr'>llaria</span> <span class='ocrx_word' id='word_1_21' title='bbox 950 622 1058 690; x_wconf 88' lang='lat' dir='ltr'>virgine</span> <span class='ocrx_word' id='word_1_22' title='bbox 1072 627 1178 688; x_wconf 88' lang='lat' dir='ltr'>natum,</span> <span class='ocrx_word' id='word_1_23' title='bbox 1191 622 1342 674; x_wconf 85' lang='lat' dir='ltr'>aiebanne</span> <span class='ocrx_word' id='word_1_24' title='bbox 1355 621 1384 673; x_wconf 94' lang='lat' dir='ltr'>in</span> <span class='ocrx_word' id='word_1_25' title='bbox 1396 619 1516 674; x_wconf 83' lang='lat' dir='ltr'>iordane</span> <span class='ocrx_word' id='word_1_26' title='bbox 1535 621 1571 674; x_wconf 92' lang='lat' dir='ltr'>ad</span> 
     </span>
     <span class='ocr_line' id='line_1_4' title="bbox 335 718 1566 788; baseline 0.002 -16"><span class='ocrx_word' id='word_1_27' title='bbox 335 718 474 786; x_wconf 79' lang='lat' dir='ltr'>exemplar</span> <span class='ocrx_word' id='word_1_28' title='bbox 493 724 604 773; x_wconf 88' lang='lat' dir='ltr'>nestrae</span> <span class='ocrx_word' id='word_1_29' title='bbox 623 720 720 773; x_wconf 89' lang='lat' dir='ltr'>salutis</span> <span class='ocrx_word' id='word_1_30' title='bbox 740 721 917 788; x_wconf 86' lang='lat' dir='ltr'>baptizatum,</span> <span class='ocrx_word' id='word_1_31' title='bbox 936 734 952 774; x_wconf 93' lang='lat' dir='ltr'>a</span> <span class='ocrx_word' id='word_1_32' title='bbox 972 720 1119 775; x_wconf 91' lang='lat' dir='ltr'>daemeuie</span> <span class='ocrx_word' id='word_1_33' title='bbox 1140 725 1285 787; x_wconf 84' lang='lat' dir='ltr'>tentatum,</span> <span class='ocrx_word' id='word_1_34' title='bbox 1307 732 1357 787; x_wconf 89' lang='lat' dir='ltr'>pre</span> <span class='ocrx_word' id='word_1_35' title='bbox 1374 719 1566 787; x_wconf 77' lang='lat' dir='ltr'>redemptione</span> 
     </span>
     <span class='ocr_line' id='line_1_5' title="bbox 334 810 1569 887; baseline 0 -16"><span class='ocrx_word' id='word_1_36' title='bbox 334 823 427 871; x_wconf 90' lang='lat' dir='ltr'>nostra</span> <span class='ocrx_word' id='word_1_37' title='bbox 440 817 601 871; x_wconf 85' lang='lat' dir='ltr'>crucifixum</span> <span class='ocrx_word' id='word_1_38' title='bbox 614 826 643 872; x_wconf 92' lang='lat' dir='ltr'>et</span> <span class='ocrx_word' id='word_1_39' title='bbox 656 832 776 886; x_wconf 90' lang='lat' dir='ltr'>passum,</span> <span class='ocrx_word' id='word_1_40' title='bbox 790 820 925 886; x_wconf 89' lang='lat' dir='ltr'>illumque</span> <span class='ocrx_word' id='word_1_41' title='bbox 934 821 992 887; x_wconf 92' lang='lat' dir='ltr'>qui,</span> <span class='ocrx_word' id='word_1_42' title='bbox 1003 821 1131 875; x_wconf 89' lang='lat' dir='ltr'>damnata</span> <span class='ocrx_word' id='word_1_43' title='bbox 1142 821 1243 873; x_wconf 84' lang='lat' dir='ltr'>inserui</span> <span class='ocrx_word' id='word_1_44' title='bbox 1253 810 1375 886; x_wconf 86' lang='lat' dir='ltr'>petentia</span> <span class='ocrx_word' id='word_1_45' title='bbox 1384 825 1447 885; x_wconf 90' lang='lat' dir='ltr'>pest</span> <span class='ocrx_word' id='word_1_46' title='bbox 1456 820 1569 873; x_wconf 88' lang='lat' dir='ltr'>tertium</span> 
     </span>
     <span class='ocr_line' id='line_1_6' title="bbox 333 916 1607 987; baseline 0.004 -19"><span class='ocrx_word' id='word_1_47' title='bbox 333 916 408 971; x_wconf 90' lang='lat' dir='ltr'>diem</span> <span class='ocrx_word' id='word_1_48' title='bbox 418 918 599 985; x_wconf 90' lang='lat' dir='ltr'>resurgendo,</span> <span class='ocrx_word' id='word_1_49' title='bbox 620 925 748 985; x_wconf 89' lang='lat' dir='ltr'>superata</span> <span class='ocrx_word' id='word_1_50' title='bbox 768 926 866 987; x_wconf 90' lang='lat' dir='ltr'>morte,</span> <span class='ocrx_word' id='word_1_51' title='bbox 880 922 967 974; x_wconf 89' lang='lat' dir='ltr'>victor</span> <span class='ocrx_word' id='word_1_52' title='bbox 985 920 1172 987; x_wconf 85' lang='lat' dir='ltr'>triumphavit,</span> <span class='ocrx_word' id='word_1_53' title='bbox 1192 925 1219 974; x_wconf 90' lang='lat' dir='ltr'>et</span> <span class='ocrx_word' id='word_1_54' title='bbox 1233 921 1291 986; x_wconf 92' lang='lat' dir='ltr'>qui,</span> <span class='ocrx_word' id='word_1_55' title='bbox 1305 920 1469 972; x_wconf 91' lang='lat' dir='ltr'>mirantibus</span> <span class='ocrx_word' id='word_1_56' title='bbox 1480 919 1570 972; x_wconf 88' lang='lat' dir='ltr'>oculis</span> <span class='ocrx_word' id='word_1_57' title='bbox 1588 922 1607 973; x_wconf 79' lang='lat'><strong>5</strong></span> 
     </span>
     <span class='ocr_line' id='line_1_7' title="bbox 335 1017 1570 1086; baseline 0.004 -19"><span class='ocrx_word' id='word_1_58' title='bbox 335 1017 501 1070; x_wconf 90' lang='lat' dir='ltr'>intuentium</span> <span class='ocrx_word' id='word_1_59' title='bbox 512 1017 643 1084; x_wconf 80' lang='lat' dir='ltr'>angelicis</span> <span class='ocrx_word' id='word_1_60' title='bbox 656 1019 730 1071; x_wconf 93' lang='lat' dir='ltr'>ulnis</span> <span class='ocrx_word' id='word_1_61' title='bbox 743 1019 777 1071; x_wconf 88' lang='lat' dir='ltr'>ad</span> <span class='ocrx_word' id='word_1_62' title='bbox 790 1019 881 1073; x_wconf 92' lang='lat' dir='ltr'>caelos</span> <span class='ocrx_word' id='word_1_63' title='bbox 893 1021 974 1085; x_wconf 88' lang='lat' dir='ltr'>latus,</span> <span class='ocrx_word' id='word_1_64' title='bbox 984 1019 1115 1086; x_wconf 83' lang='lat' dir='ltr'>Spiritum</span> <span class='ocrx_word' id='word_1_65' title='bbox 1128 1025 1252 1072; x_wconf 89' lang='lat' dir='ltr'>sanctum</span> <span class='ocrx_word' id='word_1_66' title='bbox 1264 1018 1465 1073; x_wconf 79' lang='lat' dir='ltr'>consolatorem</span> <span class='ocrx_word' id='word_1_67' title='bbox 1478 1017 1570 1072; x_wconf 82' lang='lat' dir='ltr'>Eccle-</span> 
     </span>
     <span class='ocr_line' id='line_1_8' title="bbox 333 1116 1565 1185; baseline 0.002 -16"><span class='ocrx_word' id='word_1_68' title='bbox 333 1117 391 1169; x_wconf 88' lang='lat' dir='ltr'>siae</span> <span class='ocrx_word' id='word_1_69' title='bbox 404 1116 525 1170; x_wconf 91' lang='lat' dir='ltr'>interris</span> <span class='ocrx_word' id='word_1_70' title='bbox 537 1117 619 1183; x_wconf 81' lang='lat' dir='ltr'>misit,</span> <span class='ocrx_word' id='word_1_71' title='bbox 633 1119 736 1185; x_wconf 93' lang='lat' dir='ltr'>quique</span> <span class='ocrx_word' id='word_1_72' title='bbox 753 1119 789 1172; x_wconf 91' lang='lat' dir='ltr'>ad</span> <span class='ocrx_word' id='word_1_73' title='bbox 800 1118 942 1173; x_wconf 82' lang='lat' dir='ltr'>dexteram</span> <span class='ocrx_word' id='word_1_74' title='bbox 961 1120 1006 1172; x_wconf 87' lang='lat' dir='ltr'>bei</span> <span class='ocrx_word' id='word_1_75' title='bbox 1020 1121 1105 1172; x_wconf 80' lang='lat' dir='ltr'>Patris</span> <span class='ocrx_word' id='word_1_76' title='bbox 1118 1119 1228 1185; x_wconf 90' lang='lat' dir='ltr'>sedens,</span> <span class='ocrx_word' id='word_1_77' title='bbox 1241 1125 1374 1172; x_wconf 91' lang='lat' dir='ltr'>venturus</span> <span class='ocrx_word' id='word_1_78' title='bbox 1386 1123 1427 1172; x_wconf 89' lang='lat' dir='ltr'>est</span> <span class='ocrx_word' id='word_1_79' title='bbox 1436 1117 1565 1184; x_wconf 85' lang='lat' dir='ltr'>judicare</span> 
     </span>
     <span class='ocr_line' id='line_1_9' title="bbox 335 1215 1569 1287; baseline 0.001 -17"><span class='ocrx_word' id='word_1_80' title='bbox 335 1215 412 1271; x_wconf 82' lang='lat' dir='ltr'>vivos</span> <span class='ocrx_word' id='word_1_81' title='bbox 424 1224 451 1269; x_wconf 87' lang='lat' dir='ltr'>et</span> <span class='ocrx_word' id='word_1_82' title='bbox 463 1221 586 1271; x_wconf 90' lang='lat' dir='ltr'>mertuos</span> <span class='ocrx_word' id='word_1_83' title='bbox 597 1223 624 1271; x_wconf 91' lang='lat' dir='ltr'>et</span> <span class='ocrx_word' id='word_1_84' title='bbox 644 1219 785 1273; x_wconf 90' lang='lat' dir='ltr'>saeculum</span> <span class='ocrx_word' id='word_1_85' title='bbox 807 1233 856 1286; x_wconf 91' lang='lat' dir='ltr'>per</span> <span class='ocrx_word' id='word_1_86' title='bbox 877 1220 978 1287; x_wconf 87' lang='lat' dir='ltr'>ignem.</span> <span class='ocrx_word' id='word_1_87' title='bbox 999 1222 1075 1272; x_wconf 83' lang='lat' dir='ltr'>Tune</span> <span class='ocrx_word' id='word_1_88' title='bbox 1097 1220 1184 1272; x_wconf 88' lang='lat' dir='ltr'>saecli</span> <span class='ocrx_word' id='word_1_89' title='bbox 1196 1220 1246 1272; x_wconf 88' lang='lat' dir='ltr'>viri</span> <span class='ocrx_word' id='word_1_90' title='bbox 1259 1219 1384 1272; x_wconf 85' lang='lat' dir='ltr'>videntes</span> <span class='ocrx_word' id='word_1_91' title='bbox 1397 1230 1456 1272; x_wconf 90' lang='lat' dir='ltr'>eam</span> <span class='ocrx_word' id='word_1_92' title='bbox 1470 1220 1499 1271; x_wconf 92' lang='lat' dir='ltr'>in</span> <span class='ocrx_word' id='word_1_93' title='bbox 1513 1216 1569 1271; x_wconf 90' lang='lat' dir='ltr'>ilde</span> 
     </span>
     <span class='ocr_line' id='line_1_10' title="bbox 333 1316 1568 1386; baseline 0.004 -19"><span class='ocrx_word' id='word_1_94' title='bbox 333 1316 431 1367; x_wconf 79' lang='lat' dir='ltr'>Christi</span> <span class='ocrx_word' id='word_1_95' title='bbox 452 1317 649 1382; x_wconf 87' lang='lat' dir='ltr'>perspiritum</span> <span class='ocrx_word' id='word_1_96' title='bbox 670 1325 795 1371; x_wconf 90' lang='lat' dir='ltr'>sanctum</span> <span class='ocrx_word' id='word_1_97' title='bbox 816 1318 1015 1386; x_wconf 87' lang='lat' dir='ltr'>confirmatam,</span> <span class='ocrx_word' id='word_1_98' title='bbox 1036 1319 1176 1385; x_wconf 75' lang='lat' dir='ltr'>quantiam</span> <span class='ocrx_word' id='word_1_99' title='bbox 1196 1319 1235 1370; x_wconf 87' lang='lat' dir='ltr'>illi</span> <span class='ocrx_word' id='word_1_100' title='bbox 1260 1319 1384 1372; x_wconf 87' lang='lat' dir='ltr'>iecerunt</span> <span class='ocrx_word' id='word_1_101' title='bbox 1405 1319 1568 1384; x_wconf 81' lang='lat' dir='ltr'>speluncam</span> 
     </span>
     <span class='ocr_line' id='line_1_11' title="bbox 332 1414 1629 1483; baseline 0.002 -15"><span class='ocrx_word' id='word_1_102' title='bbox 332 1414 481 1483; x_wconf 82' lang='lat' dir='ltr'>aedificari,</span> <span class='ocrx_word' id='word_1_103' title='bbox 496 1417 524 1468; x_wconf 95' lang='lat' dir='ltr'>in</span> <span class='ocrx_word' id='word_1_104' title='bbox 537 1429 591 1483; x_wconf 93' lang='lat' dir='ltr'>qua</span> <span class='ocrx_word' id='word_1_105' title='bbox 604 1420 658 1470; x_wconf 90' lang='lat' dir='ltr'>beo</span> <span class='ocrx_word' id='word_1_106' title='bbox 671 1419 794 1471; x_wconf 85' lang='lat' dir='ltr'>serviens</span> <span class='ocrx_word' id='word_1_107' title='bbox 806 1420 888 1471; x_wconf 79' lang='lat' dir='ltr'>vitam</span> <span class='ocrx_word' id='word_1_108' title='bbox 900 1418 1014 1472; x_wconf 91' lang='lat' dir='ltr'>duceret</span> <span class='ocrx_word' id='word_1_109' title='bbox 1027 1419 1185 1473; x_wconf 85' lang='lat' dir='ltr'>solitariam.</span> <span class='ocrx_word' id='word_1_110' title='bbox 1594 1420 1629 1471; x_wconf 84' lang='lat' dir='ltr'>re</span> 
     </span>
     <span class='ocr_line' id='line_1_12' title="bbox 366 1516 1570 1586; baseline 0.003 -18"><span class='ocrx_word' id='word_1_111' title='bbox 366 1516 398 1568; x_wconf 80' lang='grc'>6.</span> <span class='ocrx_word' id='word_1_112' title='bbox 411 1516 519 1569; x_wconf 90' lang='lat' dir='ltr'>lnterea</span> <span class='ocrx_word' id='word_1_113' title='bbox 531 1529 595 1570; x_wconf 85' lang='lat' dir='ltr'>vero</span> <span class='ocrx_word' id='word_1_114' title='bbox 607 1518 783 1583; x_wconf 84' lang='lat' dir='ltr'>corusculus,</span> <span class='ocrx_word' id='word_1_115' title='bbox 793 1520 841 1585; x_wconf 88' lang='lat' dir='ltr'>qui</span> <span class='ocrx_word' id='word_1_116' title='bbox 854 1523 914 1572; x_wconf 91' lang='lat' dir='ltr'>erat</span> <span class='ocrx_word' id='word_1_117' title='bbox 926 1519 1020 1572; x_wconf 89' lang='lat' dir='ltr'>beatae</span> <span class='ocrx_word' id='word_1_118' title='bbox 1031 1518 1159 1573; x_wconf 81' lang='lat' dir='ltr'>liedenae</span> <span class='ocrx_word' id='word_1_119' title='bbox 1169 1533 1285 1586; x_wconf 90' lang='lat' dir='ltr'>sponsus</span> <span class='ocrx_word' id='word_1_120' title='bbox 1297 1519 1414 1584; x_wconf 85' lang='lat' dir='ltr'>iuturus,</span> <span class='ocrx_word' id='word_1_121' title='bbox 1427 1523 1570 1585; x_wconf 87' lang='lat' dir='ltr'>comperta</span> 
     </span>
     <span class='ocr_line' id='line_1_13' title="bbox 332 1616 1568 1685; baseline 0.002 -19"><span class='ocrx_word' id='word_1_122' title='bbox 332 1626 449 1680; x_wconf 84' lang='lat' dir='ltr'>sponsae</span> <span class='ocrx_word' id='word_1_123' title='bbox 463 1627 529 1668; x_wconf 89' lang='lat' dir='ltr'>suae</span> <span class='ocrx_word' id='word_1_124' title='bbox 550 1616 675 1669; x_wconf 87' lang='lat' dir='ltr'>absentia</span> <span class='ocrx_word' id='word_1_125' title='bbox 696 1617 782 1671; x_wconf 89' lang='lat' dir='ltr'>iratus</span> <span class='ocrx_word' id='word_1_126' title='bbox 803 1618 954 1685; x_wconf 82' lang='lat' dir='ltr'>intremuit,</span> <span class='ocrx_word' id='word_1_127' title='bbox 976 1623 1003 1672; x_wconf 91' lang='lat' dir='ltr'>et</span> <span class='ocrx_word' id='word_1_128' title='bbox 1024 1618 1059 1671; x_wconf 92' lang='lat' dir='ltr'>ab</span> <span class='ocrx_word' id='word_1_129' title='bbox 1079 1618 1177 1672; x_wconf 88' lang='lat' dir='ltr'>incelis</span> <span class='ocrx_word' id='word_1_130' title='bbox 1198 1619 1296 1672; x_wconf 90' lang='lat' dir='ltr'>demus</span> <span class='ocrx_word' id='word_1_131' title='bbox 1310 1618 1394 1684; x_wconf 93' lang='lat' dir='ltr'>patris</span> <span class='ocrx_word' id='word_1_132' title='bbox 1412 1617 1568 1684; x_wconf 89' lang='lat' dir='ltr'>illiusquid</span> 
     </span>
     <span class='ocr_line' id='line_1_14' title="bbox 333 1713 1569 1784; baseline 0.004 -19"><span class='ocrx_word' id='word_1_133' title='bbox 333 1715 392 1780; x_wconf 91' lang='lat' dir='ltr'>ipsa</span> <span class='ocrx_word' id='word_1_134' title='bbox 405 1713 522 1780; x_wconf 88' lang='lat' dir='ltr'>iecisset,</span> <span class='ocrx_word' id='word_1_135' title='bbox 535 1719 582 1768; x_wconf 91' lang='lat' dir='ltr'>aut</span> <span class='ocrx_word' id='word_1_136' title='bbox 593 1729 647 1782; x_wconf 89' lang='lat' dir='ltr'>qua</span> <span class='ocrx_word' id='word_1_137' title='bbox 659 1714 694 1768; x_wconf 92' lang='lat' dir='ltr'>de</span> <span class='ocrx_word' id='word_1_138' title='bbox 707 1729 790 1770; x_wconf 90' lang='lat' dir='ltr'>causa</span> <span class='ocrx_word' id='word_1_139' title='bbox 802 1718 861 1784; x_wconf 91' lang='lat' dir='ltr'>ipsa</span> <span class='ocrx_word' id='word_1_140' title='bbox 881 1717 1005 1782; x_wconf 89' lang='lat' dir='ltr'>abiisset,</span> <span class='ocrx_word' id='word_1_141' title='bbox 1015 1719 1189 1772; x_wconf 83' lang='lat' dir='ltr'>vehementer</span> <span class='ocrx_word' id='word_1_142' title='bbox 1201 1718 1324 1784; x_wconf 83' lang='lat' dir='ltr'>inquirit.</span> <span class='ocrx_word' id='word_1_143' title='bbox 1339 1719 1372 1769; x_wconf 80' lang='lat' dir='ltr'>tt</span> <span class='ocrx_word' id='word_1_144' title='bbox 1394 1716 1435 1769; x_wconf 92' lang='lat' dir='ltr'>illi</span> <span class='ocrx_word' id='word_1_145' title='bbox 1451 1729 1569 1783; x_wconf 88' lang='lat' dir='ltr'>respon-</span> 
     </span>
     <span class='ocr_line' id='line_1_15' title="bbox 333 1812 1636 1882; baseline 0.002 -16"><span class='ocrx_word' id='word_1_146' title='bbox 333 1812 430 1866; x_wconf 89' lang='lat' dir='ltr'>dentes</span> <span class='ocrx_word' id='word_1_147' title='bbox 442 1814 538 1868; x_wconf 90' lang='lat' dir='ltr'>dicunt</span> <span class='ocrx_word' id='word_1_148' title='bbox 548 1813 682 1880; x_wconf 90' lang='lat' dir='ltr'>quosdam</span> <span class='ocrx_word' id='word_1_149' title='bbox 692 1816 730 1869; x_wconf 94' lang='lat' dir='ltr'>ibi</span> <span class='ocrx_word' id='word_1_150' title='bbox 742 1816 827 1870; x_wconf 84' lang='lat' dir='ltr'>luisse</span> <span class='ocrx_word' id='word_1_151' title='bbox 839 1817 965 1870; x_wconf 83' lang='lat' dir='ltr'>homiues</span> <span class='ocrx_word' id='word_1_152' title='bbox 978 1818 1144 1870; x_wconf 86' lang='lat' dir='ltr'>christianae</span> <span class='ocrx_word' id='word_1_153' title='bbox 1157 1816 1219 1870; x_wconf 84' lang='lat' dir='ltr'>fidei</span> <span class='ocrx_word' id='word_1_154' title='bbox 1238 1820 1397 1882; x_wconf 76' lang='lat' dir='ltr'>assertores,</span> <span class='ocrx_word' id='word_1_155' title='bbox 1411 1820 1439 1869; x_wconf 90' lang='lat' dir='ltr'>et</span> <span class='ocrx_word' id='word_1_156' title='bbox 1451 1816 1503 1868; x_wconf 92' lang='lat' dir='ltr'>nisi</span> <span class='ocrx_word' id='word_1_157' title='bbox 1517 1816 1570 1870; x_wconf 90' lang='lat' dir='ltr'>bes</span> <span class='ocrx_word' id='word_1_158' title='bbox 1635 1879 1636 1882; x_wconf 7' lang='grc' dir='ltr'><strong>Ἴ</strong></span> 
     </span>
     <span class='ocr_line' id='line_1_16' title="bbox 333 1913 1624 1984; baseline 0.005 -20"><span class='ocrx_word' id='word_1_159' title='bbox 333 1918 426 1966; x_wconf 90' lang='lat' dir='ltr'>secuta</span> <span class='ocrx_word' id='word_1_160' title='bbox 438 1913 638 1968; x_wconf 87' lang='lat' dir='ltr'>luisseteorum</span> <span class='ocrx_word' id='word_1_161' title='bbox 660 1915 772 1969; x_wconf 87' lang='lat' dir='ltr'>seducta</span> <span class='ocrx_word' id='word_1_162' title='bbox 791 1917 912 1981; x_wconf 88' lang='lat' dir='ltr'>monitis,</span> <span class='ocrx_word' id='word_1_163' title='bbox 936 1917 1014 1970; x_wconf 91' lang='lat' dir='ltr'>aliter</span> <span class='ocrx_word' id='word_1_164' title='bbox 1026 1931 1081 1983; x_wconf 93' lang='lat' dir='ltr'>quo</span> <span class='ocrx_word' id='word_1_165' title='bbox 1094 1917 1235 1970; x_wconf 85' lang='lat' dir='ltr'>devenerit</span> <span class='ocrx_word' id='word_1_166' title='bbox 1247 1930 1276 1969; x_wconf 94' lang='lat' dir='ltr'>se</span> <span class='ocrx_word' id='word_1_167' title='bbox 1295 1917 1423 1984; x_wconf 85' lang='lat' dir='ltr'>ignorare</span> <span class='ocrx_word' id='word_1_168' title='bbox 1436 1915 1568 1970; x_wconf 86' lang='lat' dir='ltr'>latentur.</span> <span class='ocrx_word' id='word_1_169' title='bbox 1589 1917 1624 1970; x_wconf 75' lang='lat' dir='ltr'>lb</span> 
     </span>
     <span class='ocr_line' id='line_1_17' title="bbox 332 2013 1568 2084; baseline 0 -18"><span class='ocrx_word' id='word_1_170' title='bbox 332 2015 409 2067; x_wconf 80' lang='lat' dir='ltr'>Tunc</span> <span class='ocrx_word' id='word_1_171' title='bbox 418 2013 591 2080; x_wconf 76' lang='lat' dir='ltr'>emmonius,</span> <span class='ocrx_word' id='word_1_172' title='bbox 603 2015 680 2066; x_wconf 88' lang='lat' dir='ltr'>nimii</span> <span class='ocrx_word' id='word_1_173' title='bbox 690 2015 949 2084; x_wconf 84' lang='lat' dir='ltr'>lurorisexagitatus</span> <span class='ocrx_word' id='word_1_174' title='bbox 961 2017 1107 2084; x_wconf 92' lang='lat' dir='ltr'>incendiis,</span> <span class='ocrx_word' id='word_1_175' title='bbox 1121 2016 1301 2084; x_wconf 90' lang='lat' dir='ltr'>quadraginta</span> <span class='ocrx_word' id='word_1_176' title='bbox 1313 2021 1342 2070; x_wconf 91' lang='lat' dir='ltr'>et</span> <span class='ocrx_word' id='word_1_177' title='bbox 1354 2018 1483 2083; x_wconf 90' lang='lat' dir='ltr'>quattuor</span> <span class='ocrx_word' id='word_1_178' title='bbox 1493 2028 1568 2068; x_wconf 87' lang='lat' dir='ltr'>corn·</span> 
     </span>
     <span class='ocr_line' id='line_1_18' title="bbox 333 2113 1567 2183; baseline 0.001 -17"><span class='ocrx_word' id='word_1_179' title='bbox 333 2113 472 2167; x_wconf 91' lang='lat' dir='ltr'>militenes</span> <span class='ocrx_word' id='word_1_180' title='bbox 485 2126 550 2168; x_wconf 91' lang='lat' dir='ltr'>suos</span> <span class='ocrx_word' id='word_1_181' title='bbox 570 2127 633 2168; x_wconf 91' lang='lat' dir='ltr'>cum</span> <span class='ocrx_word' id='word_1_182' title='bbox 655 2116 734 2182; x_wconf 92' lang='lat' dir='ltr'>equis</span> <span class='ocrx_word' id='word_1_183' title='bbox 751 2129 844 2170; x_wconf 89' lang='lat' dir='ltr'>secum</span> <span class='ocrx_word' id='word_1_184' title='bbox 856 2130 1010 2182; x_wconf 89' lang='lat' dir='ltr'>assumens,</span> <span class='ocrx_word' id='word_1_185' title='bbox 1031 2119 1082 2170; x_wconf 87' lang='lat' dir='ltr'>iter</span> <span class='ocrx_word' id='word_1_186' title='bbox 1095 2117 1220 2183; x_wconf 90' lang='lat' dir='ltr'>arripuit,</span> <span class='ocrx_word' id='word_1_187' title='bbox 1235 2122 1262 2170; x_wconf 91' lang='lat' dir='ltr'>et</span> <span class='ocrx_word' id='word_1_188' title='bbox 1273 2117 1308 2170; x_wconf 93' lang='lat' dir='ltr'>ab</span> <span class='ocrx_word' id='word_1_189' title='bbox 1322 2115 1420 2170; x_wconf 90' lang='lat' dir='ltr'>incolis</span> <span class='ocrx_word' id='word_1_190' title='bbox 1431 2115 1567 2182; x_wconf 85' lang='lat' dir='ltr'>cujusque</span> 
     </span>
     <span class='ocr_line' id='line_1_19' title="bbox 333 2215 1567 2291; baseline -0.001 -24"><span class='ocrx_word' id='word_1_191' title='bbox 333 2217 452 2284; x_wconf 80' lang='lat' dir='ltr'>regionis</span> <span class='ocrx_word' id='word_1_192' title='bbox 463 2216 534 2269; x_wconf 82' lang='lat' dir='ltr'>viam</span> <span class='ocrx_word' id='word_1_193' title='bbox 547 2229 596 2282; x_wconf 88' lang='lat' dir='ltr'>per</span> <span class='ocrx_word' id='word_1_194' title='bbox 608 2229 690 2283; x_wconf 82' lang='lat' dir='ltr'>quatu</span> <span class='ocrx_word' id='word_1_195' title='bbox 703 2217 822 2271; x_wconf 91' lang='lat' dir='ltr'>cultores</span> <span class='ocrx_word' id='word_1_196' title='bbox 835 2219 903 2291; x_wconf 68' lang='lat' dir='ltr'>[beu</span> <span class='ocrx_word' id='word_1_197' title='bbox 917 2220 1088 2273; x_wconf 90' lang='lat' dir='ltr'>incesserant</span> <span class='ocrx_word' id='word_1_198' title='bbox 1105 2219 1259 2285; x_wconf 86' lang='lat' dir='ltr'>inquirens,</span> <span class='ocrx_word' id='word_1_199' title='bbox 1282 2230 1338 2270; x_wconf 92' lang='lat' dir='ltr'>neu</span> <span class='ocrx_word' id='word_1_200' title='bbox 1352 2217 1427 2283; x_wconf 90' lang='lat' dir='ltr'>prius</span> <span class='ocrx_word' id='word_1_201' title='bbox 1440 2215 1491 2268; x_wconf 94' lang='lat' dir='ltr'>nisi</span> <span class='ocrx_word' id='word_1_202' title='bbox 1504 2228 1567 2281; x_wconf 90' lang='lat' dir='ltr'>per·</span> 
     </span>
     <span class='ocr_line' id='line_1_20' title="bbox 332 2315 1563 2386; baseline -0.001 -19"><span class='ocrx_word' id='word_1_203' title='bbox 332 2316 469 2369; x_wconf 90' lang='lat' dir='ltr'>noctando</span> <span class='ocrx_word' id='word_1_204' title='bbox 493 2316 623 2370; x_wconf 82' lang='lat' dir='ltr'>abstinuit</span> <span class='ocrx_word' id='word_1_205' title='bbox 651 2330 794 2386; x_wconf 82' lang='lat' dir='ltr'>quousque</span> <span class='ocrx_word' id='word_1_206' title='bbox 816 2319 849 2371; x_wconf 93' lang='lat' dir='ltr'>ad</span> <span class='ocrx_word' id='word_1_207' title='bbox 866 2319 997 2385; x_wconf 88' lang='lat' dir='ltr'>oppidum</span> <span class='ocrx_word' id='word_1_208' title='bbox 1021 2320 1050 2372; x_wconf 93' lang='lat' dir='ltr'>in</span> <span class='ocrx_word' id='word_1_209' title='bbox 1078 2331 1133 2385; x_wconf 95' lang='lat' dir='ltr'>quo</span> <span class='ocrx_word' id='word_1_210' title='bbox 1158 2318 1208 2384; x_wconf 91' lang='lat' dir='ltr'>ipsi</span> <span class='ocrx_word' id='word_1_211' title='bbox 1235 2317 1373 2384; x_wconf 79' lang='lat' dir='ltr'>degebant</span> <span class='ocrx_word' id='word_1_212' title='bbox 1397 2315 1563 2382; x_wconf 79' lang='lat' dir='ltr'>peruenerit.</span> 
     </span>
     <span class='ocr_line' id='line_1_21' title="bbox 334 2414 1621 2484; baseline 0.002 -19"><span class='ocrx_word' id='word_1_213' title='bbox 334 2415 458 2479; x_wconf 79' lang='lat' dir='ltr'>Repertis</span> <span class='ocrx_word' id='word_1_214' title='bbox 470 2427 534 2482; x_wconf 91' lang='lat' dir='ltr'>erge</span> <span class='ocrx_word' id='word_1_215' title='bbox 546 2428 663 2482; x_wconf 85' lang='lat' dir='ltr'>querum</span> <span class='ocrx_word' id='word_1_216' title='bbox 677 2417 880 2482; x_wconf 89' lang='lat' dir='ltr'>praedicatione</span> <span class='ocrx_word' id='word_1_217' title='bbox 892 2419 951 2484; x_wconf 85' lang='lat' dir='ltr'>ejus</span> <span class='ocrx_word' id='word_1_218' title='bbox 965 2431 1064 2484; x_wconf 88' lang='lat' dir='ltr'>sponsa</span> <span class='ocrx_word' id='word_1_219' title='bbox 1078 2418 1192 2484; x_wconf 89' lang='lat' dir='ltr'>patriam</span> <span class='ocrx_word' id='word_1_220' title='bbox 1206 2416 1395 2482; x_wconf 88' lang='lat' dir='ltr'>mundumque</span> <span class='ocrx_word' id='word_1_221' title='bbox 1405 2414 1563 2481; x_wconf 84' lang='lat' dir='ltr'>reliquerat,</span> <span class='ocrx_word' id='word_1_222' title='bbox 1583 2416 1621 2467; x_wconf 75' lang='lat'>20</span> 
     </span>
     <span class='ocr_line' id='line_1_22' title="bbox 276 2510 1566 2593; baseline -0.001 -26"><span class='ocrx_word' id='word_1_223' title='bbox 276 2588 278 2593; x_wconf 13' lang='lat'><strong>¹</strong></span> <span class='ocrx_word' id='word_1_224' title='bbox 332 2510 512 2567; x_wconf 83' lang='lat' dir='ltr'>vehementer</span> <span class='ocrx_word' id='word_1_225' title='bbox 524 2515 552 2567; x_wconf 90' lang='lat' dir='ltr'>in</span> <span class='ocrx_word' id='word_1_226' title='bbox 573 2516 642 2569; x_wconf 88' lang='lat' dir='ltr'>iram</span> <span class='ocrx_word' id='word_1_227' title='bbox 664 2522 826 2583; x_wconf 87' lang='lat' dir='ltr'>commotus,</span> <span class='ocrx_word' id='word_1_228' title='bbox 846 2517 990 2572; x_wconf 82' lang='lat' dir='ltr'>tundendo</span> <span class='ocrx_word' id='word_1_229' title='bbox 1003 2517 1169 2585; x_wconf 88' lang='lat' dir='ltr'>improperia</span> <span class='ocrx_word' id='word_1_230' title='bbox 1191 2516 1419 2582; x_wconf 75' lang='lat' dir='ltr'>sciscitatusque</span> <span class='ocrx_word' id='word_1_231' title='bbox 1440 2514 1516 2579; x_wconf 82' lang='lat' dir='ltr'>virge</span> <span class='ocrx_word' id='word_1_232' title='bbox 1529 2514 1566 2566; x_wconf 89' lang='lat' dir='ltr'>ab</span> 
     </span>
     <span class='ocr_line' id='line_1_23' title="bbox 333 2610 1565 2680; baseline -0.001 -16"><span class='ocrx_word' id='word_1_233' title='bbox 333 2612 373 2664; x_wconf 92' lang='lat' dir='ltr'>eis</span> <span class='ocrx_word' id='word_1_234' title='bbox 386 2611 497 2666; x_wconf 90' lang='lat' dir='ltr'>seducta</span> <span class='ocrx_word' id='word_1_235' title='bbox 515 2621 675 2668; x_wconf 87' lang='lat' dir='ltr'>secesserat.</span> <span class='ocrx_word' id='word_1_236' title='bbox 697 2616 736 2668; x_wconf 76' lang='lat' dir='ltr'>Ad</span> <span class='ocrx_word' id='word_1_237' title='bbox 751 2617 818 2669; x_wconf 85' lang='lat' dir='ltr'>baec</span> <span class='ocrx_word' id='word_1_238' title='bbox 836 2618 931 2670; x_wconf 88' lang='lat' dir='ltr'>beatus</span> <span class='ocrx_word' id='word_1_239' title='bbox 948 2617 1074 2669; x_wconf 84' lang='lat' dir='ltr'>Silvanus</span> <span class='ocrx_word' id='word_1_240' title='bbox 1086 2617 1226 2669; x_wconf 89' lang='lat' dir='ltr'>moderata</span> <span class='ocrx_word' id='word_1_241' title='bbox 1239 2627 1305 2667; x_wconf 84' lang='lat' dir='ltr'>voce</span> <span class='ocrx_word' id='word_1_242' title='bbox 1318 2613 1478 2680; x_wconf 89' lang='lat' dir='ltr'>respondit:</span> <span class='ocrx_word' id='word_1_243' title='bbox 1498 2610 1565 2664; x_wconf 85' lang='lat' dir='ltr'>Vir-</span> 
     </span>
     <span class='ocr_line' id='line_1_24' title="bbox 331 2712 1565 2784; baseline 0.001 -20"><span class='ocrx_word' id='word_1_244' title='bbox 331 2712 436 2779; x_wconf 83' lang='lat' dir='ltr'>pinem</span> <span class='ocrx_word' id='word_1_245' title='bbox 448 2727 543 2781; x_wconf 82' lang='lat' dir='ltr'>quam</span> <span class='ocrx_word' id='word_1_246' title='bbox 555 2716 693 2782; x_wconf 82' lang='lat' dir='ltr'>requiris</span> <span class='ocrx_word' id='word_1_247' title='bbox 704 2719 794 2772; x_wconf 85' lang='lat' dir='ltr'>nuile</span> <span class='ocrx_word' id='word_1_248' title='bbox 807 2718 896 2772; x_wconf 91' lang='lat' dir='ltr'>medo</span> <span class='ocrx_word' id='word_1_249' title='bbox 913 2718 1107 2784; x_wconf 74' lang='lat' dir='ltr'>seducimus,</span> <span class='ocrx_word' id='word_1_250' title='bbox 1125 2717 1180 2771; x_wconf 89' lang='lat' dir='ltr'>sed</span> <span class='ocrx_word' id='word_1_251' title='bbox 1198 2717 1354 2769; x_wconf 87' lang='lat' dir='ltr'>deerrare</span> <span class='ocrx_word' id='word_1_252' title='bbox 1366 2712 1565 2769; x_wconf 83' lang='lat' dir='ltr'>tenebrarum</span> 
     </span>
     <span class='ocr_line' id='line_1_25' title="bbox 332 2809 1565 2883; baseline 0.001 -21"><span class='ocrx_word' id='word_1_253' title='bbox 332 2809 375 2862; x_wconf 89' lang='lat' dir='ltr'>ad</span> <span class='ocrx_word' id='word_1_254' title='bbox 386 2823 493 2865; x_wconf 87' lang='lat' dir='ltr'>verum</span> <span class='ocrx_word' id='word_1_255' title='bbox 508 2813 607 2868; x_wconf 87' lang='lat' dir='ltr'>iucem</span> <span class='ocrx_word' id='word_1_256' title='bbox 619 2818 761 2869; x_wconf 86' lang='lat' dir='ltr'>vocatam</span> <span class='ocrx_word' id='word_1_257' title='bbox 776 2829 923 2883; x_wconf 86' lang='lat' dir='ltr'>spensam</span> <span class='ocrx_word' id='word_1_258' title='bbox 935 2816 1067 2883; x_wconf 86' lang='lat' dir='ltr'>superni</span> <span class='ocrx_word' id='word_1_259' title='bbox 1082 2815 1164 2881; x_wconf 82' lang='lat' dir='ltr'>repis</span> <span class='ocrx_word' id='word_1_260' title='bbox 1174 2815 1247 2880; x_wconf 80' lang='lat' dir='ltr'>jam</span> <span class='ocrx_word' id='word_1_261' title='bbox 1262 2827 1328 2868; x_wconf 86' lang='lat' dir='ltr'>esse</span> <span class='ocrx_word' id='word_1_262' title='bbox 1339 2813 1466 2867; x_wconf 81' lang='lat' dir='ltr'>scimus.</span> <span class='ocrx_word' id='word_1_263' title='bbox 1480 2813 1565 2864; x_wconf 84' lang='lat' dir='ltr'>Ceru-</span> 
     </span>
     <span class='ocr_line' id='line_1_26' title="bbox 332 2909 1619 2983; baseline 0.002 -22"><span class='ocrx_word' id='word_1_264' title='bbox 332 2909 424 2961; x_wconf 88' lang='lat' dir='ltr'>scelus</span> <span class='ocrx_word' id='word_1_265' title='bbox 435 2916 527 2963; x_wconf 92' lang='lat' dir='ltr'>autem</span> <span class='ocrx_word' id='word_1_266' title='bbox 537 2912 603 2965; x_wconf 89' lang='lat' dir='ltr'>dum</span> <span class='ocrx_word' id='word_1_267' title='bbox 615 2915 715 2967; x_wconf 86' lang='lat' dir='ltr'>acriter</span> <span class='ocrx_word' id='word_1_268' title='bbox 727 2915 849 2980; x_wconf 88' lang='lat' dir='ltr'>instaret,</span> <span class='ocrx_word' id='word_1_269' title='bbox 860 2916 1017 2983; x_wconf 89' lang='lat' dir='ltr'>quaeritans</span> <span class='ocrx_word' id='word_1_270' title='bbox 1031 2916 1078 2969; x_wconf 94' lang='lat' dir='ltr'>ubi</span> <span class='ocrx_word' id='word_1_271' title='bbox 1096 2915 1170 2982; x_wconf 82' lang='lat' dir='ltr'>virge</span> <span class='ocrx_word' id='word_1_272' title='bbox 1182 2916 1289 2980; x_wconf 90' lang='lat' dir='ltr'>lateret,</span> <span class='ocrx_word' id='word_1_273' title='bbox 1300 2912 1439 2980; x_wconf 91' lang='lat' dir='ltr'>praecepit</span> <span class='ocrx_word' id='word_1_274' title='bbox 1451 2916 1564 2964; x_wconf 90' lang='lat' dir='ltr'>sanctus</span> <span class='ocrx_word' id='word_1_275' title='bbox 1582 2913 1619 2964; x_wconf 77' lang='lat' dir='ltr'>att</span> 
     </span>
     <span class='ocr_line' id='line_1_27' title="bbox 330 3008 1564 3082; baseline 0.002 -22"><span class='ocrx_word' id='word_1_276' title='bbox 330 3008 457 3062; x_wconf 85' lang='lat' dir='ltr'>Silvanus</span> <span class='ocrx_word' id='word_1_277' title='bbox 470 3010 549 3064; x_wconf 92' lang='lat' dir='ltr'>beato</span> <span class='ocrx_word' id='word_1_278' title='bbox 562 3013 692 3067; x_wconf 84' lang='lat' dir='ltr'>Silvestre</span> <span class='ocrx_word' id='word_1_279' title='bbox 713 3016 841 3068; x_wconf 90' lang='lat' dir='ltr'>consocio</span> <span class='ocrx_word' id='word_1_280' title='bbox 863 3029 912 3069; x_wconf 91' lang='lat' dir='ltr'>suo</span> <span class='ocrx_word' id='word_1_281' title='bbox 933 3017 1063 3082; x_wconf 88' lang='lat' dir='ltr'>quatinus</span> <span class='ocrx_word' id='word_1_282' title='bbox 1083 3015 1173 3068; x_wconf 88' lang='lat' dir='ltr'>laeum</span> <span class='ocrx_word' id='word_1_283' title='bbox 1195 3015 1223 3065; x_wconf 91' lang='lat' dir='ltr'>in</span> <span class='ocrx_word' id='word_1_284' title='bbox 1236 3026 1291 3079; x_wconf 93' lang='lat' dir='ltr'>que</span> <span class='ocrx_word' id='word_1_285' title='bbox 1310 3013 1468 3065; x_wconf 84' lang='lat' dir='ltr'>morabatur</span> <span class='ocrx_word' id='word_1_286' title='bbox 1486 3010 1564 3077; x_wconf 81' lang='lat' dir='ltr'>virgo</span> 
     </span>
     <span class='ocr_line' id='line_1_28' title="bbox 331 3109 1564 3177; baseline 0.002 -18"><span class='ocrx_word' id='word_1_287' title='bbox 331 3114 447 3174; x_wconf 90' lang='lat' dir='ltr'>peteret,</span> <span class='ocrx_word' id='word_1_288' title='bbox 461 3109 603 3176; x_wconf 90' lang='lat' dir='ltr'>ipsamque</span> <span class='ocrx_word' id='word_1_289' title='bbox 616 3112 644 3163; x_wconf 94' lang='lat' dir='ltr'>in</span> <span class='ocrx_word' id='word_1_290' title='bbox 658 3114 840 3177; x_wconf 87' lang='lat' dir='ltr'>praesentiam</span> <span class='ocrx_word' id='word_1_291' title='bbox 853 3115 903 3166; x_wconf 84' lang='lat' dir='ltr'>viri</span> <span class='ocrx_word' id='word_1_292' title='bbox 917 3114 990 3167; x_wconf 90' lang='lat' dir='ltr'>illius</span> <span class='ocrx_word' id='word_1_293' title='bbox 1007 3114 1164 3167; x_wconf 89' lang='lat' dir='ltr'>adduceret.</span> <span class='ocrx_word' id='word_1_294' title='bbox 1187 3116 1247 3166; x_wconf 84' lang='lat' dir='ltr'>llex</span> <span class='ocrx_word' id='word_1_295' title='bbox 1267 3124 1332 3165; x_wconf 89' lang='lat' dir='ltr'>vere</span> <span class='ocrx_word' id='word_1_296' title='bbox 1344 3115 1374 3163; x_wconf 89' lang='lat' dir='ltr'>ut</span> <span class='ocrx_word' id='word_1_297' title='bbox 1386 3109 1515 3162; x_wconf 89' lang='lat' dir='ltr'>nuntium</span> <span class='ocrx_word' id='word_1_298' title='bbox 1527 3109 1564 3161; x_wconf 90' lang='lat' dir='ltr'>de</span> 
     </span>
     <span class='ocr_line' id='line_1_29' title="bbox 332 3206 1565 3278; baseline 0.001 -20"><span class='ocrx_word' id='word_1_299' title='bbox 332 3207 452 3260; x_wconf 83' lang='lat' dir='ltr'>adventu</span> <span class='ocrx_word' id='word_1_300' title='bbox 464 3210 603 3262; x_wconf 82' lang='lat' dir='ltr'>corusculi</span> <span class='ocrx_word' id='word_1_301' title='bbox 623 3211 719 3264; x_wconf 90' lang='lat' dir='ltr'>beatae</span> <span class='ocrx_word' id='word_1_302' title='bbox 740 3211 868 3265; x_wconf 83' lang='lat' dir='ltr'>Redenae</span> <span class='ocrx_word' id='word_1_303' title='bbox 889 3215 1001 3266; x_wconf 90' lang='lat' dir='ltr'>auribus</span> <span class='ocrx_word' id='word_1_304' title='bbox 1014 3214 1145 3276; x_wconf 89' lang='lat' dir='ltr'>insonuit,</span> <span class='ocrx_word' id='word_1_305' title='bbox 1159 3213 1264 3278; x_wconf 90' lang='lat' dir='ltr'>absque</span> <span class='ocrx_word' id='word_1_306' title='bbox 1277 3223 1363 3273; x_wconf 89' lang='lat' dir='ltr'>mora,</span> <span class='ocrx_word' id='word_1_307' title='bbox 1376 3209 1493 3275; x_wconf 89' lang='lat' dir='ltr'>arreptis</span> <span class='ocrx_word' id='word_1_308' title='bbox 1511 3206 1565 3260; x_wconf 88' lang='lat' dir='ltr'>lor-</span> 
     </span>
     <span class='ocr_line' id='line_1_30' title="bbox 332 3306 1563 3379; baseline -0.001 -20"><span class='ocrx_word' id='word_1_309' title='bbox 332 3306 439 3372; x_wconf 92' lang='lat' dir='ltr'>cipibus</span> <span class='ocrx_word' id='word_1_310' title='bbox 450 3308 550 3374; x_wconf 91' lang='lat' dir='ltr'>quibus</span> <span class='ocrx_word' id='word_1_311' title='bbox 563 3322 670 3374; x_wconf 92' lang='lat' dir='ltr'>pannos</span> <span class='ocrx_word' id='word_1_312' title='bbox 682 3310 804 3364; x_wconf 89' lang='lat' dir='ltr'>incidere</span> <span class='ocrx_word' id='word_1_313' title='bbox 817 3313 932 3377; x_wconf 90' lang='lat' dir='ltr'>solebat,</span> <span class='ocrx_word' id='word_1_314' title='bbox 946 3314 1064 3379; x_wconf 90' lang='lat' dir='ltr'>speciem</span> <span class='ocrx_word' id='word_1_315' title='bbox 1083 3327 1170 3375; x_wconf 86' lang='lat' dir='ltr'>suam,</span> <span class='ocrx_word' id='word_1_316' title='bbox 1186 3324 1263 3372; x_wconf 91' lang='lat' dir='ltr'>naso,</span> <span class='ocrx_word' id='word_1_317' title='bbox 1278 3310 1370 3375; x_wconf 90' lang='lat' dir='ltr'>labris,</span> <span class='ocrx_word' id='word_1_318' title='bbox 1383 3308 1563 3373; x_wconf 88' lang='lat' dir='ltr'>auribusque,</span> 
     </span>
     <span class='ocr_line' id='line_1_31' title="bbox 331 3404 1618 3478; baseline 0.002 -21"><span class='ocrx_word' id='word_1_319' title='bbox 331 3410 361 3457; x_wconf 92' lang='lat' dir='ltr'>ut</span> <span class='ocrx_word' id='word_1_320' title='bbox 372 3406 499 3471; x_wconf 91' lang='lat' dir='ltr'>despecta</span> <span class='ocrx_word' id='word_1_321' title='bbox 517 3407 665 3473; x_wconf 85' lang='lat' dir='ltr'>videretur,</span> <span class='ocrx_word' id='word_1_322' title='bbox 688 3410 791 3473; x_wconf 87' lang='lat' dir='ltr'>recisis,</span> <span class='ocrx_word' id='word_1_323' title='bbox 813 3411 976 3478; x_wconf 80' lang='lat' dir='ltr'>deturpavit.</span> <span class='ocrx_word' id='word_1_324' title='bbox 991 3411 1088 3464; x_wconf 81' lang='lat' dir='ltr'>Mirum</span> <span class='ocrx_word' id='word_1_325' title='bbox 1109 3412 1210 3477; x_wconf 92' lang='lat' dir='ltr'>quippe</span> <span class='ocrx_word' id='word_1_326' title='bbox 1230 3409 1357 3463; x_wconf 91' lang='lat' dir='ltr'>omnibus</span> <span class='ocrx_word' id='word_1_327' title='bbox 1375 3406 1521 3459; x_wconf 87' lang='lat' dir='ltr'>baberetur</span> <span class='ocrx_word' id='word_1_328' title='bbox 1536 3404 1566 3457; x_wconf 92' lang='lat' dir='ltr'>in</span> <span class='ocrx_word' id='word_1_329' title='bbox 1582 3408 1618 3459; x_wconf 77' lang='lat'>30</span> 
     </span>
     <span class='ocr_line' id='line_1_32' title="bbox 330 3502 1562 3575; baseline 0.001 -21"><span class='ocrx_word' id='word_1_330' title='bbox 330 3503 451 3558; x_wconf 80' lang='lat' dir='ltr'>feminee</span> <span class='ocrx_word' id='word_1_331' title='bbox 463 3519 579 3571; x_wconf 92' lang='lat' dir='ltr'>corpore</span> <span class='ocrx_word' id='word_1_332' title='bbox 591 3515 645 3560; x_wconf 83' lang='lat' dir='ltr'>tana</span> <span class='ocrx_word' id='word_1_333' title='bbox 658 3509 763 3561; x_wconf 87' lang='lat' dir='ltr'>virilem</span> <span class='ocrx_word' id='word_1_334' title='bbox 777 3517 864 3563; x_wconf 85' lang='lat' dir='ltr'>ertarn</span> <span class='ocrx_word' id='word_1_335' title='bbox 877 3523 937 3563; x_wconf 89' lang='lat' dir='ltr'>esse</span> <span class='ocrx_word' id='word_1_336' title='bbox 950 3511 1150 3575; x_wconf 67' lang='lat' dir='ltr'>constantiam</span> <span class='ocrx_word' id='word_1_337' title='bbox 1168 3509 1215 3562; x_wconf 89' lang='lat' dir='ltr'>sed</span> <span class='ocrx_word' id='word_1_338' title='bbox 1230 3509 1332 3574; x_wconf 90' lang='lat' dir='ltr'>Spiritu</span> <span class='ocrx_word' id='word_1_339' title='bbox 1350 3511 1445 3559; x_wconf 88' lang='lat' dir='ltr'>sancto</span> <span class='ocrx_word' id='word_1_340' title='bbox 1463 3502 1562 3556; x_wconf 86' lang='lat' dir='ltr'>contir-</span> 
     </span>
     <span class='ocr_line' id='line_1_33' title="bbox 333 3603 1564 3670; baseline -0.001 -14"><span class='ocrx_word' id='word_1_341' title='bbox 333 3610 416 3670; x_wconf 91' lang='lat' dir='ltr'>mata,</span> <span class='ocrx_word' id='word_1_342' title='bbox 430 3605 503 3658; x_wconf 91' lang='lat' dir='ltr'>illam</span> <span class='ocrx_word' id='word_1_343' title='bbox 518 3620 611 3660; x_wconf 88' lang='lat' dir='ltr'>secum</span> <span class='ocrx_word' id='word_1_344' title='bbox 625 3609 787 3661; x_wconf 86' lang='lat' dir='ltr'>retractabat</span> <span class='ocrx_word' id='word_1_345' title='bbox 795 3603 963 3663; x_wconf 77' lang='lat' dir='ltr'>&#39;sententiam</span> <span class='ocrx_word' id='word_1_346' title='bbox 977 3610 1107 3664; x_wconf 85' lang='lat' dir='ltr'>:Metius</span> <span class='ocrx_word' id='word_1_347' title='bbox 1119 3612 1164 3663; x_wconf 87' lang='lat' dir='ltr'>cst</span> <span class='ocrx_word' id='word_1_348' title='bbox 1176 3622 1247 3662; x_wconf 87' lang='lat' dir='ltr'>cum</span> <span class='ocrx_word' id='word_1_349' title='bbox 1264 3619 1325 3660; x_wconf 83' lang='lat' dir='ltr'>uno</span> <span class='ocrx_word' id='word_1_350' title='bbox 1337 3605 1426 3659; x_wconf 89' lang='lat' dir='ltr'>acuta</span> <span class='ocrx_word' id='word_1_351' title='bbox 1439 3603 1564 3656; x_wconf 87' lang='lat' dir='ltr'>intrare</span> 
     </span>
     <span class='ocr_line' id='line_1_34' title="bbox 331 3703 1563 3782; baseline -0.001 -26"><span class='ocrx_word' id='word_1_352' title='bbox 331 3704 365 3756; x_wconf 88' lang='lat' dir='ltr'>in</span> <span class='ocrx_word' id='word_1_353' title='bbox 377 3706 515 3771; x_wconf 77' lang='lat' dir='ltr'>requiem</span> <span class='ocrx_word' id='word_1_354' title='bbox 527 3721 622 3782; x_wconf 85' lang='lat' dir='ltr'>quam</span> <span class='ocrx_word' id='word_1_355' title='bbox 634 3721 706 3761; x_wconf 81' lang='lat' dir='ltr'>cuni</span> <span class='ocrx_word' id='word_1_356' title='bbox 728 3709 848 3762; x_wconf 86' lang='lat' dir='ltr'>duobus</span> <span class='ocrx_word' id='word_1_357' title='bbox 868 3710 952 3763; x_wconf 84' lang='lat' dir='ltr'>mitti</span> <span class='ocrx_word' id='word_1_358' title='bbox 972 3709 1005 3761; x_wconf 87' lang='lat' dir='ltr'>in</span> <span class='ocrx_word' id='word_1_359' title='bbox 1021 3708 1203 3777; x_wconf 83' lang='lat' dir='ltr'>pebenuam.</span> <span class='ocrx_word' id='word_1_360' title='bbox 1217 3711 1273 3773; x_wconf 81' lang='lat' dir='ltr'>Qua</span> <span class='ocrx_word' id='word_1_361' title='bbox 1286 3708 1351 3770; x_wconf 87' lang='lat' dir='ltr'>visa,</span> <span class='ocrx_word' id='word_1_362' title='bbox 1365 3716 1484 3770; x_wconf 89' lang='lat' dir='ltr'>sponsus</span> <span class='ocrx_word' id='word_1_363' title='bbox 1502 3703 1563 3768; x_wconf 81' lang='lat' dir='ltr'>ejus</span> 
     </span>
     <span class='ocr_line' id='line_1_35' title="bbox 331 3801 1563 3874; baseline 0.001 -21"><span class='ocrx_word' id='word_1_364' title='bbox 331 3802 519 3869; x_wconf 90' lang='lat' dir='ltr'>improperans</span> <span class='ocrx_word' id='word_1_365' title='bbox 531 3805 569 3858; x_wconf 87' lang='lat' dir='ltr'>ait</span> <span class='ocrx_word' id='word_1_366' title='bbox 582 3821 589 3857; x_wconf 79' lang='lat'>2</span> <span class='ocrx_word' id='word_1_367' title='bbox 604 3806 692 3860; x_wconf 83' lang='lat' dir='ltr'>Mede</span> <span class='ocrx_word' id='word_1_368' title='bbox 704 3810 786 3860; x_wconf 88' lang='lat' dir='ltr'>certe</span> <span class='ocrx_word' id='word_1_369' title='bbox 797 3808 886 3873; x_wconf 68' lang='lat' dir='ltr'>capris</span> <span class='ocrx_word' id='word_1_370' title='bbox 899 3809 955 3860; x_wconf 86' lang='lat' dir='ltr'>Dei</span> <span class='ocrx_word' id='word_1_371' title='bbox 966 3821 1161 3874; x_wconf 87' lang='lat' dir='ltr'>quarumque</span> <span class='ocrx_word' id='word_1_372' title='bbox 1176 3817 1386 3874; x_wconf 85' lang='lat' dir='ltr'>personarum</span> <span class='ocrx_word' id='word_1_373' title='bbox 1399 3801 1563 3857; x_wconf 73' lang='lat' dir='ltr'>imitatrix</span> 
     </span>
     <span class='ocr_line' id='line_1_36' title="bbox 331 3899 1616 3974; baseline -0.001 -20"><span class='ocrx_word' id='word_1_374' title='bbox 331 3899 477 3956; x_wconf 79' lang='lat' dir='ltr'>habearis</span> <span class='ocrx_word' id='word_1_375' title='bbox 492 3905 606 3972; x_wconf 83' lang='lat' dir='ltr'>petam</span> <span class='ocrx_word' id='word_1_376' title='bbox 630 3909 684 3973; x_wconf 88' lang='lat' dir='ltr'>est,</span> <span class='ocrx_word' id='word_1_377' title='bbox 710 3907 892 3973; x_wconf 78' lang='lat' dir='ltr'>quaemihi</span> <span class='ocrx_word' id='word_1_378' title='bbox 918 3909 994 3961; x_wconf 87' lang='lat' dir='ltr'>tetis</span> <span class='ocrx_word' id='word_1_379' title='bbox 1017 3910 1142 3974; x_wconf 85' lang='lat' dir='ltr'>tamque</span> <span class='ocrx_word' id='word_1_380' title='bbox 1165 3906 1312 3974; x_wconf 82' lang='lat' dir='ltr'>informis</span> <span class='ocrx_word' id='word_1_381' title='bbox 1328 3903 1565 3972; x_wconf 67' lang='lat' dir='ltr'>apparentiae</span> <span class='ocrx_word' id='word_1_382' title='bbox 1581 3903 1616 3954; x_wconf 71' lang='lat' dir='ltr'>ab</span> 
     </span>
     <span class='ocr_line' id='line_1_37' title="bbox 330 4002 1564 4074; baseline 0.001 -21"><span class='ocrx_word' id='word_1_383' title='bbox 330 4003 486 4067; x_wconf 83' lang='lat' dir='ltr'>quertdem</span> <span class='ocrx_word' id='word_1_384' title='bbox 497 4005 701 4071; x_wconf 67' lang='lat' dir='ltr'>arctissimae</span> <span class='ocrx_word' id='word_1_385' title='bbox 716 4006 970 4073; x_wconf 78' lang='lat' dir='ltr'>pulchritudinis</span> <span class='ocrx_word' id='word_1_386' title='bbox 981 4007 1059 4074; x_wconf 79' lang='lat' dir='ltr'>fiere</span> <span class='ocrx_word' id='word_1_387' title='bbox 1072 4011 1136 4061; x_wconf 89' lang='lat' dir='ltr'>tem</span> <span class='ocrx_word' id='word_1_388' title='bbox 1149 4007 1326 4060; x_wconf 81' lang='lat' dir='ltr'>indecenter</span> <span class='ocrx_word' id='word_1_389' title='bbox 1332 4002 1469 4071; x_wconf 86' lang='lat' dir='ltr'>perdite.</span> <span class='ocrx_word' id='word_1_390' title='bbox 1484 4003 1564 4054; x_wconf 82' lang='lat' dir='ltr'>Tune</span> 
     </span>
     <span class='ocr_line' id='line_1_38' title="bbox 331 4101 1561 4174; baseline -0.001 -20"><span class='ocrx_word' id='word_1_391' title='bbox 331 4107 441 4154; x_wconf 88' lang='lat' dir='ltr'>sanctus</span> <span class='ocrx_word' id='word_1_392' title='bbox 454 4103 579 4157; x_wconf 88' lang='lat' dir='ltr'>silvanus</span> <span class='ocrx_word' id='word_1_393' title='bbox 592 4104 660 4157; x_wconf 84' lang='lat' dir='ltr'>dixit</span> <span class='ocrx_word' id='word_1_394' title='bbox 669 4105 764 4158; x_wconf 90' lang='lat' dir='ltr'>beatae</span> <span class='ocrx_word' id='word_1_395' title='bbox 776 4107 874 4174; x_wconf 85' lang='lat' dir='ltr'>virgini</span> <span class='ocrx_word' id='word_1_396' title='bbox 888 4124 894 4158; x_wconf 81' lang='lat' dir='ltr'><strong><em>z</em></strong></span> <span class='ocrx_word' id='word_1_397' title='bbox 909 4107 1017 4161; x_wconf 81' lang='lat' dir='ltr'>Amica</span> <span class='ocrx_word' id='word_1_398' title='bbox 1030 4107 1086 4160; x_wconf 89' lang='lat' dir='ltr'>Dei</span> <span class='ocrx_word' id='word_1_399' title='bbox 1094 4107 1230 4170; x_wconf 86' lang='lat' dir='ltr'>Rodeue,</span> <span class='ocrx_word' id='word_1_400' title='bbox 1243 4105 1321 4172; x_wconf 90' lang='lat' dir='ltr'>quid</span> <span class='ocrx_word' id='word_1_401' title='bbox 1328 4101 1433 4172; x_wconf 80' lang='lat' dir='ltr'>fecisti</span> <span class='ocrx_word' id='word_1_402' title='bbox 1442 4101 1480 4154; x_wconf 89' lang='lat' dir='ltr'>de</span> <span class='ocrx_word' id='word_1_403' title='bbox 1483 4111 1561 4166; x_wconf 86' lang='lat' dir='ltr'>per-</span> 
     </span>
     <span class='ocr_line' id='line_1_39' title="bbox 331 4199 1563 4273; baseline -0.002 -20"><span class='ocrx_word' id='word_1_404' title='bbox 331 4200 421 4268; x_wconf 85' lang='lat' dir='ltr'>tibus,</span> <span class='ocrx_word' id='word_1_405' title='bbox 435 4203 543 4256; x_wconf 76' lang='lat' dir='ltr'>earnis</span> <span class='ocrx_word' id='word_1_406' title='bbox 560 4202 669 4270; x_wconf 83' lang='lat' dir='ltr'>quibus</span> <span class='ocrx_word' id='word_1_407' title='bbox 689 4207 863 4273; x_wconf 82' lang='lat' dir='ltr'>amputatis</span> <span class='ocrx_word' id='word_1_408' title='bbox 883 4205 997 4273; x_wconf 83' lang='lat' dir='ltr'>faciem</span> <span class='ocrx_word' id='word_1_409' title='bbox 1019 4210 1106 4259; x_wconf 83' lang='lat' dir='ltr'>tuam</span> <span class='ocrx_word' id='word_1_410' title='bbox 1119 4208 1183 4258; x_wconf 88' lang='lat' dir='ltr'>tem</span> <span class='ocrx_word' id='word_1_411' title='bbox 1202 4206 1340 4272; x_wconf 81' lang='lat' dir='ltr'>turpiter</span> <span class='ocrx_word' id='word_1_412' title='bbox 1351 4199 1539 4270; x_wconf 78' lang='lat' dir='ltr'>deformasti</span> <span class='ocrx_word' id='word_1_413' title='bbox 1549 4215 1563 4268; x_wconf 71' lang='lat'><em>3</em></span> 
     </span>
     <span class='ocr_line' id='line_1_40' title="bbox 331 4301 1562 4372; baseline -0.002 -19"><span class='ocrx_word' id='word_1_414' title='bbox 331 4301 378 4354; x_wconf 90' lang='lat' dir='ltr'>llla</span> <span class='ocrx_word' id='word_1_415' title='bbox 391 4307 492 4365; x_wconf 91' lang='lat' dir='ltr'>autem,</span> <span class='ocrx_word' id='word_1_416' title='bbox 501 4304 565 4368; x_wconf 89' lang='lat' dir='ltr'>quia</span> <span class='ocrx_word' id='word_1_417' title='bbox 578 4305 685 4357; x_wconf 78' lang='lat' dir='ltr'>noviter</span> <span class='ocrx_word' id='word_1_418' title='bbox 697 4311 752 4358; x_wconf 91' lang='lat' dir='ltr'>lam</span> <span class='ocrx_word' id='word_1_419' title='bbox 760 4306 844 4358; x_wconf 91' lang='lat' dir='ltr'>crude</span> <span class='ocrx_word' id='word_1_420' title='bbox 855 4307 955 4358; x_wconf 88' lang='lat' dir='ltr'>iactum</span> <span class='ocrx_word' id='word_1_421' title='bbox 965 4306 999 4359; x_wconf 91' lang='lat' dir='ltr'>de</span> <span class='ocrx_word' id='word_1_422' title='bbox 1009 4309 1097 4372; x_wconf 88' lang='lat' dir='ltr'>seipsa</span> <span class='ocrx_word' id='word_1_423' title='bbox 1109 4304 1246 4367; x_wconf 76' lang='lat' dir='ltr'>effecerat,</span> <span class='ocrx_word' id='word_1_424' title='bbox 1255 4305 1328 4372; x_wconf 89' lang='lat' dir='ltr'>ipsas</span> <span class='ocrx_word' id='word_1_425' title='bbox 1338 4303 1458 4356; x_wconf 89' lang='lat' dir='ltr'>abscisas</span> <span class='ocrx_word' id='word_1_426' title='bbox 1468 4303 1562 4366; x_wconf 89' lang='lat' dir='ltr'>partes</span> 
     </span>
     <span class='ocr_line' id='line_1_41' title="bbox 329 4397 1613 4470; baseline -0.002 -19"><span class='ocrx_word' id='word_1_427' title='bbox 329 4399 417 4452; x_wconf 90' lang='lat' dir='ltr'>adhuc</span> <span class='ocrx_word' id='word_1_428' title='bbox 431 4401 458 4451; x_wconf 94' lang='lat' dir='ltr'>in</span> <span class='ocrx_word' id='word_1_429' title='bbox 473 4401 598 4454; x_wconf 90' lang='lat' dir='ltr'>manibus</span> <span class='ocrx_word' id='word_1_430' title='bbox 620 4404 776 4456; x_wconf 83' lang='lat' dir='ltr'>revolvebat</span> <span class='ocrx_word' id='word_1_431' title='bbox 788 4422 795 4469; x_wconf 85' lang='lat'>3</span> <span class='ocrx_word' id='word_1_432' title='bbox 815 4417 883 4470; x_wconf 91' lang='lat' dir='ltr'>quas</span> <span class='ocrx_word' id='word_1_433' title='bbox 896 4404 1023 4470; x_wconf 86' lang='lat' dir='ltr'>prolatas,</span> <span class='ocrx_word' id='word_1_434' title='bbox 1037 4411 1144 4457; x_wconf 88' lang='lat' dir='ltr'>astante</span> <span class='ocrx_word' id='word_1_435' title='bbox 1157 4404 1316 4466; x_wconf 83' lang='lat' dir='ltr'>coruscule,</span> <span class='ocrx_word' id='word_1_436' title='bbox 1329 4404 1408 4455; x_wconf 90' lang='lat' dir='ltr'>beato</span> <span class='ocrx_word' id='word_1_437' title='bbox 1423 4397 1560 4453; x_wconf 86' lang='lat' dir='ltr'>sacerdoti</span> <span class='ocrx_word' id='word_1_438' title='bbox 1578 4398 1613 4449; x_wconf 83' lang='grc'>111</span> 
     </span>
     <span class='ocr_line' id='line_1_42' title="bbox 330 4499 1563 4571; baseline 0 -20"><span class='ocrx_word' id='word_1_439' title='bbox 330 4504 580 4564; x_wconf 73' lang='lat' dir='ltr'>praesentatione</span> <span class='ocrx_word' id='word_1_440' title='bbox 601 4503 642 4554; x_wconf 81' lang='lat' dir='ltr'>vir</span> <span class='ocrx_word' id='word_1_441' title='bbox 663 4503 708 4556; x_wconf 85' lang='lat' dir='ltr'>bei</span> <span class='ocrx_word' id='word_1_442' title='bbox 730 4504 867 4569; x_wconf 83' lang='lat' dir='ltr'>Silvanus,</span> <span class='ocrx_word' id='word_1_443' title='bbox 892 4505 934 4557; x_wconf 89' lang='grc'><strong>1115</strong></span> <span class='ocrx_word' id='word_1_444' title='bbox 955 4505 1088 4571; x_wconf 88' lang='lat' dir='ltr'>susceptis</span> <span class='ocrx_word' id='word_1_445' title='bbox 1107 4504 1240 4570; x_wconf 87' lang='lat' dir='ltr'>partibus,</span> <span class='ocrx_word' id='word_1_446' title='bbox 1255 4504 1324 4555; x_wconf 84' lang='lat' dir='ltr'>lacte</span> <span class='ocrx_word' id='word_1_447' title='bbox 1338 4507 1449 4554; x_wconf 90' lang='lat' dir='ltr'>sanctae</span> <span class='ocrx_word' id='word_1_448' title='bbox 1470 4499 1563 4552; x_wconf 87' lang='lat' dir='ltr'>crucis</span> 
     </span>
     <span class='ocr_line' id='line_1_43' title="bbox 328 4598 1561 4671; baseline 0.001 -21"><span class='ocrx_word' id='word_1_449' title='bbox 328 4598 480 4665; x_wconf 90' lang='lat' dir='ltr'>signaculo,</span> <span class='ocrx_word' id='word_1_450' title='bbox 493 4613 715 4669; x_wconf 88' lang='lat' dir='ltr'>unamquamque</span> <span class='ocrx_word' id='word_1_451' title='bbox 728 4615 823 4656; x_wconf 87' lang='lat' dir='ltr'>eorum</span> <span class='ocrx_word' id='word_1_452' title='bbox 837 4604 896 4657; x_wconf 93' lang='lat' dir='ltr'>lece</span> <span class='ocrx_word' id='word_1_453' title='bbox 911 4605 940 4656; x_wconf 92' lang='lat' dir='ltr'>in</span> <span class='ocrx_word' id='word_1_454' title='bbox 952 4617 1007 4670; x_wconf 93' lang='lat' dir='ltr'>que</span> <span class='ocrx_word' id='word_1_455' title='bbox 1018 4605 1094 4671; x_wconf 88' lang='lat' dir='ltr'>prius</span> <span class='ocrx_word' id='word_1_456' title='bbox 1107 4608 1266 4656; x_wconf 79' lang='lat' dir='ltr'>pranserant</span> <span class='ocrx_word' id='word_1_457' title='bbox 1278 4603 1315 4654; x_wconf 92' lang='lat' dir='ltr'>ita</span> <span class='ocrx_word' id='word_1_458' title='bbox 1327 4600 1415 4655; x_wconf 89' lang='lat' dir='ltr'>solide</span> <span class='ocrx_word' id='word_1_459' title='bbox 1429 4600 1561 4664; x_wconf 88' lang='lat' dir='ltr'>restituit,</span> 
     </span>
     <span class='ocr_line' id='line_1_44' title="bbox 328 4699 1166 4771; baseline 0.007 -21"><span class='ocrx_word' id='word_1_460' title='bbox 328 4702 358 4750; x_wconf 90' lang='lat' dir='ltr'>ut</span> <span class='ocrx_word' id='word_1_461' title='bbox 370 4699 509 4752; x_wconf 89' lang='lat' dir='ltr'>restitutae</span> <span class='ocrx_word' id='word_1_462' title='bbox 521 4700 597 4754; x_wconf 89' lang='lat' dir='ltr'>nuile</span> <span class='ocrx_word' id='word_1_463' title='bbox 609 4700 691 4755; x_wconf 92' lang='lat' dir='ltr'>mede</span> <span class='ocrx_word' id='word_1_464' title='bbox 704 4707 888 4755; x_wconf 88' lang='lat' dir='ltr'>monstrarent</span> <span class='ocrx_word' id='word_1_465' title='bbox 900 4703 1009 4771; x_wconf 87' lang='lat' dir='ltr'>signum</span> <span class='ocrx_word' id='word_1_466' title='bbox 1022 4703 1166 4756; x_wconf 86' lang='lat' dir='ltr'>cicatricis.</span> 
     </span>
    </p>
   </div>
   <div class='ocr_carea' id='block_1_3' title="bbox 0 0 1662 5482">
    <p class='ocr_par' dir='ltr' id='par_1_3' title="bbox 0 0 1662 5482">
     <span class='ocr_line' id='line_1_45' title="bbox 0 0 1662 5482; baseline 0 2"><span class='ocrx_word' id='word_1_467' title='bbox 0 0 1662 5482; x_wconf 95' lang='lat' dir='ltr'> </span> 
     </span>
    </p>
   </div>
  </div>
 </body>
</html>
