3316 5482
309 370 402 421 areu.
421 372 504 423 nar.
523 372 639 424 rents.
658 374 873 457 -aermtn
892 375 940 425 an
956 374 1034 426 oon.
1053 370 1130 423 5301.
1293 357 1337 423 33

100 549 155 604 quo
176 537 236 604 ipse
256 537 354 591 beatus
375 550 489 606 corpore
524 540 651 608 quiescit,
675 543 784 598 sanimti
806 543 929 597 restituta
948 548 989 597 est
1009 546 1037 596 et
1056 542 1177 610 rigorem
1196 541 1338 609 proprium

105 636 220 703 recepit.
825 662 827 667 .

139 735 172 787 ii.
187 737 219 789 ln
239 735 301 790 loco
317 720 370 790 ubi‘
384 737 443 804 ipse
462 738 636 792 beatissimus
652 739 696 794 sir
712 741 790 795 initio
803 741 1018 795 conversationis
1036 752 1103 794 suae
1121 743 1148 793 et
1165 739 1340 806 bospicabilis

99 834 172 889 uitae
184 842 364 890 conversatus
377 840 429 903 est,
442 836 490 889 ubl
503 837 554 891 sibi
568 839 707 906 tugurium
719 838 860 906 quoddam
872 843 1009 892 struxerat
1029 843 1142 906 propter
1164 838 1294 892 imbrium
1313 843 1341 893 et

66 940 82 991 5
99 939 211 1007 trigoris
223 939 421 993 immanitatem
432 939 613 994 coercendam
625 946 653 993 et
665 941 732 995 solis
741 940 833 994 radios
844 939 1036 1007 declinandos,
1049 953 1106 1007 quo
1118 941 1230 994 clausus
1245 939 1339 993 multis

100 1038 202 1092 diebus
223 1038 465 1104 contemplationis
486 1052 552 1093 suae
573 1043 696 1106 tempora
718 1040 816 1108 exegit,
839 1052 893 1106 quo
916 1040 944 1091 in
970 1040 1031 1094 loco
1051 1044 1190 1093 tantarum
1210 1040 1341 1093 virtutum

103 1138 140 1192 ab
163 1138 211 1192 illa
229 1144 325 1192 sancta
348 1122 556 1193 conuersatione
577 1139 736 1194 claruerunt
756 1140 953 1194 incrementata
975 1139 1193 1194 sanctificatione
1213 1143 1341 1207 percepta

104 1238 249 1303 miracula,
262 1244 293 1292 ut
304 1239 399 1306 plures
410 1240 493 1293 etiam
506 1244 654 1293 narrentur
667 1240 695 1293 in
717 1239 815 1294 eodem
835 1240 895 1294 loco
919 1245 1031 1293 exactae
1051 1231 1167 1294 virtutes
1185 1243 1214 1293 et
1225 1239 1341 1292 miracu·

105 1338 199 1392 lorum
211 1338 330 1407 insignia
342 1351 424 1407 quam
438 1339 485 1392 ubi
498 1340 557 1406 ipse
569 1341 696 1393 humatus
709 1351 825 1406 corpore
848 1339 1004 1407 requiescit.
1017 1341 1138 1407 Namque
1150 1344 1182 1392 ut
1200 1338 1236 1392 de
1248 1337 1342 1391 multis

56 1438 89 1491 to
105 1449 195 1504 pauca
215 1451 372 1505 narremus,
396 1438 537 1506 cujusdam
559 1438 723 1505 presbyteri,
747 1440 859 1492 nomine
882 1438 1024 1503 Godoleni,
1046 1438 1093 1505 qui
1120 1443 1147 1492 et
1170 1439 1228 1504 ipse
1250 1442 1342 1504 postea

106 1539 261 1592 monachus
274 1536 388 1592 effectus
399 1541 449 1604 est,
463 1537 592 1604 famulus,
609 1538 722 1591 nomine
745 1537 899 1603 Bernullus,
913 1551 976 1590 oum
985 1537 1043 1604 jam
1055 1536 1212 1604 supradicto
1230 1536 1341 1604 presby·

104 1642 166 1691 tero
177 1638 321 1692 accidisset
342 1643 373 1691 ut
392 1652 443 1705 pro
455 1639 513 1691 suis
534 1638 744 1692 necessitatibus
765 1637 866 1691 exinde
884 1637 919 1690 ad
944 1642 1052 1703 tempus
1071 1637 1220 1704 recederet,
1239 1636 1344 1689 dimisit

107 1734 243 1790 famulum
255 1737 408 1803 praeratum
420 1736 455 1790 ad
467 1734 619 1789 custodiam
632 1735 685 1789 loci
707 1736 790 1789 illius.
804 1735 853 1800 Qui
874 1749 937 1789 cum
950 1735 1041 1790 solum
1061 1748 1091 1788 se
1104 1736 1133 1787 in
1146 1735 1265 1789 oratorio
1277 1747 1342 1788 con·

105 1835 235 1903 spicerct,
247 1848 346 1902 nempe
357 1835 406 1888 ubi
418 1834 559 1903 quondam
571 1839 581 1856 ·
594 1835 735 1902 tugurium
747 1836 807 1901 ejus
828 1835 927 1901 iuerat,
945 1834 1057 1887 basilica
1076 1833 1224 1888 admodum
1240 1846 1339 1900 paruae
1392 1844 1480 1899 wod,

10 1918 23 2073 ι
59 1938 92 1988 15
108 1935 265 2005 exiguitatis
277 1938 388 2002 propter
399 1936 561 1988 memoriam
575 1938 603 1987 et
615 1934 797 1988 reverentiam
809 1934 883 1987 illius
895 1938 1050 1987 constructa
1059 1934 1163 1998 est,ubi
1172 1939 1199 1987 et
1211 1934 1338 1999 formula,
1365 1909 1515 1979 qu⁰dd³¹¹¹·

109 2035 145 2090 de
153 2035 245 2103 lapide
253 2035 339 2088 incisa
349 2034 379 2087 in
388 2047 443 2102 quo
454 2034 638 2087 'uenerabilis
649 2034 690 2087 vir
698 2034 830 2087 orationis
838 2038 962 2099 tempore
971 2034 1155 2101 incumbebat,
1163 2047 1251 2100 usque
1259 2032 1340 2086 bodie
1362 2043 1448 2099 *004
1462 2053 1524 2109 qua,

109 2137 197 2203 posita
209 2141 251 2190 est
262 2136 299 2189 ob
311 2134 474 2189 memoriam
487 2134 638 2187 sanctitatis
649 2135 720 2201 ejus,
734 2136 819 2199 Quam
832 2133 976 2188 formulam
995 2135 1050 2200 jam
1070 2134 1206 2200 praefatus
1223 2132 1342 2186 famulus

110 2235 296 2301 conspiciens,
309 2235 458 2288 arbitratus
472 2237 513 2286 est
524 2233 618 2286 subter
630 2233 716 2298 ipsam
729 2231 873 2298 pecuniam
888 2232 1008 2298 aliquam
1027 2246 1088 2286 esse
1106 2233 1253 2298 defossam,
1271 2244 1342 2298 quae

110 2336 181 2388 forte
192 2346 257 2388 casu
270 2332 407 2392 euenisset
418 2336 450 2385 ut
461 2331 496 2385 de
513 2329 681 2397 elemosynis
699 2330 821 2383 lidelinm
839 2330 896 2384 illic
914 2330 1018 2398 aliquid
1040 2333 1123 2385 humo
1140 2337 1264 2399 opertum
1283 2334 1343 2396 post

57 2437 92 2490 20
110 2437 170 2503 elus
192 2433 298 2489 obitum
320 2436 487 2486 remaneret.
507 2430 585 2484 Unde
607 2430 696 2484 risum
723 2434 766 2483 est
782 2430 821 2482 illi
839 2434 870 2483 ut
888 2431 973 2496 ipsam
1000 2431 1144 2485 formulam
1162 2434 1299 2485 everteret
1315 2431 1343 2482 et

111 2533 257 2603 pecuniam
268 2531 324 2586 illic
336 2536 488 2599 quaereret
502 2529 579 2595 Quod
591 2542 654 2582 cum
667 2528 766 2582 iactum
778 2532 850 2582 esset
861 2533 888 2583 et
900 2529 959 2596 ipsa
969 2530 1086 2583 formula
1095 2531 1130 2584 ab
1143 2531 1197 2584 imo
1210 2530 1343 2583 subversa

111 2642 138 2690 et
157 2635 231 2688 latus
250 2631 324 2700 quod
336 2635 426 2684 terrae
445 2628 610 2684 adhaerebat
627 2642 709 2695 supra
730 2628 838 2682 caelum
860 2634 964 2697 pateret
985 2636 1012 2684 et
1030 2630 1104 2698 quod
1127 2644 1236 2684 sursum
1255 2632 1343 2686 iuerat

112 2737 243 2791 deorsum
255 2736 436 2800 premeretur,
448 2731 540 2784 statim
553 2731 582 2784 in
593 2731 694 2799 angulo
707 2731 836 2784 basilicae
854 2731 940 2798 illius,
960 2732 1034 2785 velut
1045 2732 1161 2799 alicujus
1173 2734 1302 2799 impulsu,
1317 2740 1344 2787 et

111 2835 196 2890 veluti
205 2847 268 2887 cnm
279 2833 349 2899 lapis
360 2833 395 2886 de
408 2844 491 2885 manu
503 2831 646 2897 emittitur,
660 2832 797 2898 projectus
809 2835 861 2897 est,
876 2832 913 2885 ita
925 2832 1053 2886 videlicet
1064 2832 1162 2886 debilis
1175 2833 1261 2886 iactus
1273 2839 1302 2887 ul
1314 2834 1343 2886 in

59 2938 94 2988 ab
112 2935 183 2986 latus
194 2931 268 3000 quod
280 2930 426 2996 ceciderat,
437 2942 612 2996 nequaquam
623 2930 653 2981 in
665 2929 739 2982 aliud
752 2932 874 2984 conuerti
889 2944 918 2985 se
928 2937 1029 2997 posset,
1043 2944 1094 2984 neo
1103 2931 1178 2998 loqui
1188 2945 1239 2985 nec
1248 2932 1344 2985 audire

112 3046 164 3086 nec
176 3030 280 3086 ridere.
294 3030 347 3083 Sed
360 3042 422 3082 oum
440 3029 476 3082 ab
495 3028 556 3080 aliis
575 3028 623 3094 qui
641 3029 744 3080 circum
763 3034 842 3080 erant
861 3033 986 3095 repertus
1005 3029 1110 3095 luisset,
1132 3037 1263 3082 conantes
1280 3043 1343 3082 eum

111 3132 228 3199 erigere,
250 3130 340 3182 statim
358 3132 389 3181 ut
409 3129 536 3181 manibus
556 3126 666 3180 illorum
686 3127 818 3180 dimissus
843 3132 893 3192 est,
917 3128 998 3179 simili
1018 3129 1098 3182 modo
1119 3131 1344 3195 prosternebatur

111 3228 344 3297 quemadmodum
358 3228 434 3295 prius
446 3228 585 3294 projectus
598 3226 696 3279 iuerat.
711 3228 783 3279 llaec
794 3240 857 3279 cum
870 3240 952 3292 saepe
973 3232 1139 3280 conarentur
1157 3229 1256 3291 lacere,
1275 3230 1343 3282 nibil

111 3328 302 3396 proficiebant,
314 3326 469 3393 usquedum
481 3325 590 3378 cuidam
604 3338 638 3377 ex
650 3325 704 3377 illis
724 3325 813 3378 uisum
835 3330 917 3379 estut
938 3326 1054 3381 formula
1074 3328 1131 3392 ipsa
1152 3329 1180 3380 in
1199 3329 1343 3394 pristinum

55 3432 96 3483 3⁰
114 3429 208 3482 locum
220 3431 429 3482 restauraretur.
443 3425 519 3488 Quod
532 3438 595 3478 cum
607 3425 708 3478 iactum
722 3429 806 3488 esset,
816 3437 880 3478 mox
893 3426 939 3479 ille
953 3427 1056 3492 recepit
1065 3427 1251 3493 sanitatem,et
1262 3441 1345 3495 quam

109 3529 148 3582 ob
160 3541 271 3582 causam
285 3526 336 3581 boc
350 3527 388 3578 illi
399 3526 542 3579 accidisset
553 3538 603 3591 per
615 3525 740 3578 ordinem
753 3530 852 3578 cuncta
867 3526 997 3577 narravit.

146 3627 195 3680 to.
220 3631 364 3694 Postquam
377 3639 442 3680 uero
460 3625 570 3678 sanitati
582 3623 706 3678 redditus
726 3630 777 3691 est,
790 3625 878 3678 uisum
900 3628 940 3678 est
961 3626 999 3676 illi
1022 3628 1054 3677 nt
1074 3639 1179 3679 comam
1198 3625 1348 3692 deponeret

109 3733 138 3780 et
151 3729 257 3779 cunctis
269 3726 367 3780 diebus
384 3727 455 3780 ritae
466 3739 531 3779 suae
544 3726 600 3779 illio
621 3727 675 3778 beo
689 3725 826 3789 militaret,
843 3737 897 3790 quo
915 3728 978 3776 voto
991 3724 1132 3791 religionis
1149 3725 1272 3778 habitum
1291 3740 1348 3779 sus·

109 3828 192 3893 cepit.
207 3829 273 3880 cum
290 3827 382 3893 aliquo
395 3826 526 3892 temporis
535 3838 653 3879 excursu
666 3825 722 3877 illic
731 3828 785 3877 beo
798 3824 939 3888 militaret,
951 3825 1053 3885 subito,
1069 3825 1214 3892 instigante
1227 3825 1346 3887 diabolo,

49 3929 91 3982 35
111 3939 238 3993 egressus
251 3939 284 3980 ex
302 3926 420 3979 claustro
442 3925 517 3977 illius
535 3925 597 3990 loci,
611 3923 701 3990 coepit
719 3922 788 3976 uelle
809 3922 952 3988 proficisci.
973 3907 1024 3975 Sed
1038 3936 1101 3977 cum
1123 3936 1179 3977 non
1199 3924 1280 3992 longe
1288 3926 1346 3991 jam

110 4024 250 4093 proiectus
271 4038 286 4078 a
313 4024 373 4078 loco
390 4030 474 4090 esset,
492 4025 594 4077 iterum
617 4020 713 4075 incidit
739 4021 768 4074 in
791 4020 910 4074 eundem
933 4021 1091 4088 languorem
1119 4027 1146 4074 et
1166 4022 1246 4075 simili
1264 4023 1346 4077 modo

109 4124 211 4178 debilis
222 4121 333 4178 effectus
353 4129 404 4177 est.
419 4122 473 4177 Sed
484 4136 546 4177 cum
559 4123 595 4176 ab
608 4121 707 4175 accolis
728 4121 779 4174 loci
801 4119 877 4173 illius
893 4125 1019 4187 repertus
1035 4127 1107 4175 esset
1120 4127 1147 4175 et
1162 4123 1279 4177 claustro
1289 4125 1346 4189 jam

112 4222 264 4289 supradicti
277 4222 329 4276 loci
343 4214 493 4290 restitutus,
504 4221 604 4274 iterum
618 4220 760 4272 sanitatem
773 4219 916 4285 pristinam
929 4220 1058 4286 suscepit.

145 4322 195 4374 11.
213 4321 335 4386 Quadam
349 4321 393 4374 die
405 4333 467 4373 oum
478 4321 534 4386 jam
548 4318 719 4385 supradictus
733 4317 850 4370 famulus
862 4317 945 4370 fontis
959 4317 1055 4371 limum
1066 4319 1180 4372 eradere
1193 4321 1345 4384 moliretur,

51 4424 91 4475 ll)
110 4421 214 4487 cuspis,
228 4433 311 4487 quarn
332 4421 407 4487 uirga
423 4419 498 4472 illius
521 4419 548 4471 in
570 4417 726 4470 summitate
747 4417 880 4484 gestabat,
894 4417 984 4470 subito
1006 4417 1110 4485 dilapsa
1132 4420 1272 4484 disparuit.
1294 4418 1345 4471 Sed

107 4532 171 4572 cum
185 4520 279 4572 animo
289 4523 443 4572 commotus
453 4517 539 4582 ipsam
549 4514 653 4582 virgam
667 4518 726 4581 post
739 4513 841 4566 ierrum
854 4514 882 4565 in
895 4515 1107 4580 profunditatem
1118 4517 1200 4569 lontis
1212 4518 1346 4584 proiceret

105 4625 133 4670 et
143 4618 241 4681 abiret,
266 4621 327 4683 post
350 4615 492 4682 paululum
513 4626 650 4678 reuersus,
663 4612 767 4665 ferrum
788 4612 946 4665 restitutum
965 4614 994 4665 in
1014 4613 1075 4668 loco
1095 4628 1145 4669 suo
1168 4617 1270 4682 pariter
1281 4629 1344 4670 cum

176 4728 277 4769 carru
288 4726 378 4767 rnurs.
393 4725 418 4765 r.
433 4725 460 4766 u.
1263 4718 1279 4767 5
