3316 5482
236 336 299 405 176
572 350 699 401 caran.
718 349 820 400 cono.
839 348 1013 400 mainan.
1033 349 1114 399 mr.

378 519 443 597 chi
460 549 471 612 ;
492 518 576 598 Vita
594 519 717 598 sancti
736 517 857 596 Mauri
876 516 1029 596 abbatis
1048 524 1085 594 et
1108 514 1271 610 levitae,
1292 513 1470 594 Libellus

380 642 706 722 miraculorum...
732 643 809 744 (fol.
830 640 1021 743 3003430

332 766 397 844 330
415 766 545 846 Passio
579 766 702 845 sancti
732 765 901 844 Marcelli
932 786 1054 865 papae
1085 786 1174 843 cum
1201 763 1336 843 multis
1364 764 1467 863 aliis,

380 915 473 969 xvm
490 890 676 968 kalendas
694 888 880 968 februarii
898 888 975 989 (fol.
997 887 1194 988 6403630

330 1013 395 1092 360
413 1012 561 1092 Eodem
580 1014 658 1111 die,
679 1035 808 1092 sermo
838 1012 961 1091 sancti
989 1011 1125 1089 Hilarii
1152 1010 1314 1090 habitus
1340 1011 1385 1089 in
1405 1011 1471 1091 de

382 1138 577 1239 positione
594 1144 749 1216 sanctae
781 1136 994 1215 memoriae
1025 1135 1160 1213 domni
1180 1135 1369 1215 Honorati
1389 1137 1471 1237 epi-

385 1263 494 1364 scopi
512 1263 589 1362 (fol.
611 1263 786 1365 660311(0

332 1386 396 1463 370
414 1386 510 1466 ltem
541 1389 681 1467 eodem
712 1388 789 1486 die,
815 1388 893 1467 vita
923 1389 983 1467 vel
1014 1387 1145 1467 obitus
1175 1388 1298 1468 sancti
1329 1388 1467 1468 Fursei

382 1510 535 1590 abbatis
553 1509 603 1589 de
621 1511 821 1613 provincia
839 1511 1051 1613 Anglorum
1068 1511 1145 1613 (fol.
1167 1511 1357 1613 'ill-'Illl

332 1634 397 1712 28⁰
414 1635 545 1714 Passio
576 1645 801 1714 sanctorum
831 1636 1076 1736 geminorum
1105 1635 1330 1736 Speusippi,
1351 1635 1471 1715 Eleu-

383 1759 486 1860 sippi
506 1768 544 1838 et
559 1759 803 1860 Meleusippi,
823 1759 1032 1858 Leonillae,
1052 1759 1196 1838 Neonis
1209 1762 1237 1858 *,
1253 1758 1329 1838 suh
1347 1761 1472 1842 Aure-

384 1883 489 1962 liano
507 1884 756 1984 imperatore,
778 1906 877 1985 quae
902 1891 960 1963 est
976 1909 1038 1963 iun
1067 1882 1252 1963 kalendas
1278 1883 1471 1965 februarii

381 2006 459 2107 (fol.
481 2007 671 2108 'lif-ltili*

331 2129 396 2209 29⁰
413 2131 498 2210 Vita
514 2131 620 2209 beati
640 2131 801 2233 Sulpicii
821 2131 995 2232 episcopi
1013 2130 1090 2233 (fol.
1112 2130 1301 2234 7603130

332 2255 396 2333 300
413 2255 510 2335 ltem
535 2255 675 2335 eodem
711 2257 788 2354 die,
808 2256 887 2334 rita
910 2257 1032 2334 sancti
1065 2256 1258 2358 Genulphi
1289 2257 1468 2359 episcopi

381 2379 656 2482 [Bituricensisl
673 2380 751 2480 (fol.
772 2378 934 2480 810-880(

267 2513 315 2567 lld.
325 2513 390 2568 Act.
403 2515 460 2579 SS,
474 2514 508 2567 ad
521 2513 750 2580 d.171an.‚tom.
764 2516 797 2581 ll,
811 2528 839 2580 p.
856 2516 943 2567 saal.
952 2514 1101 2580 subjuncta
1114 2519 1178 2568 sunt
1189 2515 1321 2569 miracula
1334 2515 1467 2580 ed.il)id.‚

235 2615 507 2681 pwmmffi

331 2712 396 2790 310
409 2712 506 2791 ltem
533 2712 672 2791 eodem
703 2713 781 2811 die,
802 2712 880 2791 vita
898 2711 1020 2791 sancti
1039 2713 1228 2791 llichmiri
1248 2714 1466 2794 sacerdotis

169 2822 170 2826 Ν
381 2839 528 2942 eximii,
550 2841 618 2943 qui
636 2848 813 2941 tempore
839 2838 1070 2918 Theoderici
1098 2843 1200 2943 regis
1226 2842 1466 2923 Francorum

382 2973 420 3042 et
436 2964 598 3044 Gilberti
618 2966 791 3066 episcopi
817 2966 856 3041 in
876 2965 1019 3044 ducatu
1047 2964 1335 3045 Genomannico
1355 2991 1467 3069 regu-

382 3087 516 3167 lariter
532 3112 577 3167 ac
594 3098 724 3188 sancte
743 3098 990 3169 conversatus
1007 3091 1151 3170 multos
1170 3090 1322 3172 Christo
1337 3092 1466 3172 lucra-

384 3222 447 3291 tus
465 3224 523 3293 est
539 3215 616 3316 (fol.
633 3214 820 3315 380-890(0

332 3337 396 3414 330
413 3337 512 3416 ltem
530 3339 671 3417 eodem
690 3340 768 3437 dio,
788 3339 867 3418 vita
884 3339 1006 3417 sancti
1034 3340 1193 3418 Antonii
1208 3340 1363 3419 abbatis
1381 3339 1460 3441 (fol.

382 3461 552 3540 890-1000
566 3466 598 3540 ,0

332 3584 396 3663 330
414 3464 561 3665 Passio)
576 3588 698 3666 sancti
730 3587 909 3665 Pontiani
941 3587 1135 3690 martyris,
1169 3610 1251 3663 xnn
1277 3584 1467 3664 kalendas

383 3709 569 3789 februarii
588 3712 664 3813 (fol.
688 3712 905 3813 toda-low.

267 3845 317 3900 ru.
329 3847 395 3902 net.
408 3848 465 3916 ss,
480 3849 515 3901 au
527 3848 554 3901 r.
570 3852 684 3917 nnn,
697 3858 764 3905 tom.
777 3853 797 3917 1,
811 3866 838 3917 p.
851 3853 955 3905 aas-ai.

332 3937 397 4016 340
414 3938 499 4017 Vita
528 3941 651 4019 sancti
678 3940 871 4019 Loobardi
903 3938 1083 4037 reclausi,
1111 3963 1156 4017 xv
1190 3938 1377 4018 kalendas
1407 3939 1465 4016 f-

382 4062 531 4140 bruarii
549 4064 627 4165 (fol.
652 4064 886 4166 lota-loni*

332 4184 397 4262 350
414 4185 498 4265 Vita
516 4187 620 4266 beati
640 4188 874 4268 Launomari
902 4189 1069 4286 abbatis,
1101 4211 1202 4291 quae
1222 4195 1280 4267 est
1297 4212 1381 4264 inm
1400 4189 1466 4265 ka-

382 4308 519 4389 lendas
536 4311 723 4391 februarii
740 4313 818 4414 (fol.
841 4313 1083 4414 toas-loon*

332 4432 397 4511 360
415 4433 545 4513 Passio
563 4437 685 4514 sancti
704 4436 896 4515 Valentini
923 4436 1157 4541 presbyteri,
1177 4439 1286 4518 Marii
1305 4446 1345 4520 et
1361 4440 1466 4519 llar-

382 4561 486 4661 thae,
513 4563 678 4642 Audifax
696 4572 734 4643 et
752 4564 949 4666 Abbacuc,
970 4593 1039 4645 xm
1066 4567 1256 4649 kalendas
1274 4567 1469 4648 februarii

382 4682 459 4783 (fol.
482 4685 721 4789 ldll-llld').l
