3316 5482
232 341 295 405 llo
570 357 696 407 carun.
716 356 818 406 cono.
838 357 1012 407 nnoroon.
1038 358 1119 408 aar.

227 537 284 580 3113
305 526 398 579 Petro
418 526 556 592 apostolo
576 527 755 579 curandam
776 526 882 579 3111111.
908 530 965 591 Quo
986 527 1107 581 clamore
1128 528 1256 582 custodes
1279 529 1408 598 excitati,
1429 544 1461 583 ex

228 624 326 680 ordine
339 638 388 691 pro
400 638 454 692 qua
477 632 590 679 venerat
611 626 714 695 [causa]
736 627 834 689 edocti,
858 632 1036 694 aperuerunt,
1060 634 1087 681 et
1109 629 1317 683 introducentes
1337 643 1403 683 eum
1426 631 1461 684 ad

228 725 313 778 altare
328 725 424 791 malus,
447 738 501 791 quo
520 731 687 779 memoratae
708 725 834 779 conditae
856 727 1005 779 manebant
1027 727 1170 793 reliquiae,
1194 728 1397 782 conduxerunt.
1411 729 1461 783 Ubi

227 837 289 877 cum
302 825 458 890 pavimento
470 830 622 891 prostratus
641 827 753 879 brevem
775 825 887 893 quidem
908 826 955 879 sed
977 826 1146 893 fructuosam
1167 828 1320 881 orationem
1334 827 1459 892 fudisset,

227 924 347 976 extensis
360 925 450 976 nervis
463 925 650 991 membrisque
670 925 801 993 languore
822 926 917 979 solutis
939 927 1064 992 protinus
1080 939 1165 979 sanus
1186 927 1301 994 erigitur
1313 934 1339 980 et
1351 926 1386 980 ad
1400 941 1458 995 pro

227 1023 286 1089 pria
306 1035 368 1075 cum
389 1023 492 1091 ingenti
514 1023 615 1077 laetitia
637 1038 731 1091 sospes
752 1025 914 1092 regreditur.
937 1029 992 1078 1133
1015 1026 1177 1078 miraculum
1197 1025 1261 1078 licet
1273 1026 1461 1092 apostolorum

226 1122 358 1188 principis
370 1122 499 1175 claruerit
512 1123 627 1188 meritis,
641 1123 821 1176 nibilominus
834 1130 926 1177 tamen
939 1124 1011 1176 beati
1032 1123 1125 1176 llilarli
1139 1127 1181 1176 est
1199 1123 1378 1177 inserendum
1392 1137 1459 1192 ope·

226 1221 313 1285 ribus,
323 1221 352 1274 in
365 1222 443 1289 cujus
456 1221 587 1274 nimirum
600 1223 715 1276 ecclesia
728 1225 846 1289 primum
865 1228 1010 1290 patratum,
1031 1221 1206 1288 postmodum
1226 1223 1286 1290 ejus
1301 1223 1408 1290 judicio
1420 1229 1461 1277 est

227 1322 398 1375 reiteratum.

225 1528 277 1585 De
290 1539 388 1597 aqua
403 1539 497 1597 quae
510 1523 616 1584 fluxit
630 1526 759 1585 deloco
777 1523 839 1584 ubl
858 1526 989 1584 beatam
1003 1523 1169 1584 Hilarius
1178 1523 1308 1598 lacuit,
1324 1525 1369 1583 de
1384 1539 1459 1596 qna

590 1625 713 1696 plures
728 1623 946 1684 sanctisunt
960 1623 1103 1683 infirmi.

257 1817 347 1869 111131
367 1822 393 1869 et
415 1830 501 1869 unurn
524 1816 686 1869 miraculum
710 1817 780 1869 beati
804 1816 897 1869 llilerii
919 1817 953 1869 ad
975 1816 1001 1867 id
1023 1817 1154 1883 temporis
1172 1817 1333 1884 aquitaniae
1348 1819 1455 1886 regioni

224 1917 370 1982 occultum,
385 1918 413 1969 in
425 1917 539 1983 Apuliae
553 1917 675 1983 partibus
695 1930 743 1983 pcr
761 1917 881 1970 eundem
893 1916 1091 1977 consessorem,
1105 1915 1170 1969 dum
1184 1917 1219 1969 ab
1240 1916 1325 1970 exilio
1340 1917 1456 1984 rediret,

221 2019 374 2079 operatum.
389 2015 529 2080 Quondam
543 2016 692 2068 enimcum
705 2016 785 2068 sociis
799 2016 867 2068 meis
879 2016 959 2081 hujus
972 2022 1063 2067 terrac
1077 2015 1229 2082 peregrinis
1237 2016 1271 2068 ab
1283 2016 1456 2069 orationibus

222 2112 294 2165 beati
307 2114 410 2168 Nicoiai
423 2114 571 2168 redeuntes
584 2120 611 2167 et
624 2115 741 2181 quadam
754 2116 898 2168 occasione
911 2112 1103 2182 necessitalti]s
1113 2129 1128 2166 a
1140 2115 1183 2167 via
1197 2115 1306 2180 publica
1316 2114 1455 2169 diverten-

223 2217 272 2273 tes,
281 2212 332 2280 [in]
342 2213 480 2280 quandam
493 2214 566 2267 illius
576 2219 665 2267 terrae
675 2213 852 2267 solitudinem
862 2213 907 2266 die
917 2215 1055 2267 dominico
1064 2218 1129 2266 ante
1139 2211 1285 2278 prandium
1295 2214 1453 2281 incidimus,

156 2298 160 2303 ’
220 2310 268 2363 ubi
281 2312 423 2364 ecclesiam
437 2313 465 2364 in
477 2313 582 2366 bonore
593 2313 665 2366 beati
679 2312 773 2365 llllarii
787 2317 981 2376 constructam,
1000 2311 1050 2365 sed
1068 2313 1125 2378 jam
1138 2316 1271 2366 vetustate
1292 2318 1319 2365 et
1332 2312 1384 2367 loci
1396 2327 1454 2366 vas·

219 2410 294 2463 titate
307 2409 457 2464 desolatam
469 2412 537 2478 iere,
551 2412 706 2465 invenimus
720 2428 726 2463 :
742 2411 799 2464 sola
812 2425 911 2478 nempe
920 2411 1019 2465 domus
1032 2409 1178 2479 ej[us]dem
1191 2411 1347 2477 appenditia
1370 2425 1452 2479 appa·

219 2509 304 2574 rebat,
329 2509 357 2560 in
378 2523 432 2576 qua
448 2509 560 2576 quidam
581 2524 685 2576 pauper
705 2512 786 2564 bomo
808 2525 893 2564 senex
913 2516 1027 2578 uterque
1048 2525 1110 2564 cum
1132 2524 1218 2564 uxore
1239 2524 1291 2563 sua
1311 2513 1449 2565 manebat.

220 2609 292 2671 Quos
304 2610 471 2674 percunctati
484 2611 562 2676 cujus
574 2611 662 2664 sancti
676 2616 747 2664 esset
760 2611 886 2675 ecclesia,
908 2611 1111 2678 responderunt
1122 2609 1197 2677 quod
1219 2609 1285 2663 inde
1297 2611 1364 2664 olim
1376 2616 1450 2664 tran·

220 2709 293 2761 siens
307 2710 401 2762 beatus
416 2710 534 2763 llilarlus
555 2711 721 2764 Pictavensls
743 2712 777 2765 ab
798 2711 879 2764 exilio
894 2711 1012 2772 rediens,
1026 2715 1105 2764 nocte
1119 2709 1295 2764 incumbente
1308 2711 1370 2764 sine
1381 2716 1452 2766 tecto

220 2807 345 2860 habuerit
354 2808 470 2874 hospitia
480 2814 517 2874 et,
528 2810 590 2875 quia
601 2809 772 2876 antiquillus]
783 2810 978 2863 coemeterium
989 2814 1057 2873 erat,
1067 2810 1094 2861 in
1104 2809 1224 2876 quodam
1232 2808 1359 2874 sepulcro
1370 2815 1450 2864 noctu

219 2907 402 2972 reclinaverit,
416 2912 443 2961 et
455 2908 490 2960 ob
504 2909 632 2960 meritum
645 2907 732 2974 ipsius
748 2909 904 2974 sepulcrum
923 2908 996 2961 idem
1010 2921 1079 2974 aqua
1094 2909 1179 2961 multo
1191 2913 1313 2974 tempore
1326 2922 1451 2962 manave·

219 3007 263 3072 rit,
276 3019 329 3072 qua
341 3006 427 3058 abluti
439 3005 482 3059 vel
495 3007 579 3072 potati
594 3020 690 3060 omnes
703 3012 839 3074 quotquot
848 3009 1018 3073 accepissent
1029 3008 1197 3060 sanabantur
1209 3006 1309 3059 infirmi
1322 3014 1451 3074 :propter

217 3106 290 3171 quod
303 3106 408 3158 incolae
421 3105 493 3158 illius
506 3107 645 3171 temporis,
660 3106 831 3160 infirmorum
843 3121 966 3172 suorum,
985 3108 1032 3174 qui
1047 3111 1112 3159 tunc
1124 3107 1161 3159 ibi
1185 3107 1250 3158 salvi
1266 3106 1380 3170 fiebant,
1394 3119 1451 3174 qra-

217 3208 305 3256 untes
317 3203 467 3270 beneficiis,
480 3205 508 3256 in
523 3204 626 3257 bonore
651 3205 775 3272 ejusdem
799 3207 964 3259 contessoris
979 3206 1122 3259 ecclesiam
1146 3206 1220 3257 illam
1240 3206 1447 3258 fabricaverunt

218 3304 359 3356 laboribus
379 3304 436 3357 suis
458 3317 489 3356 ac
508 3304 661 3369 stipendiis.
684 3307 755 3359 llaec
774 3305 926 3372 audientes,
949 3320 998 3372 pro
1020 3307 1170 3359 reverentia
1192 3307 1278 3357 sancti
1301 3305 1445 3358 ecclesiam

219 3404 405 3483 ingredimur,
420 3405 448 3456 in
461 3405 538 3471 cuius
549 3405 638 3457 medio
651 3410 783 3472 montem,
798 3408 825 3459 in
838 3420 892 3473 quo
905 3408 1129 3474 circumquaque,
1141 3413 1170 3459 ut
1182 3419 1242 3459 mos
1254 3411 1295 3457 cst
1308 3405 1382 3458 illius
1394 3411 1446 3458 ter·

216 3517 273 3568 rae,
287 3506 480 3558 coemeterium
495 3511 562 3570 erat,
574 3506 724 3568 intuemur,
737 3505 883 3573 ipsumque
893 3507 1060 3572 sepulcrum,
1072 3508 1099 3558 in
1110 3519 1164 3572 quo
1175 3511 1286 3558 sanetus
1298 3506 1445 3558 accubare·

215 3611 266 3670 rat,
280 3618 401 3671 saxeum,
416 3606 538 3659 etsolum
552 3619 675 3659 seorsum
700 3607 857 3674 sarcofagos
869 3612 927 3660 erat
947 3612 1025 3674 et,ut
1037 3606 1189 3672 videbatur,
1205 3619 1274 3672 aqua
1287 3618 1358 3672 quae
1376 3604 1443 3658 inde

215 3711 372 3756 manaverat
390 3705 478 3757 adbuc
501 3704 636 3758 madebat.
658 3707 713 3758 1133
733 3706 766 3758 ad
789 3705 922 3759 bonorem
944 3706 1017 3758 beati
1039 3703 1447 3770 11113111,313311111131133113

214 3803 362 3866 praeterire
376 3803 461 3855 nolui.

234 4011 285 4066 De
299 4009 487 4080 mausoleo,
508 4006 546 4065 in
560 4022 630 4078 quo
644 4007 806 4081 quiescit,
822 4006 860 4065 ln
874 4005 1025 4066 eeclesia
1035 4006 1151 4078 ipsius
1164 4005 1352 4078 magnilica
1363 4006 1414 4066 ln·

764 4108 881 4166 vento.

245 4299 293 4351 10.
308 4302 337 4351 ln
350 4298 433 4365 buJus
441 4301 531 4365 operis
544 4300 618 4352 calce
629 4300 767 4353 decimum
778 4298 867 4351 adbuc
889 4311 1023 4364 ponamus
1043 4313 1130 4352 unum
1151 4299 1222 4352 beati
1243 4298 1336 4351 llilarii
1359 4299 1439 4365 mira·
1455 4303 1461 4352 :

210 4400 312 4465 culum,
325 4397 399 4465 quod
412 4411 468 4450 non
480 4397 548 4451 adeo
560 4404 600 4452 331
613 4401 765 4466 antiquum,
779 4400 845 4464 quin
859 4412 946 4464 nuper
965 4399 982 4451 ii
1003 4403 1179 4466 superessent
1200 4411 1317 4464 quorum
1339 4398 1440 4451 diebus

208 4503 250 4551 est
261 4501 434 4551 actumcum
446 4499 521 4550 enim
533 4501 617 4551 sancti
630 4499 752 4565 eiusdem
765 4498 876 4552 basilica
886 4499 963 4565 prius
972 4500 1084 4565 antiquo
1097 4512 1172 4552 more
1184 4496 1344 4550 testitudine
1353 4510 1440 4563 supra

208 4597 305 4650 fuisset
316 4603 462 4665 camerata,
474 4598 508 4651 ad
521 4599 632 4652 tutelam
645 4598 715 4667 ignis
724 4604 751 4651 et
764 4599 987 4664 compositionem
1000 4599 1090 4663 operis
1104 4598 1183 4651 libuit
1192 4597 1357 4664 quibusdam
1372 4597 1436 4650 eivi-
