3316 5482
215 348 285 414 500
563 361 690 412 caric.
711 358 1005 411 cenomanicae.
1025 360 1120 411 aar,

560 583 769 697 Appendix
788 582 838 672 ad
859 582 945 671 eod·
975 582 1099 676 5594.

312 826 398 890 Vtra
421 845 450 890 a.
480 826 651 891 Rruomunr
678 844 889 893 caesaream
913 823 996 909 (Cir.
1016 845 1127 911 supra,
1147 845 1180 910 p.
1197 824 1281 903 498,
1299 824 1362 900 6⁰l.

257 1033 428 1103 Prologus
442 1030 480 1090 ln
493 1030 573 1091 vite
586 1031 704 1091 sancti
719 1030 903 1104 mgomerl
916 1030 1124 1103 presbyteri
1134 1032 1171 1091 et
1185 1031 1409 1094 wnteseorts.

249 1226 276 1278 1.
295 1226 361 1278 cum
374 1223 478 1278 dudum
501 1224 574 1292 apud
598 1230 713 1289 veteres,
726 1224 764 1277 uti
786 1225 946 1279 multimoda
968 1239 1065 1279 eorum
1085 1225 1257 1280 monimenta
1279 1227 1439 1282 enucleatius

216 1322 349 1390 pandunt,
364 1323 486 1389 plerique
499 1323 655 1376 mortalium
668 1325 833 1377 exstiterunt
845 1323 958 1377 humani
971 1324 1111 1377 dumtaxat
1123 1324 1225 1377 fauens
1238 1326 1357 1380 nimium
1367 1325 1438 1387 aridi,

214 1434 331 1487 quorum
345 1435 407 1488 pars
419 1421 540 1488 quidem,
554 1435 609 1489 quo
622 1422 770 1476 subtilitate
792 1425 863 1476 acuti
877 1424 979 1492 ingenii
992 1428 1020 1478 et
1035 1424 1234 1490 compositione
1252 1426 1381 1479 cothurni
1392 1426 1462 1479 seul

213 1521 303 1573 monis
316 1535 372 1575 non
384 1527 491 1575 tantum
513 1535 725 1589 aequaevorum,
740 1536 837 1575 verum
850 1523 931 1576 etiam
953 1529 1136 1589 posterorum,
1156 1523 1266 1576 animos
1288 1525 1437 1588 oblectaret,

214 1623 323 1691 negotia
342 1623 494 1688 antiquitus
514 1623 661 1675 illustrium
687 1623 792 1676 fortiter
804 1621 932 1689 explicita
952 1623 1053 1676 chartis
1071 1623 1167 1676 indere
1186 1623 1382 1690 decreverunt,
1399 1624 1438 1678 alii

212 1734 287 1787 vero,
302 1721 524 1788 proprietatcma
545 1735 574 1775 se
595 1727 794 1775 commentatae
813 1722 923 1787 penitus
936 1721 1065 1775 materiae
1085 1723 1113 1776 in
1137 1725 1285 1790 propatulo
1305 1727 1438 1790 evitantes,

213 1821 307 1876 coticis
319 1822 391 1875 notis
403 1834 484 1888 quam
498 1822 614 1888 plurima
627 1822 698 1875 bella
719 1826 860 1886 compacta
872 1820 942 1873 clam
955 1821 1066 1888 quidem
1079 1836 1094 1876 e
1107 1835 1157 1876 suo
1175 1822 1244 1876 dum
1258 1825 1346 1891 polire
1356 1825 1440 1892 dispu-

215 1921 346 1974 talionem
359 1920 531 1987 molirentur,
542 1921 676 1975 nonnulla
688 1920 847 1973 verisimilia
858 1920 999 1984 addentes
1012 1934 1126 1974 romana
1135 1920 1299 1988 effecerunt,
1311 1938 1348 1979 ne
1359 1936 1438 1979 socon
1451 1921 1474 1975 tt

212 2018 256 2071 dia
269 2031 301 2072 ac
312 2018 416 2072 desidia
430 2019 577 2073 contritum
591 2018 719 2072 redderet
731 2019 965 2073 hebdomadarum
978 2033 1091 2074 suarum
1103 2021 1200 2089 otium,
1216 2024 1317 2091 reliqui
1328 2036 1439 2093 quoqne,

211 2117 354 2171 fallacibus
366 2118 532 2187 caducisque
543 2120 644 2173 saeculi
666 2119 844 2187 dignitatibus
860 2119 932 2173 ultro
944 2120 1028 2185 exuti,
1041 2132 1096 2186 quo
1113 2120 1230 2174 liberius
1242 2127 1329 2189 atque
1340 2122 1440 2191 expedi·

210 2216 265 2269 tius
277 2217 312 2270 ad
324 2216 508 2285 indagandam
523 2218 596 2272 illam
609 2231 693 2285 quam
708 2219 820 2272 demum
844 2219 886 2271 sui
900 2231 1031 2285 sequaces
1051 2219 1144 2273 dixere
1156 2214 1364 2287 philosophiam
1374 2234 1441 2276 vaca·

213 2320 284 2382 rent,
309 2316 494 2370 academicum
520 2319 611 2372 solum
639 2319 741 2386 jugiter
765 2317 948 2384 procellarum
978 2318 1135 2372 turbinibus
1162 2320 1285 2374 obsitum
1318 2322 1442 2388 petivere,

214 2417 314 2484 quibus
326 2416 471 2471 libidinosa
485 2431 562 2471 mens
574 2419 711 2471 refrenata
725 2431 781 2472 non
794 2425 900 2471 tantum
922 2417 1055 2484 simplicis
1068 2419 1362 2489 incommutabilisque
1382 2420 1441 2474 diti·
1454 2415 1478 2471 ll

215 2517 307 2569 nitatis
318 2518 543 2584 omnipotentiam
555 2517 659 2572 volucri
680 2518 801 2571 theoriae
813 2530 913 2584 penna,
927 2518 994 2583 quin
1015 2519 1104 2584 petius
1117 2519 1230 2572 humani
1244 2522 1441 2586 perennitatem

214 2629 325 2684 quoquo
339 2617 419 2670 modo
433 2616 584 2685 haurirent,
598 2631 630 2670 ac
643 2616 697 2669 stili
718 2616 807 2671 oliteio
820 2616 938 2683 propriis
949 2617 1129 2683 auditoribus,
1143 2617 1362 2687 haudquaquam
1373 2618 1441 2688 graui

214 2716 264 2781 ipsi
277 2715 421 2782 dispendio
432 2716 522 2782 liberi,
536 2718 751 2784 promulgarent,
764 2718 872 2785 cognito
885 2717 987 2784 quippe
1005 2716 1114 2771 excelso
1126 2718 1252 2771 omnium
1266 2732 1363 2772 rerum
1375 2718 1443 2786 prin·

212 2815 281 2882 cipe,
295 2829 409 2882 seseque
422 2816 482 2882 ejus
495 2816 617 2870 bonitate
629 2817 834 2870 immortalitate
854 2816 981 2882 clonatos,
994 2815 1097 2884 glaucis
1108 2814 1346 2870 ludificationibus
1366 2814 1444 2870 corde

214 2913 365 2967 obnubilati
378 2922 459 2982 atque
479 2915 563 2980 fideti]
585 2930 635 2982 per
655 2917 796 2969 caritatem
818 2916 958 2982 operantis
975 2916 1063 2981 inscii,
1077 2919 1161 2968 heum
1182 2916 1315 2969 decenter
1337 2911 1480 2968 minimeil

213 3012 382 3066 honoramnt
393 3027 512 3080 ueraque
524 3014 623 3079 pietate
636 3014 789 3080 coluerunt,
804 3015 936 3081 nullaque
948 3027 1059 3080 prorsus
1077 3014 1111 3067 ad
1123 3014 1195 3067 bene
1208 3014 1347 3081 beateque
1359 3015 1445 3067 risen·

212 3111 277 3164 dum
290 3118 366 3179 gestu
378 3113 422 3165 vel
434 3118 505 3178 actu,
519 3113 615 3165 saltem
625 3116 747 3183 energia,
761 3115 863 3167 nedum
877 3116 1013 3181 exempla,
1022 3116 1139 3182 posteris
1152 3115 1355 3181 relinquentes,
1366 3117 1444 3169 totius

212 3211 302 3262 carnis
311 3211 381 3265 viam
392 3211 458 3264 nudi
469 3219 495 3265 et
504 3213 598 3265 miseri
608 3214 723 3281 ingressi
734 3220 807 3280 sunt,
817 3215 943 3281 quisquis
955 3217 997 3281 pia
1007 3215 1197 3280 compassione
1206 3214 1341 3280 proximis
1352 3215 1443 3267 subse

212 3310 271 3363 nire
283 3316 404 3377 captans,
419 3326 489 3378 quae
499 3312 615 3378 quisque
628 3312 741 3366 deificus
754 3314 875 3381 satelles,
890 3328 945 3367 non
959 3315 1047 3368 solum
1060 3314 1159 3366 camini
1180 3313 1391 3367 examinatione
1401 3327 1443 3366 ex·

211 3414 287 3462 cocto
300 3422 366 3462 auro
379 3409 427 3462 sed
440 3413 521 3463 etiam
531 3412 589 3464 lilio
602 3412 714 3464 violisve
726 3414 829 3478 tropice
841 3414 1016 3478 assimilatus,
1028 3413 1188 3479 purissimae
1200 3410 1374 3465 credulitatis
1385 3425 1443 3465 ean·
1457 3410 1480 3462 w

211 3507 276 3560 dore
296 3511 441 3577 peregerit,
455 3523 509 3577 quo
531 3511 656 3577 exemplo
679 3511 764 3577 ipsius
785 3512 1007 3579 longanimitatis,
1029 3508 1258 3574 mansuetudinis,
1277 3510 1441 3575 sobrietatis,

210 3604 391 3667 discretionis,
405 3609 544 3671 castitatis,
559 3607 730 3676 frugalitatis,
744 3613 880 3678 puritatis,
898 3613 1044 3680 gravitatis,
1063 3608 1260 3663 moderationis
1280 3615 1364 3676 atque
1385 3610 1442 3663 reli·

211 3706 461 3770 quarumvirtulum
472 3706 570 3760 decore
581 3709 717 3764 hebetudo
728 3710 870 3762 hominum
881 3711 1051 3764 reverberata
1061 3715 1087 3762 et
1096 3721 1229 3761 concussa
1239 3712 1287 3760 aut
1296 3709 1389 3761 verbis
1398 3717 1443 3761 aut

210 3804 318 3869 scriptis
329 3806 461 3871 retulerit,
471 3820 527 3859 non
538 3815 566 3860 ut
577 3808 658 3861 labile
669 3822 799 3862 vocamen
810 3810 923 3861 dilatare
932 3809 976 3861 uel
986 3810 1085 3862 farriam
1098 3806 1139 3859 sui
1150 3805 1274 3872 pauculis
1284 3806 1443 3873 grammulis

210 3903 237 3953 in
248 3915 294 3954 ora
304 3906 479 3969 superstitum
489 3906 622 3974 signatam
631 3909 695 3961 velit
703 3921 860 3975 propagare,
868 3908 915 3961 sed
926 3906 1060 3959 exercitiis
1071 3904 1226 3971 praelibatis
1235 3901 1268 3954 ad
1279 3903 1371 3956 bonae
1378 3905 1441 3955 artis
1455 3903 1480 3955 it

207 4000 294 4054 studia
307 4003 481 4068 provocando
497 4007 623 4073 evehere,
633 4009 775 4060 carissimo
794 4009 859 4059 milri
874 4006 973 4059 affectu
993 4001 1199 4071 amplectendus
1210 4001 1310 4053 merito
1324 4001 1440 4067 ridetur,

208 4100 338 4165 quoniam
350 4100 415 4153 (lum
428 4115 458 4153 os
471 4102 543 4154 illius
556 4118 612 4157 non
625 4118 706 4170 opera
720 4107 873 4172 bominum,
888 4106 934 4159 sed
958 4108 1003 4159 liei
1016 4108 1045 4158 in
1063 4118 1128 4158 suos
1147 4104 1288 4170 operantis
1306 4111 1440 4165 eructuat,

208 4197 242 4249 ad
256 4199 349 4251 beatae
361 4200 518 4252 hereditatis
533 4202 686 4270 florigeram
697 4207 829 4272 requiem,
841 4206 957 4259 termino
970 4219 1119 4273 numquam
1130 4205 1289 4271 obnoxiam,
1301 4204 1441 4272 loquendo

209 4295 347 4349 auditores
360 4297 519 4350 inflammat.

239 4395 270 4448 2.
291 4398 359 4448 ilaec
373 4397 463 4462 itaque
477 4411 582 4450 mecum
596 4401 642 4452 diu
656 4402 827 4469 multumque
841 4408 1019 4469 pertractans,
1035 4407 1177 4468 postquam
1191 4413 1395 4466 saepenumero
1407 4402 1440 4454 ab
1456 4400 1480 4451 :b

206 4493 343 4559 aliquibus
355 4509 484 4561 germana
499 4499 563 4548 mihi
583 4501 694 4553 caritate
707 4505 838 4556 connexis
860 4505 973 4557 fratrum
988 4504 1111 4570 personis
1135 4502 1278 4569 instigatus
1290 4516 1355 4554 snm
1377 4516 1441 4570 qua·

206 4590 280 4643 tinus
291 4605 324 4644 ex
335 4596 486 4647 uenerandi
500 4597 606 4649 bomini
627 4601 775 4654 sacerdotis
787 4603 924 4670 ltigomeri
946 4615 1024 4655 sacra
1037 4602 1228 4668 deportatione
1250 4615 1299 4654 seu
1313 4601 1352 4654 dc
1365 4604 1443 4655 mira·
