3316 5482
456 360 549 410 amu.
569 359 652 410 uer.
673 357 789 408 rarus.
809 378 855 388 -
871 356 1024 407 apruno.
1045 355 1092 405 ao
1109 354 1186 404 coo.
1206 351 1284 404 sset.
1404 335 1468 402 511

264 528 400 598 [mcum
414 531 497 599 igitur
509 534 549 585 tot
560 530 687 584 laborum
700 529 836 583 exercitiis
849 528 965 581 nitidum
977 541 1064 595 eguus
1073 527 1199 593 spiritum
1208 530 1334 578 cerneret
1345 523 1468 590 undique

230 628 304 682 bene
316 629 440 682 limatum
454 640 485 682 ac
498 629 602 682 elutum
616 645 623 681 ε
637 628 718 694 iarn,
733 628 831 694 inquit,
845 626 981 680 transito
993 625 1101 694 bieme,
1116 625 1233 679 siccato
1251 621 1359 690 imbre,
1373 633 1469 689 appu·

226 726 371 782 rentibus
382 725 525 794 floribus,
547 726 760 782 emittentibus
782 726 908 793 floridis
933 725 1032 779 einen
1053 725 1178 779 odorem
1198 735 1301 790 suunt,
1323 720 1470 789 quonium

233 828 299 881 totu
306 824 444 893 puunra
453 839 495 895 es,
506 826 751 896 fiiinprincipis,
759 824 978 893 totupulcbru,
989 837 1089 892 surge,
1096 835 1234 892 propera
1244 824 1262 891 ²,
1270 823 1374 877 amica
1386 834 1465 889 mea,
1521 822 1609 877 *cod

193 927 213 980 5
229 925 372 992 speciosa
387 937 466 991 meu,
478 924 621 979 columba
632 937 712 989 inea,
724 922 863 990 sornwsu
880 936 960 990 meu,
973 925 1003 977 et
1015 923 1094 977 ueni.
1113 923 1152 975 Ad
1162 923 1229 976 haec
1241 935 1352 988 sponsa,
1369 920 1462 974 dilecti
1498 900 1638 957 proepm‘

232 1024 354 1078 odoratis
362 1023 600 1091 blanditiis‚quem
612 1024 681 1077 votis
688 1024 745 1090 jam
755 1022 858 1077 dudum
869 1022 1016 1090 liquefacta
1024 1022 1182 1090 quaerendo
1193 1035 1240 1088 per
1250 1021 1322 1075 vicos
1330 1026 1357 1073 et
1366 1021 1468 1086 plateas

232 1122 397 1189 requisierat
409 1123 457 1176 sed
471 1136 527 1176 non
540 1124 682 1177 invenerat
696 1139 702 1176 ι
716 1123 832 1177 Dilecte
844 1122 897 1189 mi,
911 1123 958 1185 ait,
971 1122 1083 1176 dilecte
1094 1121 1149 1188 rui,
1159 1123 1254 1176 electe
1265 1133 1305 1174 eu
1317 1119 1469 1187 millibus,

233 1220 326 1276 trabe
337 1223 563 1289 antepositum
579 1222 805 1289 promptuaria
829 1225 889 1274 tua
912 1220 1056 1276 introduc
1068 1234 1138 1275 me.-
1155 1234 1231 1275 nnnc
1248 1220 1323 1288 qnia
1336 1222 1415 1274 totus
1437 1232 1468 1272 es

234 1322 466 1391 desiderabitis,
479 1323 657 1377 vulnerasti
665 1335 720 1376 cor
733 1335 843 1389 nteurn,
852 1322 1029 1377 vulnerasti
1037 1321 1190 1387 cerritum,-
1202 1335 1241 1375 en
1256 1334 1309 1388 eqo
1328 1324 1469 1389 langueo,

187 1421 217 1473 lb
236 1421 370 1491 langueo
383 1435 499 1476 amore.
513 1425 628 1490 lnterea‚
642 1434 696 1490 quo
711 1422 843 1475 maturior
856 1421 926 1476 toret
939 1422 1032 1487 sponsi
1045 1434 1217 1488 sponsaeque
1229 1427 1388 1487 praeoptata
1405 1434 1469 1474 con·

233 1521 326 1586 nexio,
337 1534 483 1588 corporeae
494 1521 607 1574 exuviae
619 1521 670 1575 levi
683 1521 818 1574 feriuntur
831 1521 1015 1586 incommodo,
1026 1533 1174 1586 casumque
1187 1519 1228 1572 sui
1241 1519 1397 1572 minitantes
1410 1531 1472 1571 mox

232 1622 357 1675 brturum
368 1622 542 1689 praesignant
554 1621 667 1674 omnino
679 1637 687 1685 3
701 1633 751 1673 nec
765 1626 856 1673 tamen
870 1621 980 1674 solitum
991 1619 1100 1673 divinae
1115 1619 1263 1686 malestatis
1276 1617 1466 1671 ministerium

232 1721 369 1788 linquitur
380 1720 437 1774 ullo
450 1720 539 1774 modo.
554 1721 675 1773 citatur·
688 1721 807 1785 interim,
821 1721 886 1773 dum
899 1725 1109 1787 conquassatum
1123 1719 1239 1773 cadaver
1251 1732 1283 1772 ac
1295 1718 1385 1772 funeri
1399 1731 1463 1771 con·
1522 1717 1530 1735 ¹
1543 1712 1610 1768 cod.

230 1820 338 1888 tignum
350 1823 491 1885 appeteret
502 1819 679 1884 messionem,
692 1824 775 1884 atque
801 1818 937 1886 fragilitati
959 1817 1056 1871 cedere
1080 1816 1233 1886 dedignans
1254 1817 1339 1871 victor
1358 1817 1466 1870 animus
1507 1781 1627 1833 cemus·

187 1923 215 1975 lb
232 1917 303 1971 illud
314 1920 425 1985 cogeret
436 1917 469 1971 ad
482 1916 613 1971 laborem.
628 1916 751 1970 Tandem
765 1915 844 1969 adest
865 1917 1014 1970 retributor
1033 1917 1180 1983 piissimus,
1193 1922 1278 1984 utque
1301 1916 1336 1969 ad
1355 1929 1470 1983 superos

232 2018 325 2071 evolet
336 2016 427 2069 innuit
437 2030 514 2069 sacer
525 2017 658 2084 omnique
673 2016 804 2069 materiali
819 2015 920 2069 decore
933 2016 1072 2082 pulchrior
1084 2017 1211 2082 Spiritus.
1223 2018 1287 2083 Ejus
1299 2023 1389 2068 autem
1401 2021 1469 2069 nutu

232 2130 310 2171 nono
322 2116 500 2170 kalendarum
521 2116 718 2182 septembrium
741 2116 795 2178 die,
819 2129 951 2182 corporeo
972 2117 1059 2182 posito
1080 2129 1175 2182 onere,
1189 2117 1312 2185 angelico
1336 2117 1469 2185 regimine

231 2216 399 2271 evehiturin
411 2217 531 2281 aethere,
545 2215 610 2269 felix
627 2214 716 2269 felicis
739 2221 869 2282 perpetua
892 2215 1025 2269 fruiturus
1044 2216 1132 2283 Elysei
1154 2218 1328 2270 amoenitate.
1342 2220 1469 2272 sacratae

231 2330 334 2383 nempe
346 2317 480 2384 lligomeri
494 2315 653 2384 sacer[dotis
670 2315 773 2384 exim]ii
787 2315 920 2383 exequiae
934 2315 1109 2369 devotissime
1122 2317 1156 2370 ab
1168 2317 1243 2371 omni
1257 2316 1329 2370 clero
1343 2330 1431 2370 necne
1443 2322 1470 2369 et

187 2417 215 2470 lb
233 2415 348 2483 populo,
358 2416 398 2468 uti
410 2415 533 2479 decebat,
544 2416 697 2469 celebratae
709 2421 773 2469 sunt
785 2416 832 2470 illo
843 2429 899 2483 quo
911 2416 1008 2470 cellarn
1021 2418 1175 2470 coniecerat
1184 2431 1261 2471 suam
1272 2417 1394 2484 praedio,
1405 2430 1466 2471 cunr

233 2515 321 2569 multo
342 2516 471 2582 tripudio,
493 2516 623 2583 quoniam
646 2516 737 2569 nullus
756 2515 911 2583 ambigebat
929 2522 1086 2570 sanctorum
1109 2530 1172 2569 cum
1192 2517 1325 2571 adscitum
1350 2530 1467 2571 numero

234 2626 355 2681 vereque
368 2613 527 2680 perenniter
540 2614 630 2667 rivere
644 2613 672 2666 in
685 2614 803 2667 cbristo.

268 2715 341 2766 llaec
353 2713 435 2780 igitur
447 2712 482 2766 ad
494 2712 603 2767 laudem
616 2726 739 2767 summac
751 2717 778 2766 et
790 2713 947 2767 individuae
960 2715 1098 2767 Trinitatis
1112 2716 1234 2782 pauculis
1246 2716 1405 2783 granrmulis
1416 2729 1466 2782 pro

235 2812 369 2865 brevitate
381 2813 497 2880 peritiae
509 2813 543 2866 de
557 2825 634 2866 sacro
646 2818 717 2879 ortu,
736 2813 884 2879 miraculis,
898 2818 1015 2881 actuque
1034 2827 1066 2866 ac
1088 2814 1158 2867 vitae
1179 2820 1241 2868 tuae
1263 2816 1390 2882 termino,
1410 2828 1467 2868 non

187 2912 220 2964 ts
238 2916 269 2963 ut
280 2911 365 2978 solui,
379 2912 437 2976 sed,
450 2912 562 2964 caritate
576 2913 751 2975 masniolus
766 2913 910 2980 lligomere
922 2919 998 2979 pater
1010 2915 1190 2977 sanctissime,
1204 2919 1235 2966 ut
1246 2916 1320 2980 potui
1334 2915 1468 2981 decerpsi.

231 3011 273 3062 Tu
285 3022 362 3075 vero,
376 3011 441 3076 quia
454 3011 514 3078 pius
525 3024 567 3076 cs,
581 3011 783 3077 praesumptivo
794 3010 904 3064 aflectui
917 3024 978 3065 meo
991 3012 1036 3078 pie
1048 3025 1138 3080 parce,
1154 3013 1338 3080 omnibusque
1350 3019 1377 3067 te
1388 3026 1469 3067 vene·

232 3110 359 3164 rantibus
371 3116 398 3163 et
410 3112 598 3166 invocantibus
610 3112 719 3178 propria
730 3111 897 3179 benignitate
910 3126 1050 3178 succurre,
1063 3127 1118 3179 quo
1132 3127 1180 3179 per
1193 3118 1219 3166 te
1231 3115 1302 3180 apud
1323 3115 1466 3168 bominum

233 3215 410 3275 peccatorum
433 3225 546 3264 suorum
566 3210 763 3278 indulgentiam
786 3216 989 3277 consequantur
1010 3212 1171 3265 celerrime:
1197 3214 1241 3265 cui
1274 3219 1315 3266 est
1335 3214 1469 3267 honoret

233 3312 347 3360 aeterna
360 3313 479 3375 potestas
492 3314 519 3362 et
532 3322 605 3362 nunc
617 3315 644 3362 et
656 3310 684 3361 in
696 3309 863 3361 aeternitatis
879 3308 933 3362 die.
958 3312 1053 3362 Amen.
1076 3313 1128 3363 Nos
1149 3321 1214 3378 ergo
1225 3311 1280 3377 Jam
1304 3310 1349 3365 hic
1367 3316 1466 3364 metam

187 3407 215 3459 ib
231 3404 348 3472 tigamus
359 3407 479 3474 dicendi,
493 3422 527 3461 ne
540 3409 715 3461 interminata
728 3408 906 3474 perplexitate
917 3422 979 3461 cum
993 3409 1035 3461 sui
1048 3411 1130 3462 etiam
1153 3410 1304 3463 rusticitate
1325 3410 1466 3478 abigamus

232 3508 357 3560 animum
370 3509 503 3574 captantis
516 3508 583 3561 haec
594 3507 725 3574 indagare
738 3521 831 3561 amore
843 3507 962 3575 patroni.

392 4073 396 4081 Ι
483 3941 561 4029 ob.
602 3939 727 4028 Godcx
747 3941 936 4051 signabis
956 3967 1071 4029 num.
1099 3937 1224 4028 5595.

247 4111 250 4116 ¹
266 4154 338 4207 olim
349 4151 523 4206 colbertinus
534 4153 608 4220 otto,
622 4151 723 4204 deinde
736 4151 838 4220 Regius
847 4155 923 4206 litt.
936 4156 961 4205 5.
975 4155 1000 4205 5.
1016 4164 1044 4205 n.

266 4252 406 4306 Foliorum
414 4249 456 4313 89,
472 4251 538 4303 min.
551 4252 791 4317 (notisnotis),
805 4251 885 4304 lineis
897 4253 997 4318 plenis,
1010 4257 1137 4306 exaratus
1153 4266 1225 4306 saec.
1240 4256 1283 4306 xl.

334 4350 373 4425 1⁰
399 4349 483 4428 Vita
497 4357 535 4427 ct
548 4357 656 4428 actus
670 4358 787 4449 atquc
801 4349 933 4427 obitus
946 4349 1051 4426 beati
1068 4350 1234 4452 Remigii
1249 4351 1461 4431 Remorum

383 4474 691 4576 archipontificis
709 4474 785 4571 (iol.
811 4473 977 4574 li-dbilf

263 4611 382 4662 Auctore
402 4610 558 4662 llincmaro.
578 4635 612 4646 -
632 4609 759 4674 sequitur
778 4607 835 4672 (iol.
855 4608 963 4672 bor-81²)
981 4605 1104 4674 ejusdcm
1130 4609 1267 4662 llincmari
1300 4610 1457 4664 encomium
