3316 5482
267 364 361 415 amn.
380 364 464 416 nnn.
483 364 600 416 enam.
619 384 665 396 —
681 364 834 415 nerano.
854 364 901 414 no
918 364 995 415 con.
1018 363 1094 415 serr.
1228 349 1292 416 157

81 531 145 597 rw,
162 534 268 589 mititer
285 533 409 603 coristi,
422 534 550 603 firmam
568 533 707 590 habetote
726 534 760 588 tn
779 535 909 590 Domino
927 535 1022 604 fidem
1041 537 1136 602 atque
1154 547 1248 602 mem,
1263 537 1292 589 et

72 635 232 701 pemoeut
240 634 331 689 iltius
340 634 553 703 beatitudinis,
562 648 655 703 quam
660 636 833 703 protocteto
842 636 944 689 David
953 637 996 689 oct
1005 647 1124 690 ornnem
1129 634 1292 702 promittit

72 730 223 800 bominem,
236 732 343 788 dicata
356 731 508 788 :Labores
520 746 673 788 manuum
686 736 816 788 totorum
829 733 904 802 quio
917 732 1131 796 manducabis,
1141 731 1248 786 beatus
1260 745 1292 786 es

72 833 104 886 ct
112 830 182 886 bene
192 832 246 886 tibi
256 833 327 901 erit,
339 835 369 887 et
375 833 552 901 participes
572 832 765 900 efficiamini.
777 835 815 887 Et
830 834 946 887 iterum
959 851 967 889 .·
980 833 1049 888 Non
1061 831 1294 900 mandaretque·

31 933 50 985 3
64 944 127 987 nort
139 931 267 987 taboret.
278 932 317 986 bt
325 944 453 986 rursum
464 933 552 986 oties
563 933 690 1000 sepiens
702 933 749 986 att
762 934 839 988 :Fac
847 933 972 1000 aliquid
982 932 1094 1000 operis,
1105 934 1140 985 ut
1149 931 1293 986 diabotus

60 1034 92 1086 te
109 1032 245 1086 inveniet
255 1035 452 1100 occupatum,
469 1033 544 1100 quia
565 1032 707 1087 otiositas
727 1032 858 1088 introiere
878 1034 923 1085 est
944 1032 1081 1086 animae.
1094 1032 1131 1086 Et
1149 1019 1292 1085 iterum':

57 1131 162 1188 Labor
173 1132 329 1201 improbus
341 1133 448 1188 menete
463 1133 570 1189 vincit.
583 1134 644 1188 deis
663 1140 754 1188 autem
767 1134 822 1201 illa,
837 1147 979 1201 perquam
991 1134 1146 1188 bocsaneto
1160 1132 1293 1186 leonorio

17 1230 20 1234 ’
57 1239 86 1289 et
97 1234 295 1288 suisiratribus
305 1234 525 1289 demonstratum
538 1240 579 1289 est
590 1235 733 1300 auxillum,
748 1248 898 1301 numquam
911 1240 1005 1301 postea
1017 1235 1046 1287 in
1055 1234 1101 1288 illa
1114 1239 1169 1288 tota
1182 1232 1294 1301 regione

55 1336 93 1389 ab
104 1333 164 1388 ullo
176 1334 288 1388 bomine
300 1335 358 1386 risa
379 1339 430 1401 cst,
442 1335 517 1402 quia,
530 1334 601 1388 sicut
613 1335 661 1389 toti
675 1335 800 1388 nomines
821 1334 1026 1388 affirmaverunt
1037 1338 1119 1401 atque
1135 1331 1294 1387 testificave-

10 1436 38 1488 lo
55 1438 134 1501 runt,
147 1434 262 1502 angelus
275 1434 321 1487 bei
335 1434 531 1501 omnipotentis
543 1435 571 1487 in
584 1435 675 1501 specle
687 1435 759 1487 alitis
771 1434 831 1487 init.

90 1534 125 1586 9.
138 1535 203 1586 Post
214 1534 266 1587 boc
277 1546 343 1587 nero
356 1539 588 1600 praeparaverunt
608 1547 637 1586 se
656 1534 754 1587 iratres
772 1534 939 1588 unanimiter
951 1535 1084 1600 laborare,
1099 1539 1126 1588 ct
1145 1536 1296 1600 coeperunt

57 1633 158 1688 sileam
178 1631 322 1686 abscidere
341 1638 369 1686 ct
391 1632 549 1701 incendere,
571 1640 598 1687 et
616 1633 748 1700 aliquanti
770 1648 805 1707 ex
826 1635 865 1688 eis
888 1635 1031 1688 trahebant
1048 1634 1121 1703 ligna
1142 1633 1251 1688 concisa
1268 1636 1297 1686 et

56 1733 201 1802 jactabant
213 1745 245 1786 ea
268 1733 298 1786 in
311 1733 473 1800 mare,qnia
495 1745 579 1799 snper
601 1733 687 1799 ripam
708 1734 793 1786 maris
813 1741 909 1800 erant;
931 1734 1057 1787 iecerunt
1075 1739 1169 1787 autem
1183 1733 1234 1786 noc
1246 1744 1296 1800 per

60 1834 129 1901 iiij«
141 1833 332 1888 hebdomadas
344 1832 449 1900 plenas.
462 1837 499 1887 be
511 1833 576 1902 galli
588 1840 671 1887 cantu
684 1834 861 1889 celebrabant
880 1840 1030 1889 nocturnas
1048 1835 1154 1903 vigilias
1168 1839 1196 1888 et
1207 1839 1293 1887 matu·

10 1936 43 1988 15
59 1935 135 1987 linas
146 1932 258 1999 hudo,
273 1945 354 1986 mane
368 1933 449 1997 laeto,
461 1933 611 1987 introibant
623 1935 651 1988 ln
665 1934 868 1997 oboedientiam
881 1934 1183 2002 laborand03similiter
1195 1939 1297 1987 etcum

59 2032 158 2086 labore
178 2032 363 2086 decantabant
375 2046 470 2086 eornm
484 2033 565 2087 horas
578 2035 710 2088 canonice
722 2034 893 2096 constitutas,
912 2035 963 2087 bae
975 2038 1040 2088 sunt
1050 2034 1148 2101 prima,
1162 2031 1294 2095 secunda,

59 2132 153 2198 tertia,
167 2139 252 2186 sexta.
266 2131 305 2185 nd
326 2133 421 2186 noram
433 2146 499 2187 uero
512 2146 614 2187 nonam
627 2135 889 2202 appropinquantes,
902 2134 1069 2188 recedebant
1079 2135 1113 2187 ab
1126 2146 1209 2200 opere
1220 2138 1248 2187 et
1259 2131 1295 2186 ad

59 2244 143 2284 suurn
156 2231 308 2299 pergebant
320 2232 481 2297 oratorium,
495 2231 638 2285 laudantes
650 2238 676 2286 et
688 2233 883 2287 benedicentes
900 2236 1008 2286 Patrem
1021 2239 1047 2287 et
1060 2233 1157 2286 Filium
1170 2232 1298 2285 similiter

61 2334 91 2383 et
103 2330 234 2396 Spiritum
248 2336 386 2397 sanctum,
399 2332 435 2384 ita
445 2331 563 2386 dicendo
577 2333 897 2400 :Boeediciteomnic
906 2332 1145 2401 operabamini,
1156 2331 1296 2398 Domino,

10 2431 44 2484 ao
63 2430 238 2485 wuoaoeet
249 2432 488 2498 supereaottcte
507 2444 579 2485 cern
599 2432 633 2484 in
650 2434 789 2501 saecuta,
802 2446 890 2500 usque
903 2433 931 2485 in
945 2432 1028 2485 irnem
1040 2449 1049 2497 ;
1062 2432 1127 2485 dein
1146 2443 1210 2485 vcro
1229 2430 1298 2484 cele·

62 2529 184 2584 brabant
195 2543 293 2584 eorum
315 2531 422 2597 missas,
436 2535 463 2583 et
482 2536 577 2597 postea
598 2532 711 2585 exibant
721 2533 756 2586 ad
769 2533 961 2599 reiectionem;
975 2536 1002 2586 et
1013 2537 1161 2599 antequam
1173 2529 1208 2584 ad
1222 2543 1298 2584 men·

62 2645 125 2685 sam
136 2631 314 2698 accederent,
334 2633 508 2699 accipiebant
528 2634 661 2687 decimam
674 2639 781 2701 partem
798 2635 923 2687 ciborum
944 2638 971 2686 ct
980 2633 1119 2700 lactabant
1131 2645 1192 2685 eam
1203 2631 1299 2685 bestiis

63 2735 158 2785 terrae
169 2736 198 2785 et
216 2730 377 2787 volueribus
397 2733 476 2799 caeli,
498 2733 562 2800 qnia
584 2734 655 2787 inter
676 2734 736 2789 illos
757 2734 850 2787 nullus
868 2733 1020 2787 nabebatur
1031 2746 1145 2800 pauper,
1160 2731 1208 2786 sed
1220 2736 1299 2785 erant

62 2831 131 2899 illis,
144 2831 215 2885 sieut
226 2832 358 2886 bominus
370 2834 518 2903 praecepit,
532 2835 624 2887 omnia
636 2835 803 2889 communia.

10 2932 45 2985 25
98 2929 151 2982 10.
165 2931 248 2998 lgitur
258 2932 311 2985 noc
320 2932 429 2998 cotidie,
440 2938 553 2998 excepto
565 2932 610 2986 die
620 2932 769 2999 dominico,
778 2933 921 2998 iacientes,
935 2935 1087 2998 coeperunt
1096 2944 1144 2999 pro
1158 2930 1298 2985 nimietate

62 3030 169 3084 laboris
180 3029 299 3085 delicere
312 3036 338 3084 et
350 3031 415 3084 lassi
428 3046 499 3086 esse.
512 3035 695 3086 perrexerunt
716 3039 807 3086 autem
830 3032 955 3085 similiter
975 3032 1010 3085 ad
1028 3032 1185 3099 magistrum
1199 3043 1295 3084 corum

63 3135 192 3184 sanctum
203 3132 371 3184 Leonorium
383 3137 410 3184 et
427 3138 576 3199 coeperunt
588 3133 706 3186 clamosa
717 3146 784 3186 uoce
806 3133 898 3186 dicere
913 3151 919 3186 :
932 3131 1060 3185 Domine
1072 3133 1177 3198 peter,
1190 3142 1300 3184 cocora-

64 3241 137 3282 mua
149 3230 178 3281 tc
190 3230 226 3281 ut
238 3229 367 3283 recedas
380 3230 418 3284 cte
429 3230 490 3284 isto
504 3231 568 3285 toco
580 3235 609 3285 ct
621 3244 729 3285 cornus
748 3231 781 3283 in
796 3231 937 3298 ntiquom
944 3232 1072 3298 partem
1082 3229 1136 3282 ubi
1149 3229 1299 3283 Dominus

63 3328 174 3381 noster
185 3328 276 3381 Iesus
292 3327 430 3383 cbristus
436 3314 567 3398 'aliquod
578 3330 731 3398 nobispcr
743 3344 816 3384 suos
828 3343 931 3384 scroos
942 3330 1049 3398 fideles
1056 3331 1197 3397 praestet
1209 3327 1302 3382 aoxi-

10 3428 46 3480 50
65 3426 158 3480 tium.
173 3426 354 3492 despondens
366 3432 455 3481 autem
468 3434 577 3481 sanctus
597 3430 757 3492 Leonorius,
772 3430 808 3482 ita
821 3442 868 3483 eos
889 3429 1051 3494 ammonuit,
1065 3427 1160 3482 dicens
1179 3445 1186 3480 ι
1203 3425 1303 3481 Ooiri

63 3524 198 3593 fratres,
207 3525 308 3586 ⁴notite
319 3525 375 3580 boc
387 3527 526 3594 emptius
538 3528 650 3596 dicere,
664 3511 738 3595 quia
757 3528 888 3582 tentatio
907 3527 1062 3582 diabolica
1075 3529 1121 3580 ert
1134 3544 1143 3594 ,·
1155 3526 1209 3580 scd
1220 3526 1302 3579 sicut

65 3624 230 3691 apostotus
242 3624 367 3679 Paetus
378 3625 464 3680 dicit
478 3643 484 3679 :
502 3619 731 3695 confortamini
743 3628 775 3679 tn
790 3628 919 3681 Domino
931 3629 961 3680 et
973 3626 1158 3694 inpotentia
1170 3625 1300 3679 virtutis

63 3723 143 3790 eius,
164 3725 194 3776 et
215 3723 339 3778 induite
361 3737 414 3779 eos
432 3729 601 3789 armatura
620 3727 682 3794 bei,
708 3729 742 3780 ut
755 3727 886 3794 possitis
904 3726 1153 3780 stareedeersus
1166 3724 1301 3778 insidias

65 3819 196 3886 diaboti,
209 3823 360 3889 quoniam
373 3828 492 3877 nonest
510 3824 598 3878 nobis
615 3826 795 3880 colluctatio
814 3827 966 3879 adversus
984 3837 1109 3879 carnem
1127 3827 1157 3877 et
1174 3823 1302 3891 sartpui·

10 3922 49 3976 55
68 3932 151 3986 nem,
164 3921 219 3974 sed
231 3922 382 3976 adverus
389 3924 554 3991 principes
565 3927 595 3978 et
609 3928 792 3995 potestates,
807 3926 840 3978 id
854 3929 899 3980 est
918 3925 1071 3978 advers-us
1083 3923 1221 3977 incidias
1232 3923 1300 3976 dr'a·

66 4019 131 4074 bote·
146 4024 178 4073 et
196 4021 416 4076 ministrorum
428 4023 504 4089 ejus
518 4026 625 4077 Fratres
638 4039 712 4092 vcro,
726 4027 793 4079 llaec
805 4027 958 4091 audientes,
972 4024 1174 4077 crubescebant
1187 4023 1264 4077 ualde
1276 4030 1303 4077 et

66 4119 166 4187 repleti
179 4126 243 4174 sunt
255 4122 352 4177 timore
365 4123 450 4177 nimio
463 4129 490 4177 et
501 4125 673 4193 contusione,
685 4131 712 4179 et
725 4127 792 4178 nibil
806 4127 831 4179 ei
843 4132 967 4193 poterant
983 4125 1101 4191 amplius
1122 4125 1300 4190 respondere.

65 4221 186 4273 Sanetus
198 4227 289 4275 antem
303 4224 463 4289 Leonorius,
472 4226 501 4276 in
513 4227 628 4279 bomine
640 4226 793 4292 conlidens,
803 4227 931 4279 omnibus
944 4226 1073 4279 iratribus
1089 4225 1300 4289 dormientibus,

67 4322 192 4387 exeeptis
204 4321 312 4375 duobus
321 4337 391 4389 quos
403 4325 449 4377 ille
458 4338 551 4378 secum
561 4327 675 4389 vocavit,
686 4327 784 4394 vigiliis
797 4332 823 4379 et
835 4327 1006 4380 orationibus
1016 4339 1114 4379 seeum
1127 4325 1180 4377 illis
1193 4324 1301 4378 duobus

10 4422 48 4477 to
66 4419 214 4487 discipulis
235 4422 292 4474 suis
311 4435 342 4476 ea
363 4427 419 4476 tota
432 4430 512 4478 nocte
533 4425 653 4485 tradidit,
667 4431 693 4478 et
711 4432 784 4479 stans
802 4431 866 4479 ante
884 4440 963 4479 suum
976 4428 1071 4491 altare,
1085 4426 1247 4491 deprecatus
1258 4428 1302 4478 cst

65 4519 216 4574 bominum
236 4523 330 4574 tesum
351 4522 497 4589 Christum,
516 4531 545 4577 ut
566 4526 591 4578 ei
611 4531 638 4577 et
659 4526 787 4578 iratribus
808 4526 865 4578 suis
886 4539 967 4578 suum
988 4529 1139 4591 praestaret
1156 4523 1297 4577 auxillum.

63 4622 149 4674 lane
168 4626 260 4674 autem
278 4622 335 4687 jam
357 4622 437 4690 iacto,
459 4631 571 4676 sanctus
588 4626 739 4678 Leonorius
760 4624 897 4679 antecedit
915 4625 1011 4678 iratres
1033 4637 1107 4688 suos,
1128 4629 1155 4675 ct
1175 4622 1213 4674 illi
1233 4634 1296 4675 eum
