3316 5482
224 111 287 177 154
564 121 688 174 cornu.
708 121 1000 174 00011111010011.
1019 119 1101 175 uir.

221 299 311 364 Deus,
324 295 380 365 qni
390 293 478 349 nobis
490 307 531 348 eoo
542 295 652 348 nostro
661 295 751 362 pente
763 293 857 347 tatem
864 295 1028 362 pastorem
1040 295 1135 362 otone
1140 297 1328 364 praesulem
1346 295 1445 363 diona·

220 400 271 452 tus
281 410 314 451 es
325 396 499 451 concedere.

250 498 282 551 4.
297 500 418 563 cumque
431 494 465 548 ad
479 508 542 549 cum
554 494 738 548 ordinandum
751 498 807 547 tres
819 494 940 561 episcopi
954 507 1017 547 cum
1039 494 1215 548 mullitudine
1237 496 1406 562 populorum
1419 494 1450 550 ad

219 596 291 651 diem
306 595 487 651 ordinationis
507 595 670 648 sollemnem
691 594 885 648 conuenissent
906 599 934 646 et
955 608 1017 647 eum
1038 595 1067 647 in
1088 595 1245 648 cathedram
1267 595 1450 662 episcopalem

217 697 313 750 sedere
325 696 463 761 iecissent,
476 695 583 747 eumad
595 707 684 764 genua
696 694 828 747 flectenda
841 693 938 746 fraires
946 695 1082 760 jactarent
1091 705 1132 759 se,
1142 693 1208 747 111111
1219 699 1334 748 sauctus
1346 695 1445 749 ilubri·
1462 690 1488 744 5

217 795 276 848 cius
288 794 520 860 archiepiscopus,
533 804 588 845 una
601 804 663 846 cum
676 792 784 846 tieltuto
798 793 936 861 magistro,
950 793 1106 847 columbam
1124 794 1239 848 caelitus
1260 795 1392 848 emissam
1405 804 1457 862 per

218 896 368 948 fenestram
390 907 499 947 sursum
519 898 640 960 apertam
661 892 828 948 descendere
849 898 876 946 et
896 906 980 960 super
1000 900 1125 947 sanctum
1147 896 1313 949 Leouorium
1343 894 1455 962 sedere,

216 1007 282 1060 non,
294 1000 325 1047 ut
337 998 378 1048 est
391 993 483 1060 moris,
496 999 544 1046 aut
556 993 670 1061 fugitare
682 992 725 1046 rei
737 993 859 1061 volitare,
882 994 930 1046 sed
943 1006 1053 1060 semper
1065 995 1127 1047 sine
1145 994 1202 1049 ullo
1223 993 1340 1061 periculi
1365 999 1456 1062 metu,

216 1092 434 1146 discurrentibus
445 1091 568 1159 undique
578 1105 627 1158 per
638 1091 781 1145 ecelesiam
795 1091 937 1158 ministris,
960 1090 1137 1145 immobiliter
1151 1096 1224 1146 stare
1237 1110 1244 1158 3
1257 1100 1285 1145 et
1299 1106 1386 1161 super
1398 1107 1458 1149 sca·

217 1193 308 1260 pulum
318 1193 377 1259 ejus
388 1191 513 1245 dextram
525 1195 683 1245 constanter
696 1192 812 1244 inhaesit
825 1192 930 1244 tamdiu
940 1191 1028 1245 donec
1040 1191 1160 1245 officium
1170 1191 1354 1247 ordinationis
1362 1199 1456 1249 totum
1484 1210 1488 1221 ⁴

217 1293 251 1346 ab
263 1292 396 1360 episcopis
408 1296 654 1346 consummaretur.
668 1294 724 1344 lloc
736 1292 764 1344 in
778 1291 893 1345 ecclesia
906 1291 974 1345 nulli
987 1292 1149 1346 admirabile
1162 1293 1270 1362 signum
1283 1293 1374 1348 visum
1389 1296 1451 1364 luit,

215 1389 270 1444 nisi
282 1395 388 1444 tantum
401 1392 530 1458 episcopo
543 1390 669 1444 1111111010
682 1391 831 1444 etlleltuio
853 1392 983 1458 magistro
1004 1393 1092 1445 etuui
1111 1393 1237 1459 diacono,
1259 1393 1307 1460 qui
1330 1394 1448 1449 calicem

215 1491 326 1546 tenebat
337 1495 365 1545 ct
373 1492 545 1560 evangelium
563 1491 675 1559 legerat.
695 1493 726 1544 Et
738 1492 777 1544 sic
801 1491 950 1545 immobilis
969 1490 1015 1545 illa
1041 1492 1169 1545 columba
1190 1493 1264 1546 stetit
1284 1506 1452 1560 supereum

214 1592 303 1646 donec
316 1596 376 1658 post
389 1591 499 1644 missam
508 1590 543 1644 (10
555 1591 718 1643 eucharistia
738 1591 963 1644 communicaret.
986 1591 1091 1645 Deinde
1102 1596 1208 1646 tantum
1225 1596 1370 1660 stuporem
1394 1594 1450 1661 epi·

214 1704 313 1758 scopus
323 1694 349 1743 et
358 1690 485 1758 magister
494 1691 604 1743 interse
615 1690 736 1743 invicem
747 1690 923 1756 admirantes,
938 1697 1074 1743 venerunt
1085 1691 1120 1744 ad
1132 1695 1258 1744 sancium
1269 1692 1449 1760 Leonorium,
1485 1709 1488 1716 ·

215 1795 244 1845 ut
253 1793 309 1858 jam
322 1803 377 1843 non
389 1794 557 1857 terrestrem,
567 1788 616 1842 sed
626 1788 781 1854 caelestem,
791 1788 979 1842 indubitanter
991 1789 1186 1843 confirmarent
1198 1791 1314 1845 militem
1327 1805 1401 1845 esse.
1416 1794 1448 1846 ili

215 1891 368 1957 itubricius,
382 1890 484 1943 relictis
495 1890 623 1943 omnibus
637 1891 664 1943 in
684 1903 761 1958 paee,
776 1894 900 1943 sanctum
914 1890 1078 1946 Leonorium
1092 1891 1253 1957 frequenter
1264 1888 1448 1955 benedicens,

214 1990 248 2044 ad
260 1990 373 2044 domum
385 1990 525 2044 remearit.
538 1993 653 2043 saneim
665 2004 729 2044 vero
744 1990 897 2044 Leonorius
916 1991 951 2042 ita
974 1988 1144 2044 admirabilis
1155 1998 1237 2058 atquc
1256 1988 1407 2044 ineffabilis
1420 1992 1450 2044 iu

214 2091 261 2143 liei
279 2104 362 2158 opere
376 2091 517 2144 crescebat
533 2096 563 2143 ut
575 2091 609 2143 de
621 2091 665 2144 die
678 2092 707 2143 in
730 2091 802 2144 diem
824 2091 902 2156 quasi
923 2103 972 2157 per
992 2091 1092 2144 scalam
1113 2089 1265 2157 spiritalem
1285 2091 1450 2146 ascenderet

214 2195 295 2256 atque
305 2189 385 2242 altius
396 2190 425 2242 in
437 2201 545 2243 summo
558 2190 670 2243 honoris
682 2189 812 2256 culmino,
825 2196 853 2244 et
865 2195 994 2245 renovato
1006 2191 1036 2243 in
1049 2191 1147 2245 melius
1165 2190 1264 2245 cotidie
1276 2204 1340 2259 usu,
1353 2204 1450 2247 cerne·
1480 2192 1488 2239 ἵ

213 2293 288 2343 retur
300 2290 416 2359 erigere.

248 2389 280 2440 5.
293 2388 413 2453 Quadam
425 2402 490 2442 vcro
502 2388 557 2456 dio,
571 2389 636 2442 dum
649 2390 858 2443 archidiaconus
870 2405 936 2444 suus
956 2395 1020 2445 anie
1041 2391 1119 2444 illum
1137 2392 1241 2459 legeret
1261 2391 1446 2460 evangelium,

213 2488 261 2541 ubi
274 2489 405 2542 hominus
417 2488 454 2542 aii
469 2505 475 2541 :
488 2488 562 2543 Nisi
572 2489 641 2557 qais
662 2489 828 2557 reliquerit
843 2493 972 2559 patrem
984 2493 1013 2545 et
1029 2493 1163 2545 matrem
1175 2493 1203 2544 et
1223 2491 1309 2560 filios
1321 2495 1352 2544 et
1363 2504 1447 2545 soro·

213 2601 280 2641 rem
289 2589 318 2640 et
330 2600 431 2656 apros,
444 2601 508 2641 non
516 2591 618 2655 potest
631 2602 718 2643 inens
727 2603 793 2643 esse
810 2589 993 2659 disceptatae,
1010 2591 1112 2658 Spiritu
1126 2596 1220 2644 sancto
1233 2590 1258 2644 ei
1277 2591 1445 2657 inspirante,

213 2688 339 2756 cogitavit
351 2693 380 2740 ut
389 2688 540 2754 discipulus
552 2689 649 2741 christi
661 2688 814 2743 ediceretur
826 2695 853 2743 et
870 2690 921 2742 ista
935 2691 1027 2743 omnia
1040 2690 1217 2757 relinqueret,
1231 2694 1258 2743 et
1269 2703 1445 2759 quacumque
1470 2690 1488 2741 1

213 2800 325 2856 pergere
337 2788 469 2840 hominus
481 2787 520 2839 illi
534 2789 656 2842 revelare
665 2789 795 2842 voluisset
807 2794 940 2856 pergeret.
955 2793 1025 2844 llaec
1044 2794 1134 2843 autem
1155 2802 1188 2843 eo
1212 2790 1356 2858 cogitante,
1369 2792 1447 2844 veuit

212 2887 246 2940 ad
259 2899 321 2939 eum
334 2887 424 2940 divina
437 2898 498 2950 101,
513 2888 549 2940 iia
563 2887 658 2940 dicens
671 2903 677 2940 :
692 2887 808 2942 Dilecto
825 2887 882 2942 Det
901 2888 1044 2955 Leoaori,
1057 2887 1132 2942 bene
1148 2887 1277 2954 cupitos,
1300 2890 1330 2942 et
1353 2889 1445 2943 altro

211 3001 300 3042 ntnre
317 3001 450 3056 perpere
468 2989 755 3058 aestimassetis
772 3003 847 3058 perer
865 2995 981 3058 mooun
1003 2990 1072 3044 illic
1093 2991 1253 3057 exspectat
1272 2990 1444 3044 adamatum

212 3091 310 3156 tuane,
323 3092 359 3142 att
370 3102 439 3143 eam
452 3093 613 3143 conuertas
626 3089 664 3144 ob
676 3090 834 3145 erroribus
850 3090 1123 3159 repararentur
1145 3095 1234 3143 autem
1248 3089 1347 3156 laetus,
1360 3090 1443 3159 evigi-

212 3188 272 3242 lans
284 3202 299 3241 a
311 3201 418 3254 somno,
432 3189 523 3242 omnia
537 3203 606 3256 uuae
618 3190 652 3242 ab
665 3190 761 3258 angelo
772 3193 837 3243 iesu
850 3190 948 3242 Christi
959 3190 1072 3242 vidisset
1089 3193 1116 3242 et
1139 3187 1270 3253 audisset,
1284 3189 1442 3244 convocatis
1457 3186 1488 3242 5

210 3293 315 3342 secreto
333 3289 367 3341 ad
390 3302 419 3341 se
432 3286 571 3351 iratribus,
585 3290 721 3345 enarravit
734 3290 788 3343 illis
800 3290 938 3344 omnibus.
952 3289 994 3342 lili
1007 3293 1099 3342 autem
1121 3289 1253 3356 aliquanti
1277 3289 1380 3352 tristes,
1394 3289 1443 3342 ali·

210 3388 305 3454 quanti
317 3388 391 3453 laeti,
400 3389 469 3441 sicut
481 3403 540 3442 mos
553 3397 603 3453 est,
615 3390 815 3458 responderunt
827 3389 950 3444 dicentes
960 3405 967 3442 z
979 3389 1218 3456 Dominepoter,
1227 3387 1281 3456 fao
1293 3387 1349 3443 hoe
1360 3387 1443 3457 qttod

210 3485 266 3540 titt
272 3489 389 3554 placet,
402 3487 601 3556 etsequirnnr
615 3493 644 3542 ie
655 3490 690 3542 in
700 3490 785 3544 omni
792 3491 888 3556 parte
900 3502 1091 3557 quocumque
1100 3488 1237 3542 volueris
1250 3487 1307 3542 ire.

242 3588 273 3640 6.
296 3591 391 3641 Postea
404 3603 478 3654 vero,
499 3589 559 3641 sine
580 3589 635 3642 ulla
657 3603 744 3657 mora,
766 3590 922 3657 lugentibus
943 3596 970 3642 ct
990 3589 1118 3642 dentibus
1139 3588 1267 3642 omnibus
1287 3587 1391 3642 ibidem
1412 3590 1441 3644 iu

210 3687 306 3741 cadem
319 3690 429 3757 regione
449 3690 632 3756 manentibus,
648 3692 723 3744 venit
744 3692 777 3744 ad
801 3705 876 3744 mare
893 3704 955 3743 oum
978 3691 1053 3744 omni
1074 3690 1204 3745 comitatu
1225 3703 1284 3757 suo,
1299 3694 1327 3744 et
1347 3692 1441 3745 statim
1458 3693 1486 3746 bi

209 3787 313 3841 invenit
324 3789 363 3841 ibi
377 3794 561 3842 constructam
574 3803 672 3844 navem
692 3790 764 3843 ultra
785 3804 860 3844 mare
873 3791 1000 3858 navigare
1020 3795 1151 3857 paratam.
1175 3791 1206 3841 111
1226 3790 1348 3857 repperit
1366 3791 1394 3844 in
1407 3805 1441 3845 ea

209 3891 265 3941 tres
277 3889 350 3942 viros
362 3895 436 3942 toste
449 3889 642 3944 candidissima
656 3893 777 3957 vestitos,
787 3890 947 3945 cisaluiavit
961 3903 1008 3944 cos
1018 3892 1055 3943 iia
1069 3889 1159 3942 :Parc
1172 3887 1264 3954 cobis,
1278 3889 1443 3944 carissimi

208 3986 338 4055 fratres.
352 3991 384 4041 Et
393 3989 431 4040 illi
445 3989 642 4056 respondentes
653 3991 782 4043 dixerunt
795 4007 802 4042 :
815 3991 852 4044 Et
865 3994 911 4056 tn,
933 4002 998 4056 ove,
1020 3988 1223 4043 dilectissime
1233 3989 1307 4042 lesu
1322 3987 1444 4045 Christi

207 4092 314 4143 sancte
323 4089 464 4143 1000011.
478 4091 525 4143 En
538 4090 595 4144 tibi
616 4091 739 4159 tuisque
749 4089 907 4158 fratribus
923 4093 1075 4158 paratam
1100 4087 1247 4143 badonas
1267 4102 1288 4143 o
1308 4090 1443 4148 Domino

207 4189 280 4242 Jesu
296 4187 416 4243 Christo
428 4203 548 4259 novem,
568 4190 659 4244 111111
678 4204 731 4245 eos
747 4204 805 4258 quo
827 4192 894 4257 ejus
916 4193 945 4243 te
965 4189 1153 4244 conduxerit
1170 4189 1326 4243 uolutatus.
1349 4191 1444 4247 titillo
1460 4195 1488 4248 li

208 4289 307 4356 gratias
320 4301 403 4356 agens
415 4290 538 4357 1101111110,
551 4291 676 4344 ascendit
688 4292 716 4343 in
730 4305 826 4345 narem
839 4305 900 4343 eum
914 4291 969 4342 suis
982 4290 1123 4355 discipulis
1134 4291 1197 4342 1111·
1206 4296 1234 4343 01
1243 4290 1326 4357 binis,
1342 4304 1443 4361 excep

208 4389 243 4442 tis
252 4388 312 4443 aliis
324 4389 480 4444 hominibus
493 4391 552 4444 istis
565 4391 757 4447 servientibus.
772 4391 814 4444 illi
827 4395 916 4445 autom
930 4395 986 4443 tros
1000 4390 1059 4455 riri,
1073 4402 1143 4458 quos
1164 4395 1275 4444 sanctus
1286 4392 1446 4449 Leouorius
