3316 5482
208 355 276 422 306
553 368 677 419 61616..
696 367 799 417 sonu.
819 365 995 417 unoroen.
1013 364 1093 415 rnr.

248 544 392 609 Tempore
411 539 572 594 Valeriani
587 541 619 594 et
632 539 767 606 Galienr}
789 551 860 594 eum
878 538 1050 607 pluriosnm
1071 548 1185 593 nomen
1205 533 1364 590 christia
1383 547 1451 603 pere·

212 641 319 698 tilibns
336 652 464 694 exosum
476 639 646 693 intentione
656 638 800 692 monimo
812 639 980 693 conaretur
996 632 1124 703 auferri
1133 637 1164 689 et
1181 634 1451 703 essetpersecntio

211 741 299 810 apud
323 740 431 794 uroem
452 740 597 803 Ruinam,
619 738 815 793 beatissimus
841 738 1001 793 Cornelius
1017 735 1242 805 pontificatum
1260 734 1452 803 praedictae

211 839 308 907 urbis,
318 839 448 893 summis
460 839 630 893 virtutibus
636 839 814 907 praeditus,
826 841 900 893 tunc
911 837 1053 906 repebat,·
1065 833 1353 903 conventusqueta]
1360 846 1452 903 prae·

211 939 279 994 side
297 942 328 993 et
344 938 506 992 diuturnis
527 938 687 992 tornuentts
704 937 851 1006 afflictus,
868 938 977 1006 plodio
994 935 1101 1006 finiuit
1117 936 1326 1002 temporalem
1343 934 1451 1000 vitam,

207 1041 412 1108 percepturus
425 1052 445 1092 a
458 1040 519 1092 Deo
529 1038 598 1092 sine
609 1038 672 1107 fine
679 1042 876 1106 perpetuam.
887 1040 944 1094 Sed
952 1052 1024 1094 cum
1036 1037 1092 1093 hoc
1100 1036 1209 1092 odium
1223 1033 1347 1104 fut'sset
1356 1035 1452 1090 etiam

212 1139 248 1193 in
264 1139 385 1206 Libycis
403 1139 547 1193 terminis
564 1138 748 1207 irrepatum,
767 1139 863 1194 multi
882 1139 1139 1206 christianorum,
1158 1137 1319 1192 molentes
1337 1139 1452 1192 tram-

212 1238 329 1292 toriam
341 1237 437 1291 vitam
450 1237 595 1292 amittere
606 1241 637 1292 et
653 1237 747 1292 ittam
761 1252 841 1307 quae
852 1252 872 1293 a
886 1239 945 1293 Deo
951 1239 1113 1307 promissa
1131 1238 1176 1291 est
1187 1236 1341 1306 adipisci,
1354 1236 1452 1291 diaer-

214 1337 258 1390 sis
282 1336 444 1391 tormentis
468 1335 580 1404 afflicti
609 1337 880 1391 consumebantur.
902 1339 1022 1392 Ferunt
1038 1337 1136 1392 etiam
1158 1338 1244 1392 tunc'
1259 1349 1284 1391 a
1300 1336 1454 1406 praeside

212 1436 371 1491 clibanum
382 1436 480 1490 cauis
492 1449 657 1491 accensum
674 1440 705 1491 et
720 1437 755 1490 in
773 1450 830 1492 oro
843 1437 934 1492 iltius
946 1449 1073 1505 prunas
1085 1449 1158 1491 cum
1170 1434 1264 1491 thure
1281 1435 1452 1504 exhibitas,

214 1538 245 1590 et
256 1535 438 1602 praesidem
455 1535 577 1589 dixisse
587 1535 771 1591 christianis
784 1554 793 1591 .·
808 1553 818 1587 s
833 1536 948 1604 Etipite
967 1548 1009 1590 66
1019 1535 1139 1590 066066
1156 1548 1269 1602 unum,
1282 1536 1344 1590 aut
1356 1534 1453 1589 thuro

210 1647 306 1702 super
314 1634 364 1688 tiis
375 1632 560 1689 carbonibus
572 1634 683 1700 offerre
694 1634 763 1688 Joot
771 1637 829 1688 aut
841 1635 875 1688 in
884 1636 1002 1690 calcem
1013 1633 1245 1702 annerpemint.
1258 1652 1275 1683 s
1293 1633 1381 1689 11616
1394 1637 1452 1688 tre·

212 1730 296 1787 oenti
310 1731 383 1799 otri,
397 1731 460 1800 ficte
477 1732 957 1803 6616161166161666610166066,
974 1731 1132 1788 Christum
1151 1732 1208 1786 Dei
1223 1731 1336 1800 fllium
1355 1732 1452 1787 Deum

211 1829 355 1900 fatentes,
369 1829 545 1896 injecerunt
556 1831 591 1883 in
603 1830 705 1898 tpnem
715 1849 724 1899 ;
735 1835 764 1885 et
776 1832 859 1885 inter
870 1844 1003 1900 vapores
1022 1833 1121 1888 calcis
1133 1831 1293 1886 demersos
1308 1830 1453 1888 Christus

212 1930 274 1985 siot
285 1932 443 1996 martyres
454 1930 657 1984 consecravit.

247 2030 279 2081 in
291 2027 347 2081 tine
357 2027 421 2081 600.
433 2028 554 2095 Gregorii
567 2030 736 2083 Turonensis
747 2030 790 2083 De
799 2030 906 2098 ploria
917 2033 1107 2097 martyrum,
1120 2042 1180 2097 cap.
1193 2030 1236 2083 03.

312 2127 374 2204 180
388 2127 520 2206 Passio
538 2129 661 2208 sancti
679 2128 871 2207 Valeriani
891 2129 1073 2231 martyris
1089 2127 1352 2231 [Trenorohii]
1368 2128 1447 2231 (iol.

362 2252 528 2351 3666).
656 2326 659 2331 ,

245 2381 294 2436 sd.
307 2383 372 2436 Act.
385 2382 441 2450 SS„
455 2382 490 2437 60
502 2381 531 2436 0.
546 2384 674 2450 1118661,
687 2387 754 2438 torn.
766 2387 797 2451 v,
811 2398 838 2451 p.
851 2385 939 2438 11-11.
953 2384 1093 2439 Praeflxus
1110 2390 1152 2439 est
1163 2385 1295 2454 prologus
1307 2384 1357 2439 60.
1371 2384 1451 2453 inid..

215 2495 242 2548 p.
255 2482 298 2547 11,
315 2493 381 2534 ann.
397 2493 428 2534 a.

314 2577 377 2656 190
393 2577 477 2657 Vita
493 2579 617 2656 sancti
635 2579 727 2682 Apri
746 2581 921 2684 episcopi
939 2579 1157 2684 [Tullensis]
1173 2580 1252 2683 (iol.
1274 2579 1449 2681 37'39‘).

291 2711 318 2765 .i
341 2710 390 2778 6.,
422 2751 428 2765 .
522 2752 528 2766 .

248 2709 288 2764 m
313 2711 377 2888 1)Οο
401 2712 639 2890 liiiiiiwsaucti
670 2813 866 2892 Bernharii
899 2815 1052 2894 abbatis
1082 2823 1122 2894 61
1151 2814 1337 2918 martyris
1364 2813 1450 2918 (fol.

244 2933 491 3135 81161666ἷῖ66ῒέ
507 2941 551 3123 id
564 3071 642 3138 inid„
656 3073 691 3126 60
703 3073 730 3126 0.
746 3076 777 3127 10
789 3077 858 3140 061,
872 3076 1007 3140 1666111,
1021 3089 1048 3142 p.
1062 3078 1182 3129 1010-18.

313 3165 378 3243 110
396 3166 527 3246 Passio
557 3180 711 3249 sanctae
742 3172 981 3274 Euphemiae
1014 3174 1177 3276 virginis
1208 3182 1248 3252 et
1265 3172 1452 3276 martyris

363 3289 444 3391 (161.
461 3290 657 3395 iiiiii*

313 3412 379 3490 110
409 3414 541 3495 Passio
572 3426 795 3497 sanctorum
830 3430 1046 3523 martyrum
1078 3422 1219 3500 Luciae
1249 3430 1289 3501 61
1320 3421 1452 3500 Gemi-

363 3538 482 3626 niani,
505 3541 599 3619 item
617 3568 679 3620 666
698 3544 884 3624 kalendas
903 3546 1078 3625 octobris
1094 3546 1171 3648 (fol.
1189 3546 1391 3646 iis-5053*

313 3661 377 3739 130
395 3663 527 3743 Passio
545 3669 668 3745 sancti
687 3670 883 3750 Lamberti
903 3673 1079 3775 episcopi
1102 3676 1141 3750 61
1158 3671 1342 3772 martyris
1370 3669 1449 3771 (fol.

363 3786 526 3887 eor-esf).

248 3916 365 3970 Auctore
386 3919 561 3987 0606666166,
575 3923 619 3976 60.
632 3925 699 3980 Act.
712 3927 769 3994 SS„
783 3927 817 3980 60
830 3927 858 3980 0.
873 3930 1001 3995 118661,
1015 3934 1082 3982 tom.
1096 3930 1126 3995 V,
1137 3942 1164 3995 p.
1177 3928 1282 3983 eresi.
1298 3926 1408 3981 Desinit
1424 3928 1453 3980 in

216 4015 309 4068 verbis
315 4017 425 4083 perire
436 4032 499 4074 non
504 4022 665 4089 permittis
676 4026 762 4089 (num.
777 4026 892 4092 13116).

314 4113 379 4190 110
396 4115 481 4196 Vita
498 4122 621 4200 sancti
640 4122 819 4202 Floscelli
838 4126 1021 4226 martyris
1037 4125 1115 4227 (fol.
1137 4123 1309 4224 530-550).

249 4250 286 4302 06
306 4263 361 4317 qua
373 4252 480 4306 erudite
500 4254 631 4310 disseruit
642 4271 668 4311 v.
682 4272 707 4313 v.
721 4260 807 4328 Noget
819 4259 854 4314 06
866 4261 891 4314 16
912 4261 1029 4326 contire,
1042 4256 1189 4316 Memmre
1205 4272 1263 4314 sur
1281 4259 1312 4313 te
1324 4259 1393 4313 lieu
1410 4260 1456 4313 du

215 4350 356 4414 marture
366 4353 397 4404 et
414 4352 456 4406 tes
469 4356 553 4408 actes
565 4356 603 4410 06
622 4357 709 4411 saint
728 4360 837 4414 Ftooeet
854 4363 948 4428 (caen,
960 4362 1052 4429 1801);
1066 4361 1156 4414 adhuc
1167 4358 1280 4414 inedita.
1295 4360 1456 4425 1066116666·

215 4449 289 4500 16666
301 4452 474 4516 repperimus
486 4453 514 4506 in
526 4455 667 4510 codicibus
679 4459 793 4525 signatis
806 4472 883 4513 num.
898 4462 1149 4528 larentiniana
1162 4461 1245 4514 17000
1255 4458 1314 4526 (tol.
1328 4460 1393 4525 10),
1407 4459 1456 4527 qui

216 4551 335 4614 uterque
355 4557 483 4607 exaratus
501 4560 542 4607 est
562 4568 634 4610 saec.
647 4559 704 4612 xil.
717 4559 803 4612 vitain
816 4573 851 4612 ex
866 4560 918 4614 166
931 4561 1032 4629 triplici
1052 4562 1147 4616 660166
1159 4558 1327 4615 exhibemus
1344 4560 1419 4614 intra
1431 4559 1460 4612 in

216 4646 342 4714 Appeud.
