3316 5482
439 364 534 415 aran.
553 364 638 418 rear.
657 366 772 418 runis.
792 386 838 399 -
852 367 1060 418 araneoso
1077 368 1157 419 ooo.
1176 366 1252 419 sare.
1405 355 1468 421 421

236 537 339 591 furtum
350 536 482 601 fecerant,
492 535 528 588 in
536 535 625 590 domo
638 549 699 589 sam
708 536 879 590 siccantem
891 536 1021 591 bracem
1033 538 1077 590 ad
1087 536 1200 604 focum.
1211 541 1268 603 Quo
1278 539 1380 605 audito,
1392 553 1469 606 prae·

235 636 340 703 positus
352 635 433 689 villae
448 635 595 688 confestim
616 635 702 704 pergit
721 635 755 688 ad
776 635 888 689 domum
910 636 1001 702 illius3
1023 641 1051 689 et
1072 637 1215 690 inveniens
1234 651 1298 691 eum
1320 639 1468 695 siccantem

235 735 396 789 vestimenta
408 733 443 787 ad
455 733 557 801 focum,
570 734 751 800 apprehendit
762 747 826 789 eum
838 741 940 789 etcum
952 748 1050 802 magna
1068 737 1108 788 ira
1121 740 1204 803 atque
1216 738 1338 803 potentia
1347 738 1426 804 jubet
1440 743 1470 792 ut

235 833 441 900 reddatablata,
453 833 575 900 alioquin
585 847 697 902 magnas
710 847 813 901 poenas
824 847 969 901 passurum
981 843 1008 889 et
1019 836 1054 889 ad
1065 835 1192 890 ultimum
1205 842 1333 903 mortem,
1348 839 1401 891 nisi
1415 839 1470 891 cito

202 934 217 988 5
233 932 325 1001 palam
338 933 491 986 manifestet
502 934 604 986 omnia.
618 932 687 996 Quid
699 933 798 999 plura?
810 934 879 1003 velit
892 934 960 988 nolit
972 934 1017 988 ille
1027 935 1138 1001 juvenis
1151 940 1249 989 cuneta
1258 950 1328 1003 quae
1341 943 1466 1005 gesserat

235 1035 341 1099 narrat,
353 1030 419 1084 dicit
428 1044 497 1099 quos
506 1032 596 1086 socios
604 1031 747 1100 habuerat,
758 1032 861 1086 indicat
873 1030 920 1086 ubi
931 1038 989 1086 erat
997 1034 1131 1088 absconsa
1141 1035 1268 1100 pecunia.
1282 1038 1340 1101 Quo
1349 1036 1468 1103 cognito,

235 1133 358 1200 pergitur
369 1132 445 1198 illuc,
458 1137 485 1185 et
497 1132 607 1185 inventa
619 1137 650 1186 ut
663 1132 710 1186 ille
722 1133 905 1200 intimaverat,
924 1133 1048 1187 redditur
1065 1147 1100 1187 ex
1120 1134 1226 1200 integro
1239 1134 1358 1200 mulieri,
1370 1136 1470 1202 gratias

235 1232 329 1300 agenti
341 1235 396 1286 beo
408 1239 435 1285 et
446 1231 661 1286 clementissimo
673 1233 824 1287 confessori
842 1234 980 1299 diobolae,
999 1234 1047 1300 qui
1065 1234 1090 1288 ei
1107 1234 1253 1300 pecuniam
1265 1247 1342 1288 suam
1355 1247 1390 1288 ex
1401 1234 1469 1291 inte·

234 1344 284 1399 gro
297 1330 472 1384 reddidisset.

191 1433 221 1486 to
272 1429 452 1484 25.lnterim
464 1430 529 1483 dum
543 1430 609 1483 haec
629 1429 803 1497 audirentur,
825 1431 938 1500 contigit
958 1437 988 1485 ut
1008 1432 1063 1499 ille,
1085 1433 1132 1500 qui
1153 1434 1221 1487 haee
1238 1433 1384 1500 scribebat,
1398 1434 1426 1486 in
1439 1447 1469 1486 so

236 1532 297 1598 ipso
309 1522 479 1598 apertissime
492 1531 664 1597 experiretur
677 1531 803 1584 virtutem
814 1537 841 1585 et
850 1531 1015 1599 adjutorium
1028 1532 1096 1585 tanti
1114 1533 1231 1599 patroni,
1245 1534 1324 1599 cujus
1335 1533 1468 1586 miracula

236 1629 347 1686 ardenti
358 1629 496 1685 desiderio
516 1630 698 1684 describebat.
721 1631 810 1683 Pietas
831 1631 933 1697 quippe
952 1632 1050 1697 sancti,
1071 1636 1101 1683 ut
1122 1631 1203 1684 datur
1224 1632 1364 1700 intellegi,
1383 1633 1469 1686 voluit

236 1729 385 1785 ostendere
399 1731 427 1783 in
440 1729 538 1784 eodem
556 1743 618 1784 vera
640 1744 709 1796 esse,
723 1744 794 1798 quae
805 1731 942 1784 scribebat
958 1730 1125 1784 dubitanter.
1139 1731 1243 1797 Duplici
1256 1745 1376 1799 namque
1387 1732 1468 1787 modo

236 1830 435 1899 angustabatur
447 1842 525 1883 mens
537 1829 606 1896 ejus.
627 1832 665 1882 Ex
686 1842 742 1882 una
762 1829 836 1882 enim
855 1829 898 1882 sui
911 1834 986 1896 parte
999 1830 1141 1883 aestuabat
1153 1831 1256 1896 animo,
1270 1830 1386 1883 nimium
1399 1831 1468 1884 desi·

187 1931 221 1985 lb
237 1929 340 1984 derans
361 1929 532 1997 nimiumque
551 1929 666 1996 cupiens
689 1929 770 1995 hujus
792 1934 846 1982 tam
867 1927 979 1998 gloriosi
1000 1934 1111 1996 tamque
1131 1930 1280 1984 beatissimi
1302 1931 1468 1985 confessoris

237 2029 397 2084 describere
409 2029 551 2095 miracula,
564 2042 599 2082 ex
610 2030 695 2083 altera
708 2027 787 2083 valde
799 2029 1018 2096 pertimescebat,
1032 2043 1068 2083 ne
1080 2029 1183 2096 aliquid
1197 2031 1287 2083 minus
1299 2044 1393 2083 verum
1404 2031 1467 2084 sori·

238 2130 318 2184 beret
329 2128 365 2183 de
377 2129 501 2196 hisquae
512 2129 647 2183 audiebat.
661 2127 735 2182 solet
753 2129 855 2196 quippe
877 2129 1037 2195 saepissime
1048 2127 1160 2184 evenire
1180 2134 1210 2182 ut
1231 2128 1259 2181 in
1282 2130 1467 2184 narrationea

237 2228 364 2297 pluribus
375 2229 515 2296 propalata
527 2229 583 2281 sint
594 2228 736 2282 mendacia
748 2228 900 2295 permixta3
914 2242 978 2281 nam
987 2229 1031 2282 vix
1042 2242 1097 2282 una
1107 2241 1174 2282 resa
1186 2229 1310 2296 pluribus
1319 2242 1375 2283 uno
1386 2230 1468 2283 modo

236 2327 365 2381 refertur.
378 2330 491 2394 Propter
503 2326 576 2394 quod
589 2327 668 2382 valde
690 2328 900 2393 pertimescebat
917 2341 953 2380 ne
975 2329 1130 2382 incurreret
1151 2327 1225 2380 illius
1237 2328 1306 2381 iram
1319 2329 1397 2394 eujus
1409 2341 1468 2396 gra·

187 2428 221 2482 tt)
237 2427 304 2483 dam
317 2439 366 2492 pro
377 2427 429 2481 boe
442 2439 524 2493 opere
536 2426 682 2495 adquirere
700 2427 837 2493 cupiebat,
859 2430 886 2479 et
905 2425 967 2480 ideo
987 2427 1061 2480 intra
1081 2441 1110 2480 se
1133 2427 1231 2480 melius
1249 2426 1381 2493 judicavit
1399 2428 1466 2494 fore,

237 2524 324 2579 multa
337 2537 369 2578 ex
381 2525 436 2591 bis,
449 2537 520 2592 qnae
539 2524 574 2578 ad
596 2525 720 2615 notitiam
733 2524 806 2577 illius
827 2524 983 2591 veniebant,
1002 2526 1161 2591 praeterire,
1185 2537 1269 2592 quam
1291 2523 1394 2591 aliquid
1412 2537 1469 2578 non

236 2637 334 2678 verum
345 2624 474 2677 scribere.
489 2624 572 2690 lgitur
584 2623 649 2676 dum
663 2625 692 2676 in
704 2623 757 2677 boc
769 2635 852 2690 opere
865 2629 937 2676 esset
949 2624 1070 2676 intentus
1083 2628 1138 2677 toto
1149 2624 1253 2690 animo,
1266 2623 1380 2691 contigit
1392 2627 1422 2676 ut
1435 2623 1465 2676 io

236 2721 331 2791 vigilia
341 2723 543 2790 assumptionis
563 2730 674 2778 sanetae
696 2729 723 2777 et
744 2727 892 2790 perpetuae
910 2723 1145 2792 virginisliariae,
1159 2729 1220 2790 post
1231 2723 1388 2790 prandium,
1401 2722 1468 2776 dum

235 2827 446 2889 praepararetur
458 2821 574 2876 ecclesia
585 2823 625 2876 uti
639 2827 730 2876 motae
743 2823 919 2876 sollemnitati
932 2823 1066 2889 congruit,
1089 2821 1201 2888 quidam
1219 2835 1289 2888 puer
1310 2820 1465 2888 supradicto

187 2923 218 2977 25
235 2921 314 2975 fiatri
326 2921 541 2989 deferretquam
559 2923 707 2976 maximum
728 2922 888 2975 fasciculum
912 2922 1023 2987 herbae,
1047 2933 1117 2988 quae
1139 2918 1242 2974 dicitur
1264 2921 1417 2989 origanum,
1437 2926 1468 2973 ut

234 3018 301 3073 inde
313 3024 432 3073 strueret
443 3021 596 3075 eeclesiam.
619 3024 675 3086 Qua
697 3026 816 3087 accepta,
839 3027 942 3087 partem
965 3021 1038 3074 misit
1056 3025 1119 3074 ante
1132 3021 1218 3074 altare
1229 3021 1315 3072 sancti
1330 3019 1465 3078 Nieholah

234 3122 342 3185 partem
354 3120 472 3172 instituit
484 3103 628 3173 reservare>
643 3120 677 3172 ad
687 3120 895 3173 sollemnitatem
917 3120 1041 3187 ejusdem
1063 3121 1160 3187 sancti,
1182 3132 1253 3186 quae
1273 3119 1352 3172 estin
1365 3120 1466 3185 hieme,

233 3218 347 3286 quando
359 3219 460 3273 herbae
472 3233 528 3273 non
541 3224 657 3286 possunt
674 3220 798 3285 reperiri.
820 3222 852 3272 lit
864 3220 986 3286 inspecto
999 3221 1059 3273 loco
1076 3232 1159 3286 super
1171 3219 1271 3273 ostium
1284 3218 1466 3286 gazophylacii

233 3319 283 3386 qui
295 3323 353 3372 erat
362 3326 441 3385 aptus
453 3318 486 3371 ad
499 3317 603 3385 aliquid
616 3318 816 3384 reponendum,
828 3318 930 3385 aptavit
942 3319 1042 3372 scalam
1055 3331 1138 3385 super
1151 3319 1251 3372 lectum
1265 3318 1404 3372 secretarii
1415 3318 1462 3386 qui

187 3421 217 3473 to
234 3422 298 3472 ante
311 3418 412 3472 ostium
432 3417 555 3485 ejusdem
575 3418 758 3486 gazophylacii
780 3424 848 3484 erat,
871 3427 902 3472 ut
921 3424 1109 3485 competenter
1126 3418 1276 3472 ascendere
1296 3403 1466 3485 possetque

234 3519 317 3583 facto,
331 3518 453 3572 ascendit
465 3532 552 3586 usque
564 3518 600 3572 ad
611 3533 749 3572 summum
762 3520 853 3573 scalae
864 3519 988 3587 gradum,
1002 3522 1100 3573 terrem
1111 3519 1141 3570 in
1153 3517 1251 3574 dextro
1262 3519 1374 3572 brachio
1387 3518 1465 3572 fasci·

233 3618 328 3672 culum
339 3618 450 3672 herbae.
463 3621 495 3671 Et
506 3631 569 3672 oum
582 3632 612 3671 se
624 3624 719 3672 tenere
731 3619 813 3672 vellet
833 3618 866 3672 ad
880 3619 1027 3672 maceriam
1047 3619 1157 3673 sinistro
1179 3618 1300 3682 brachio,
1319 3619 1466 3684 resupinus

233 3718 290 3771 ruit
301 3730 384 3784 super
396 3717 498 3771 lectum
509 3723 536 3770 et
554 3716 589 3770 de
612 3718 681 3771 lecto
703 3730 785 3784 super
802 3717 964 3783 scabellum,
981 3716 1055 3784 quod
1080 3720 1139 3770 erat
1158 3721 1222 3770 ante
1242 3716 1331 3782 ipsum
1352 3716 1464 3783 lectum,

235 3817 356 3883 itemque
369 3816 403 3868 de
415 3816 536 3870 scabello
556 3816 591 3869 ad
613 3821 724 3883 terram,
750 3817 835 3870 versis
856 3817 974 3884 pedibus
992 3830 1054 3870 cum
1074 3821 1130 3871 toto
1143 3829 1267 3882 corpore.
1280 3818 1311 3869 Et
1320 3817 1414 3882 jacens
1426 3816 1465 3869 sie

187 3919 218 3972 itt
235 3915 378 3982 paululum
391 3916 515 3981 interra,
528 3916 629 3969 dehinc
649 3917 768 3970 surrexit
788 3917 904 3970 nimium
924 3917 1127 3983 expavefactus,
1147 3916 1215 3968 nibil
1237 3921 1328 3969 tamen
1350 3916 1463 3970 omnino

235 4016 358 4070 sentiens
370 4016 485 4082 alicujus
495 4015 600 4070 doloris
612 4017 641 4069 in
654 4030 778 4083 corpore,
800 4017 852 4070 nisi
871 4016 1042 4071 solummodo
1057 4017 1087 4069 in
1105 4016 1229 4082 occipitio
1247 4029 1404 4082 parumper,
1417 4016 1464 4082 qui

235 4117 333 4183 etipse
346 4115 470 4170 detersus
482 4121 523 4170 est
535 4118 570 4170 ab
592 4129 625 4170 eo
637 4118 762 4184 omnino,
776 4122 923 4184 antequam
941 4130 1071 4183 vesperae
1088 4117 1286 4182 inciperentur.
1300 4117 1369 4168 Eece
1380 4128 1466 4182 quan·

235 4221 292 4270 tum
304 4216 470 4282 adjutorium
484 4221 512 4269 et
522 4229 605 4283 quam
617 4217 707 4270 celere
721 4218 884 4282 remedium,
898 4216 945 4271 ubi
958 4216 1016 4270 sola
1032 4217 1106 4269 bona
1117 4215 1242 4269 voluntas
1254 4221 1398 4281 perspecta
1411 4220 1463 4268 est.

234 4319 300 4370 liam
313 4317 375 4384 quis
387 4318 415 4369 in
428 4317 475 4369 tali
487 4330 551 4370 casu
563 4317 688 4371 crederet
700 4317 739 4369 illi
752 4316 862 4372 affuisse
874 4318 949 4371 aliud
967 4317 1020 4370 nisi
1039 4321 1087 4369 aut
1102 4316 1183 4369 totius
1196 4315 1318 4382 corporis
1332 4314 1459 4367 debilita-

187 4420 215 4473 to
234 4416 337 4470 tionem
348 4423 397 4470 aut
408 4416 498 4483 potius
517 4420 655 4471 mortem?
674 4419 727 4471 Sed
747 4419 810 4484 pius
831 4431 863 4471 ao
883 4417 1097 4485 benignissimus
1117 4416 1278 4482 subventor,
1292 4427 1408 4467 cernens
1421 4415 1463 4467 sui

233 4516 334 4569 servuli
344 4517 421 4583 pium
433 4515 692 4584 studium,quamvis
705 4519 733 4569 in
747 4530 776 4570 re
788 4517 844 4583 vili,
860 4516 981 4570 ostendit
992 4529 1074 4583 quam
1088 4523 1198 4582 paratus
1211 4515 1319 4568 assistat
1331 4514 1359 4565 in
1373 4515 1456 4580 majo·

232 4615 308 4669 ribus
322 4616 364 4668 his
376 4616 425 4682 qui
437 4615 461 4668 ei
475 4620 529 4669 tota
541 4621 632 4669 mente
653 4616 854 4684 obsequuntur.
874 4619 931 4669 tloc
951 4617 1050 4669 factum
1072 4622 1113 4668 est
1133 4628 1206 4668 anno
1220 4615 1254 4667 ab
1267 4613 1457 4669 incarnatione

232 4716 340 4770 bomini
352 4714 499 4771 millesimo
512 4717 660 4772 centesimo
673 4716 801 4772 vicesimo
813 4716 920 4784 quinto,
933 4729 1030 4770 mense
1041 4719 1157 4782 augusto
1170 4714 1317 4768 mediante.
