3316 5482
319 347 415 401 aran.
433 345 518 399 aar.
537 343 654 397 etms.
673 361 719 377 -
735 342 890 395 areuna.
917 342 965 392 aa
982 341 1060 394 cca.
1079 339 1154 393 5317.
1286 327 1351 396 149

130 520 294 578 nimiscnm
314 519 432 588 impetn
452 518 551 572 multo
570 513 712 570 veniebat
731 514 775 568 ad
793 526 869 581 scos,
889 515 919 567 et
940 526 1011 569 cnm
1033 513 1166 568 venisset
1181 514 1349 569 admetam

126 636 209 691 pesam
219 622 258 676 de
268 619 390 675 harena
398 618 531 687 feceras,
544 615 661 671 restitit
672 616 701 670 et
713 614 855 669 transire
866 628 928 667 non
935 616 1074 683 poterat.
1093 614 1228 668 Currens
1240 617 1347 669 antem

126 722 156 775 in
165 720 300 776 circuitu
306 714 564 786 aprtpmereoat
575 715 605 768 si
616 714 698 783 forte
709 713 834 767 aditnm
844 712 998 767 inveniret
1006 724 1066 781 quo
1076 713 1212 766 intraret
1220 713 1349 781 adpert-

123 820 262 875 meldum
282 830 348 871 nos.
369 817 426 872 Sed
446 829 518 871 cum
533 814 651 868 videret
674 811 828 868 harenam
846 811 1034 867 incircuitu
1056 815 1163 867 nostro
1169 825 1230 880 per
1250 815 1349 867 totam

10 888 13 911 ι
93 924 208 990 ipsam
219 918 287 989 ipse
304 928 480 987 sparseras,
499 913 711 969 revertebatur
730 914 773 967 ad
793 913 912 979 (iumen
928 916 959 967 et
977 917 1137 980 tamquam
1150 912 1264 968 ibidem
1276 914 1344 969 snb-

120 1033 238 1075 mersus
256 1015 465 1073 evanescebat.
487 1016 524 1069 tn
548 1013 631 1069 bisne
654 1013 781 1067 modum
799 1015 846 1067 ter
866 1012 966 1079 bodie,
979 1024 1042 1067 non
1055 1014 1159 1066 latitem
1172 1013 1280 1067 eadem
1295 1014 1350 1069 sed

119 1119 185 1174 alia
196 1116 305 1173 etalic
316 1115 426 1184 speeie,
439 1113 546 1168 illusit
556 1111 654 1167 nobis.
673 1111 755 1166 Unde
766 1110 864 1166 nimio
876 1110 987 1165 timore
1001 1110 1179 1178 perterriti,
1195 1112 1349 1168 latuimus

117 1231 213 1287 nsqste
223 1216 354 1271 modoet
375 1214 547 1269 terminum
560 1226 652 1281 attan
668 1212 877 1268 constitueras
891 1212 1109 1280 praeterpredi
1125 1224 1187 1266 non
1205 1213 1278 1267 ausi
1287 1213 1348 1282 fni·

116 1331 203 1385 mus,
214 1316 269 1372 sed
280 1317 310 1371 et
327 1313 461 1371 laborem
472 1316 614 1371 nostrum
625 1313 775 1367 diurnum
781 1312 936 1382 perficere
946 1324 1008 1367 non
1015 1312 1186 1380 potuimus.

69 1423 99 1476 ib
149 1418 204 1475 82.
226 1418 273 1470 ilis
292 1416 401 1481 auditis,
422 1415 463 1469 vir
475 1415 521 1467 bei
536 1413 669 1479 Eusicius,
689 1426 833 1466 assumens
846 1426 938 1467 secum
952 1412 1063 1467 eosdem
1076 1413 1217 1479 operarios
1241 1426 1303 1467 mox
1315 1414 1350 1467 ad

114 1519 228 1573 domurn
247 1516 402 1579 revertitur,
423 1515 518 1581 eisque
539 1512 692 1566 mercedem
709 1526 786 1565 suam
807 1511 935 1574 reddidit,
950 1510 1102 1565 secundum
1121 1511 1195 1579 quod
1217 1513 1348 1579 scriptum

115 1618 258 1673 estsbbn
276 1613 453 1671 morabitur
470 1626 547 1680 opus
568 1611 758 1669 mercenarii
778 1611 826 1665 ini
846 1612 932 1679 apud
953 1613 1203 1679 iensquemnne.
1217 1611 1348 1681 Sequenti

112 1730 180 1773 sero
191 1717 245 1780 die,
258 1715 347 1782 primo
357 1727 448 1779 manc,
458 1726 612 1767 convocans
622 1712 761 1779 operarios
774 1712 846 1778 illos,
856 1710 891 1765 ad
903 1712 1135 1779 praedestinatum
1148 1725 1217 1779 opus
1229 1712 1346 1780 reduxit,

113 1818 286 1885 praecipiens
297 1815 337 1869 eis
358 1818 388 1867 ut
408 1815 437 1866 in
458 1813 569 1867 nomine
590 1810 699 1866 bomini
718 1825 788 1879 opus
807 1825 887 1864 suum
900 1812 960 1865 sinc
976 1818 1081 1865 terrore
1097 1811 1271 1879 perimerent.
1285 1804 1351 1880 lpse'

61 1922 95 1974 ts
113 1932 179 1973 vero
190 1930 302 1971 samem
315 1916 444 1982 myricam
458 1915 618 1981 praecisam,
630 1913 771 1967 mundavit
789 1918 891 1967 terram
903 1912 952 1966 ubi
964 1917 1101 1980 sparserat
1114 1914 1255 1977 harenam,
1268 1915 1346 1982 quasi

116 2117 191 2171 arius
202 2116 307 2170 aditum
320 2115 492 2169 observabat.
506 2116 537 2167 tit
549 2126 614 2167 ecce
625 2114 698 2167 circa
714 2115 808 2167 horam
821 2111 875 2166 diei
888 2113 1002 2180 primam
1019 2119 1172 2167 monstrum
1186 2113 1264 2181 illud,
1279 2120 1345 2168 um-

115 2230 198 2284 quam
210 2217 251 2269 vir
263 2220 394 2275 armatus,
408 2213 508 2267 sedens
516 2227 600 2280 super
611 2226 715 2279 equum
728 2211 848 2280 nigrum,
868 2226 951 2267 cursu
963 2214 1058 2279 rapido
1071 2228 1158 2280 usque
1171 2215 1205 2269 ad
1218 2216 1347 2269 determi-

116 2318 257 2372 nationem
278 2317 409 2381 barenae,
431 2326 514 2382 quam
531 2312 574 2367 sir
597 2317 709 2366 sanctus
733 2313 818 2367 altera
842 2312 1009 2381 disiecerat,
1027 2316 1201 2381 properabat.
1214 2319 1346 2381 Quocum

61 2422 97 2475 2⁰
117 2418 297 2485 peruenisset,
317 2417 404 2470 stabat
424 2415 495 2468 sieut
514 2415 617 2468 iecerat
638 2427 688 2467 nec
710 2413 861 2482 introgredi
878 2414 994 2468 valebat.
1016 2417 1134 2468 currens
1147 2429 1211 2471 vero
1225 2418 1299 2470 venit
1312 2417 1347 2471 ad

116 2519 259 2573 introitum
271 2517 349 2570 iilum
361 2528 444 2583 quem
457 2520 568 2569 sanctus
579 2515 703 2569 Eusicius
715 2515 888 2580 observabat,
902 2514 1105 2582 deflectensque
1114 2529 1217 2583 equum
1229 2518 1272 2571 cui
1283 2518 1349 2571 iusi·

113 2617 206 2684 debat,
219 2617 351 2670 velociter
362 2629 391 2670 se
403 2615 476 2669 intro
487 2616 569 2668 misit.
582 2615 733 2668 Confestim
746 2627 862 2682 surgens
879 2619 991 2668 sanctus
1004 2615 1127 2668 Eusicius
1140 2616 1241 2669 iterum
1252 2629 1343 2685 asper-

115 2718 150 2770 sit
162 2717 294 2771 bareaam
307 2721 502 2782 superterram
519 2715 665 2769 andecam
680 2715 787 2781 tulerat,
801 2728 836 2768 ne
849 2715 959 2769 rediens
974 2712 1103 2767 inimicus
1115 2714 1205 2769 torum
1219 2717 1346 2770 immuni·

115 2824 173 2871 tum
186 2818 322 2870 inveniret
340 2820 366 2869 et
389 2816 486 2869 exiret.
505 2815 607 2868 videns
628 2821 719 2869 autem
739 2816 782 2868 rir
802 2816 848 2869 bei
869 2814 1009 2881 operarios
1023 2827 1088 2867 suos
1100 2815 1259 2881 perterritos
1271 2816 1305 2870 ad
1319 2830 1348 2871 se

57 2917 96 2972 25
114 2915 274 2983 confugere,
291 2927 407 2982 pergens
430 2913 469 2967 cis
489 2915 597 2968 obviam
611 2931 619 2967 ι
632 2914 744 2981 Nolite,
767 2914 864 2980 inquit,
890 2912 1009 2967 timere.
1023 2916 1055 2965 Et
1066 2914 1134 2966 baec
1153 2913 1256 2981 dicens,
1272 2915 1347 2969 inse·

114 3013 251 3081 spuebatur
263 3016 421 3069 currentem
434 3013 505 3065 intra
518 3012 662 3065 circuitum
676 3013 825 3080 malignum
840 3017 865 3064 et
879 3013 951 3065 saras
964 3013 1038 3065 exire
1051 3026 1106 3065 non
1119 3012 1265 3066 valentem.
1279 3016 1345 3068 Cum

113 3126 180 3183 ergo
192 3115 234 3166 vir
245 3118 356 3166 sanctus
377 3112 425 3165 diu
444 3111 520 3165 illum
542 3113 715 3179 insequendo
737 3117 764 3165 et
781 3112 1117 3190 non-comprehendendo
1130 3089 1254 3180 fatigatus
1267 3115 1346 3168 nobis

112 3213 265 3280 rideretur,
285 3213 366 3279 jussit
386 3213 415 3265 in
437 3213 548 3266 nomino
570 3212 677 3267 bomini
695 3225 759 3266 eum
778 3219 869 3266 staro:
886 3218 912 3267 et
924 3214 1025 3281 statim,
1041 3215 1119 3282 quasi
1132 3216 1229 3269 terreis
1242 3215 1347 3269 catenis

117 3318 192 3369 esset
204 3313 341 3377 astrictus,
363 3313 462 3365 mansit
482 3312 639 3366 immobilis.
658 3316 717 3366 box
738 3316 829 3366 autom
843 3320 953 3367 sanctus
971 3315 1104 3381 Eusicius,
1124 3321 1233 3382 arrepto
1247 3314 1346 3369 bacuio

56 3416 94 3468 30
114 3424 173 3479 quo
185 3411 335 3467 imbecilles
346 3412 517 3466 sustentabat
528 3417 614 3477 artus,
625 3414 796 3478 percutiebat
809 3413 913 3467 crebris
925 3414 1023 3467 ictibus
1036 3414 1188 3481 inimicum,
1199 3416 1347 3483 increpans

114 3528 182 3567 eum
194 3518 220 3567 et
232 3514 347 3567 dicens:
367 3513 446 3575 Quid
464 3514 625 3581 operarias
645 3516 769 3569 nostros
791 3515 958 3569 terruisti?
981 3517 1041 3571 Cur
1054 3515 1187 3583 perdere
1204 3517 1346 3585 pretinm

113 3614 259 3665 nostrum
271 3611 364 3665 irrita
379 3611 483 3667 labore
494 3611 599 3680 fecisti
609 3614 621 3668 t
633 3613 786 3667 Descende
796 3626 868 3681 erpo
877 3617 1075 3680 restaurans,
1081 3616 1273 3682 perditionis
1293 3630 1347 3671 aa·

114 3713 194 3776 ctor,
204 3724 281 3779 opus
289 3714 441 3780 nostram,
452 3712 532 3780 quod
540 3714 604 3768 tam
615 3711 684 3766 beri
691 3726 784 3780 qnam
794 3712 884 3766 bodie
891 3714 933 3768 ad
941 3713 1077 3768 nibilum
1085 3715 1256 3770 dednxisti.
1265 3717 1347 3771 Nobis

114 3823 183 3879 ergo
198 3811 377 3865 trementibus
391 3816 472 3879 atque
484 3812 656 3879 stupentibus
678 3812 821 3866 videbatur
842 3813 916 3879 quod
937 3816 1014 3880 ‹puasi
1036 3815 1090 3868 duo
1109 3816 1234 3870 bomines
1246 3830 1309 3872 saxa
1321 3823 1346 3871 et

56 3913 96 3967 33
117 3909 223 3977 lapides
235 3924 284 3977 per
296 3923 422 3977 campum
432 3913 555 3978 jacentes
568 3925 674 3965 summa
687 3925 750 3965 cum
762 3913 903 3966 velocitate
915 3913 1083 3982 colligerent.
1102 3919 1155 3969 Nos
1167 3930 1232 3971 toro
1244 3921 1347 3971 stantes

115 4024 181 4064 oum
201 4016 313 4077 stupore
330 4011 539 4077 aspiciebamus,
565 4012 633 4064 nihil
656 4013 820 4066 laborantes,
844 4017 906 4067 Post
926 4012 996 4068 baec
1016 4014 1057 4069 vir
1082 4022 1191 4069 sanctus
1214 4017 1346 4088 Eusicius,

115 4109 213 4161 ridens
230 4108 363 4176 quosdam
388 4109 572 4177 praegrandes
596 4110 699 4175 lapides
723 4110 758 4163 de
779 4115 851 4164 terra
870 4112 1010 4178 paululum
1024 4126 1133 4167 sursum
1147 4116 1345 4185 prominentes,

115 4207 186 4260 dixit
207 4208 267 4261 eis:
295 4208 404 4262 Tollite
424 4207 497 4263 binc
519 4207 640 4275 lapides
660 4209 735 4263 istos
755 4224 853 4277 enque
873 4212 915 4264 (td
936 4213 1084 4266 cellulum
1096 4216 1240 4267 nostram
1253 4218 1345 4270 tra-ns

115 4309 395 4378 demandandum
417 4310 454 4362 illi
474 4317 647 4364 assumentes
667 4311 771 4376 lapidos
792 4313 863 4376 illos,
884 4327 954 4380 quos
974 4314 1019 4366 six
1032 4319 1160 4382 quattuor
1173 4316 1266 4384 boves,
1280 4320 1302 4369 si
1317 4319 1345 4369 in

53 4415 94 4467 4ο
116 4422 195 4463 carro
209 4410 289 4462 levati
310 4409 437 4469 tuissent,
452 4409 486 4462 de
511 4409 571 4462 loco
594 4410 639 4462 ilio
653 4424 761 4463 morem
775 4418 895 4477 possent,
909 4426 970 4465 cum
984 4415 1059 4465 cmm
1072 4415 1213 4467 velocitate
1226 4422 1252 4467 ct
1265 4416 1348 4469 sarili-

115 4514 196 4563 tatca
219 4508 361 4562 radicibus
382 4509 489 4562 evulsos
511 4510 687 4576 humorisque
708 4512 765 4562 suis
788 4512 929 4576 impositos
957 4527 1043 4579 usque
1064 4513 1099 4566 ad
1111 4515 1282 4582 designatum
1296 4517 1347 4569 sibi

115 4608 204 4664 locum
219 4609 280 4661 sinc
293 4606 427 4661 dilatione
447 4607 661 4674 transtulerant3
677 4609 796 4674 itemquo
814 4616 992 4674 revertentes
1006 4613 1135 4680 quicquid
1148 4612 1183 4667 de
1196 4615 1348 4669 minoribus
