3316 5482
351 300 415 366 146
691 313 816 365 oxrxx.
837 313 938 364 cono.
958 313 1132 365 nxoxooa.
1159 315 1239 366 ear.

348 485 510 552 dimittebat,
523 490 553 538 ut
564 485 611 552 qui
633 485 702 539 torte
723 484 814 552 vellet,
828 498 875 538 eos
888 499 939 552 per
950 498 1036 552 aquas
1053 486 1195 539 venientes
1213 486 1359 554 exciperet,
1373 489 1483 555 lieoque
1495 488 1587 542 bono·

347 598 408 637 rum
421 583 542 638 omnium
556 583 676 651 largitori
692 583 792 651 gratias
805 587 906 652 ageret.
917 585 1015 636 ilerum
1030 584 1108 637 multi
1121 584 1206 638 misso
1219 584 1271 638 sibi
1284 598 1401 639 munere
1411 585 1586 654 gaudebant,

347 683 396 737 sed
408 683 482 737 unde
494 682 535 736 rel
545 695 560 736 a
572 696 626 749 quo
640 683 796 735 mitteretur
807 683 920 738 omnino
933 683 1102 737 nesciebant.

379 782 434 834 at.
448 781 569 847 Quodam
581 780 702 848 denique
714 782 769 848 die,
780 781 896 834 dumrir
906 783 951 835 bei
962 796 1011 849 pcr
1020 782 1187 837 horticulum
1199 797 1279 838 suum
1292 784 1490 853 deambularet,
1507 799 1582 841 com·

345 882 415 948 perit
426 882 568 935 bestiolam
586 881 708 948 aliquam
729 881 824 935 holera
845 893 894 934 sua
914 880 1064 948 deperisse.
1079 883 1202 936 Trahens
1215 884 1307 950 itaque
1324 885 1473 951 sarculum,
1486 886 1581 952 coepit
1599 887 1618 939 ii

344 994 455 1036 verrere
467 995 518 1048 per
528 995 634 1050 gyrum,
643 980 814 1048 praecipiens
824 981 852 1033 in
865 982 977 1035 nominc
989 982 1094 1035 bomini
1111 996 1146 1035 ne
1160 987 1280 1036 transeat
1296 984 1411 1037 bestiola
1423 984 1527 1038 lactum
1537 998 1582 1039 re·

345 1079 464 1149 stigium.
477 1085 543 1135 Cum
556 1081 637 1148 igitur
646 1085 726 1135 nocte
736 1081 861 1147 sequenti
872 1081 1052 1135 descenderet
1059 1081 1093 1134 ad
1105 1082 1243 1136 hortulum
1255 1088 1285 1136 ut
1298 1084 1458 1151 depasceret
1471 1084 1579 1151 holera,

345 1185 513 1247 poneretque
524 1179 623 1247 pedem
634 1180 705 1233 ultra
725 1184 826 1234 metam
839 1193 921 1247 quam
934 1185 1045 1234 sanctus
1065 1182 1268 1251 praestituerat,
1281 1187 1370 1236 terrae
1384 1184 1499 1251 pedibus
1514 1185 1580 1238 hae·

344 1278 388 1345 sit,
401 1279 479 1346 quasi
492 1279 520 1331 in
534 1279 685 1344 muscipula
698 1261 921 1344 comprehensus.
935 1279 982 1332 liic
1003 1283 1113 1345 postera
1133 1279 1245 1333 rediens
1266 1281 1308 1334 rir
1322 1281 1369 1335 ilci
1388 1280 1422 1335 ad
1436 1282 1579 1335 hortulum

345 1383 406 1446 post
424 1378 578 1443 meridiem,
593 1378 696 1431 invenit
716 1377 837 1444 leporem
856 1368 966 1444 ca'ptum
978 1379 1026 1445 qui
1044 1378 1201 1433 devastabat
1218 1380 1321 1435 holera.
1338 1380 1412 1441 uuir
1424 1383 1463 1449 te,
1478 1382 1580 1449 inquit,
1601 1384 1633 1436 lo

343 1477 465 1534 hortuli
480 1478 583 1559 nostri
599 1478 757 1533 custodem
774 1477 937 1532 constituit
947 1479 961 1533 i
972 1479 1139 1546 Ingredere
1156 1481 1304 1548 erpojam
1319 1493 1449 1536 securare
1466 1483 1496 1534 ei
1513 1484 1582 1536 erto

341 1579 380 1633 de
403 1582 503 1634 celero
520 1577 607 1633 nobis
624 1577 729 1646 fidelis
745 1577 857 1632 socius.
886 1578 973 1631 Utere
989 1577 1149 1633 rrobiscurrr
1166 1580 1273 1633 reostro
1296 1578 1412 1646 labore,
1432 1582 1470 1632 ut
1487 1581 1582 1633 tuum

341 1679 491 1735 solatium
506 1679 549 1733 sit
568 1677 656 1731 nobis
669 1691 837 1732 commune.
851 1677 889 1730 hd
913 1680 983 1732 hanc
998 1691 1093 1732 rocem
1116 1679 1255 1746 ingressus
1277 1684 1319 1732 est
1339 1679 1417 1746 lepus
1435 1685 1580 1747 tamquam

341 1779 516 1846 domesticus,
530 1778 656 1832 etractus
669 1782 710 1830 est
722 1777 772 1830 riri
786 1777 831 1830 [lei
844 1790 937 1831 comes
948 1776 1086 1831 assiduus.

375 1879 430 1933 25.
445 1881 507 1933 l’ost
530 1879 606 1944 haec,
620 1877 736 1931 cumrir
756 1882 866 1930 sanctus
879 1874 932 1930 alia
952 1878 1011 1930 rice
1031 1876 1066 1931 ad
1085 1876 1273 1931 mundandum
1294 1876 1433 1932 hortulum
1446 1890 1528 1931 suum
1543 1878 1579 1933 ab
1599 1881 1632 1933 itt

340 1978 434 2031 herbis
446 1978 589 2031 inutilibus
600 1990 671 2044 quae
683 1990 745 2029 eum
767 1982 968 2042 occupaverant
989 1982 1112 2042 tempore
1133 1977 1286 2031 meridiano
1307 1978 1416 2042 exisset,
1430 1979 1579 2044 conspexit

340 2090 405 2144 apes
418 2077 563 2130 herbarum
586 2075 667 2129 tiores
688 2074 845 2143 decerpere,
862 2080 889 2127 et
908 2089 1131 2143 unamquamque
1153 2090 1216 2129 cum
1237 2089 1286 2128 suo
1305 2089 1390 2130 onere
1411 2076 1444 2129 ad
1462 2077 1577 2143 propria

339 2189 471 2229 remeare.
485 2176 534 2239 Qui
547 2175 637 2227 statim
649 2178 811 2240 praeeuntes
832 2174 987 2240 insequitur
1006 2188 1094 2240 usque
1111 2154 1146 2227 ad
1164 2174 1254 2227 locum
1268 2175 1445 2228 habitationis
1463 2187 1574 2228 earum.

339 2277 397 2340 Quo
408 2276 519 2328 invento
539 2279 566 2327 et
579 2278 671 2327 notato
693 2273 826 2325 toramine
845 2286 893 2339 per
909 2274 984 2339 quod
1002 2274 1226 2341 ingrediebantur
1245 2278 1272 2327 et
1290 2273 1511 2342 egrediebantur,
1524 2287 1576 2328 ras

338 2374 486 2442 quoddam,
502 2374 575 2441 quod
588 2387 681 2427 secum
693 2373 830 2441 attulerat,
841 2375 969 2440 opposuit
981 2375 1117 2443 foramini,
1131 2375 1244 2428 dicens:
1258 2376 1391 2429 Omatcr
1400 2375 1481 2443 apis,
1492 2388 1577 2443 quae
1591 2377 1625 2430 2⁰

337 2475 457 2527 ceteros
467 2473 560 2540 repis,
572 2473 626 2527 caci
641 2471 674 2525 in
691 2473 815 2525 nornine
833 2471 958 2526 Domini
974 2473 1013 2526 de
1023 2485 1159 2528 caveram
1179 2477 1236 2527 tua
1253 2487 1346 2541 quom
1359 2472 1528 2541 inhabitas,
1542 2477 1574 2529 et

337 2573 499 2640 ingredere
515 2585 585 2628 curre
598 2572 661 2626 tuis
679 2572 821 2626 cornibus
832 2573 996 2626 vasculum
1015 2572 1099 2627 istud
1120 2573 1201 2640 quod
1222 2572 1279 2627 tihi
1292 2573 1572 2642 praeparavimus,

335 2673 365 2726 ct
382 2672 417 2725 in
432 2671 499 2740 epae
517 2684 595 2739 opus
607 2674 695 2725 tuum
712 2684 852 2738 operere.
866 2672 905 2724 hd
927 2686 1010 2739 quam
1023 2673 1074 2725 riri
1088 2674 1134 2725 bei
1157 2686 1250 2727 rocem
1262 2686 1360 2727 omnes
1374 2685 1439 2740 apes
1451 2672 1515 2728 illae
1534 2674 1572 2728 de

335 2772 395 2826 loco
408 2785 457 2825 suo
470 2785 594 2840 egressae
607 2775 708 2825 suntet
718 2772 747 2824 in
757 2786 813 2838 raS,
824 2771 897 2839 quod
910 2776 1023 2825 sanctus
1036 2771 1084 2825 liei
1099 2773 1139 2825 eis
1151 2777 1304 2839 paraverat,
1315 2786 1378 2826 cum
1388 2772 1456 2827 illud
1466 2773 1573 2842 signas

335 2876 386 2939 set,
400 2873 574 2926 introierunt.
588 2875 663 2925 Tunc
674 2873 716 2925 rir
728 2873 774 2925 bei
788 2871 822 2924 ad
836 2872 974 2925 hortulum
987 2885 1066 2925 suum
1079 2885 1230 2940 regressus,
1240 2872 1380 2926 vasculum
1393 2886 1455 2926 cum
1468 2872 1570 2939 apibus
1589 2875 1623 2928 ξι

334 2971 437 3025 ibidem
450 2971 599 3025 collocarit.
613 2973 650 3023 Ex
664 2978 728 3024 tunc
746 2971 892 3042 apesillae
910 2971 1088 3038 multiplicato
1102 2971 1158 3024 fetu
1172 2971 1257 3024 mulla
1269 2971 1397 3024 examina
1410 2971 1445 3024 de
1456 2983 1486 3024 se
1500 2984 1567 3038 pro·

334 3069 481 3137 duxerunt,
495 3083 565 3137 quae
577 3074 661 3122 totum
675 3069 813 3122 hortulum
827 3069 903 3122 illum
916 3083 965 3135 per
977 3070 1120 3123 circuitum
1134 3071 1318 3136 repleverunt.

367 3169 422 3224 26.
435 3174 494 3223 lion
506 3169 592 3222 multo
605 3175 666 3235 post
684 3175 804 3234 tempore
822 3170 926 3235 elapso,
939 3184 1001 3222 cum
1020 3170 1150 3223 Dominus
1167 3184 1276 3223 serrum
1288 3185 1368 3224 suum
1389 3170 1568 3224 manifestum

333 3270 423 3322 lacere
435 3270 564 3323 voluisset
577 3270 611 3322 ad
623 3269 733 3322 laudem
745 3274 772 3322 et
784 3270 898 3336 gloriam
912 3271 1032 3322 nominis
1045 3271 1087 3323 sui
1102 3277 1128 3323 et
1141 3270 1320 3336 plurimorum
1333 3271 1566 3338 aedificationem,

331 3370 444 3436 contigit
455 3371 554 3422 Carum
567 3369 688 3435 durium,
702 3369 748 3435 iqui
761 3368 877 3422 cellulae
889 3369 961 3422 beati
973 3369 1023 3421 riri
1040 3371 1180 3435 proximus
1198 3374 1265 3435 erat,
1279 3371 1461 3424 inundatione
1479 3384 1564 3436 aqua·
1583 3374 1617 3424 50

331 3483 392 3522 rum
405 3470 441 3522 ita
454 3470 605 3522 excrevisse
617 3475 647 3521 ut
660 3469 740 3534 plana
753 3474 780 3521 et
792 3482 904 3521 nemora
918 3470 946 3520 in
960 3470 1075 3521 circuitu
1093 3471 1152 3535 ejus
1164 3483 1298 3535 aquarum
1317 3469 1487 3524 abundantia
1499 3483 1563 3524 coo-

330 3569 486 3634 periretlio
499 3571 580 3637 igitur
592 3575 714 3635 tempore
727 3568 838 3635 quidam
852 3580 901 3635 per
914 3570 1066 3634 praelatum
1076 3568 1188 3621 llurium
1202 3569 1376 3638 remigantes,
1388 3582 1462 3635 casu,
1474 3567 1564 3622 immo

329 3667 421 3721 divino
435 3675 513 3732 nutu,
526 3669 677 3722 deveniunt
696 3669 729 3720 ad
751 3668 841 3721 locum
860 3670 890 3719 in
902 3682 957 3734 quo
975 3673 1086 3722 sanctus
1098 3669 1144 3720 bei
1166 3669 1301 3723 manebat.
1315 3670 1347 3725 ut
1360 3670 1431 3722 sicut
1443 3669 1477 3722 de
1497 3669 1565 3722 lxliis

327 3767 409 3821 lsrael
421 3768 558 3834 quondam
573 3781 647 3821 mare
668 3769 782 3821 rubrum
803 3769 1009 3821 transeuntibus
1033 3769 1164 3833 scriptum
1185 3775 1227 3821 est
1242 3769 1306 3836 quia
1326 3782 1413 3836 aquae
1425 3769 1465 3822 eis
1479 3776 1563 3822 erant

325 3881 375 3933 pro
389 3881 465 3921 muro
486 3881 500 3920 a
522 3868 623 3921 dextris
636 3873 662 3920 et
681 3881 696 3920 a
718 3869 846 3933 sinistris,
858 3868 893 3920 ita
914 3874 941 3920 et
954 3869 1017 3920 huic
1030 3874 1122 3921 sancto
1144 3867 1238 3921 (lirina
1259 3874 1376 3934 potestas
1391 3868 1558 3935 contulerat,
1579 3872 1614 3924 35

325 3967 377 4018 nisi
391 3967 454 4033 quia
466 3966 548 4019 etiam
569 3966 671 4032 aliquid
684 3967 708 4019 ei
721 3965 859 4018 addidisse
881 3966 996 4019 ridetur.
1010 3966 1066 4019 lllis
1088 3967 1162 4019 enim
1183 3974 1262 4020 erant
1273 3980 1361 4034 aquae
1382 3980 1431 4033 pro
1444 3981 1523 4021 muro
1542 3981 1560 4021 a

324 4066 427 4119 dextris
438 4071 465 4119 et
477 4079 492 4119 a
505 4066 638 4131 sinistris;
653 4066 697 4117 isti
710 4080 774 4119 rero
791 4072 870 4119 erant
882 4080 1032 4145 aquaepro
1045 4080 1124 4120 muro
1143 4080 1198 4120 non
1217 4072 1324 4121 tantum
1341 4079 1357 4119 a
1375 4066 1482 4121 dextris
1499 4073 1527 4120 et
1546 4081 1564 4121 a

324 4166 452 4231 sinistris,
465 4164 513 4218 sed
526 4167 605 4218 etiam
618 4170 681 4218 ante
694 4172 721 4218 et
734 4170 806 4219 retro
819 4166 847 4218 in
860 4165 972 4218 modum
984 4180 1102 4220 coronae
1115 4168 1255 4236 cingentes
1267 4169 1326 4234 ejus
1336 4167 1521 4220 habitaculum
1531 4174 1562 4221 et

324 4266 393 4317 nibil
406 4278 502 4318 eorum
516 4279 586 4332 quae
599 4265 632 4318 ad
646 4265 722 4317 illum
744 4266 919 4330 pertinebant
931 4267 1104 4334 attingentes.
1119 4268 1162 4319 Sic
1179 4268 1244 4320 olim
1257 4281 1320 4320 cum
1338 4280 1387 4333 per
1399 4267 1559 4320 universam

320 4369 421 4418 terram
433 4364 536 4432 AEgypti
548 4365 677 4418 tenebrae
689 4370 790 4429 essent,
804 4364 870 4416 dicit
882 4366 1021 4431 seriptum
1040 4367 1103 4432 cruia
1121 4367 1289 4434 ubicumque
1305 4366 1388 4420 lsrael
1401 4366 1555 4434 habitabat,
1577 4371 1612 4422 ld

321 4463 358 4516 ibi
379 4465 426 4517 lux
445 4469 511 4518 erat.
525 4464 615 4518 Refert
634 4466 716 4517 etiarn
737 4467 833 4518 beatus
856 4467 1000 4534 Gregorius
1022 4466 1050 4518 in
1072 4466 1142 4521 libro
1163 4466 1344 4536 dialogorum,
1363 4468 1560 4522 inveronensi

319 4566 388 4618 urbe
397 4566 504 4618 Thesim
518 4566 629 4619 llurium
643 4567 671 4618 in
684 4573 789 4620 tantum
802 4568 954 4621 excrevisse
967 4572 996 4619 ut
1008 4582 1096 4634 usquc
1107 4567 1140 4621 ad
1151 4569 1307 4634 superiores
1319 4569 1456 4624 fenestras
1468 4571 1561 4626 eccle·
