3278 5482
431 360 524 411 6666.
544 361 628 412 nav.
648 360 763 411 666666.
782 381 828 392 -
843 361 999 412 aeruna.
1018 361 1066 411 uo
1082 360 1162 412 coo.
1181 359 1259 413 6666.
1397 344 1465 411 533

231 534 360 600 66116666,
373 534 411 586 ita
422 537 453 586 ut
465 545 499 585 ex
510 532 667 600 longinquis
679 536 815 585 terrarum
827 531 921 598 spatiis
933 530 1116 585 velaminibus
1127 544 1223 585 aerum
1236 533 1319 585 666616
1333 531 1463 585 nonnulli

231 635 361 689 venirent
368 632 465 687 audire
477 632 638 699 sapientiam
651 634 710 697 ejus
720 638 749 686 66
759 632 926 685 mirarentur
936 644 1019 698 super
1029 632 1174 698 prudentia
1183 636 1210 685 66
1221 632 1359 699 responsis
1368 632 1463 698 ipsius.

231 735 358 801 cumque
370 746 385 786 a
398 731 491 785 multis
502 732 610 786 diversa
622 732 648 785 ei
661 730 854 784 conferrentur
871 731 1036 785 munuscula
1047 730 1238 798 donariorum,
1252 730 1379 785 videlieet
1391 731 1462 798 auri,

232 834 340 901 argenti
352 832 578 898 diversarumque
591 832 705 885 vestium
718 837 801 898 atque
816 831 1045 897 suppellectilium
1059 832 1156 895 lutera,
1170 831 1227 897 ipse
1245 830 1324 883 nihili
1339 830 1464 897 pendens

196 933 303 987 tihaec
322 933 416 985 omnia
440 932 564 998 recipere
596 930 759 999 denegabat.
785 934 905 995 Quorum
933 930 1072 984 probrosis
1096 929 1318 984 infestationibus
1348 930 1464 983 nimium

233 1031 393 1098 depressus,
405 1031 504 1085 auxilis
527 1044 621 1085 secum
642 1031 723 1083 tacita
743 1030 943 1084 deliberatione
963 1030 1064 1083 talibus
1085 1030 1194 1096 saepius
1220 1030 1310 1096 coepit
1331 1030 1465 1097 conqueri

233 1131 385 1185 faminibus
398 1146 405 1184 :
418 1129 498 1191 Ouid
509 1130 606 1183 miser
620 1129 806 1197 procellosis
824 1128 939 1184 undosi
955 1129 1084 1194 huiusce
1101 1129 1278 1183 turbinibus
1288 1129 1391 1183 muris
1402 1131 1466 1185 illi·

233 1230 317 1286 deri
331 1228 588 1297 (6666666161616
602 1228 832 1296 solivagumme
840 1229 1018 1284 ilicumbere
1026 1230 1111 1284 decet
1123 1229 1339 1297 sacramentis,
1352 1232 1381 1284 et
1390 1230 1467 1284 dum

232 1328 458 1398 spiritualibus
469 1328 597 1395 empedil
607 1327 697 1396 refici
708 1328 878 1395 alimonias,
898 1328 958 1382 beu
966 1340 1028 1397 pro
1045 1329 1135 1383 dolor
1144 1332 1155 1383 t
1166 1329 1352 1393 6666666166]
1364 1332 1461 1382 66666-

181 1432 215 1484 10
232 1429 285 1483 nis
298 1428 467 1496 impeditus
487 1428 584 1483 coris.
605 1428 654 1480 cui
673 1428 814 1494 quatiente
835 1441 934 1497 magno
956 1429 1077 1496 singultu
1098 1429 1161 1481 talia
1179 1427 1252 1494 apud
1270 1441 1300 1482 se
1313 1429 1462 1482 revolventi

231 1527 334 1583 accidit
350 1532 442 1581 mente
463 1527 536 1594 quod
560 1527 588 1579 in
608 1526 840 1580 coenobiosancti
859 1528 992 1580 lobannis
1012 1527 1147 1592 baptistae
1170 1526 1243 1580 haud
1264 1526 1360 1593 procul
1378 1527 1459 1580 sitoa

231 1628 390 1683 Redonensi
399 1628 469 1680 urbe
478 1628 538 1694 ejus
546 1627 726 1682 commoratio
740 1632 831 1693 posset
844 1626 912 1680 lieri.
927 1626 1014 1691 Quod,
1025 1626 1113 1693 ruptis
1122 1628 1252 1680 horarum
1262 1626 1375 1680 morulis
1387 1640 1462 1693 spre-

231 1729 324 1797 tisque
336 1728 522 1782 mundialibus
531 1728 647 1794 pompis,
659 1727 848 1793 emancipatus
857 1740 873 1780 a
883 1726 1024 1794 naufragio
1036 1725 1192 1779 mundanae
1212 1727 1379 1793 tempestatis
1391 1727 1465 1781 velut

232 1834 342 1897 portum
356 1841 471 1882 serenae
483 1827 688 1894 tranquillitatis
701 1826 843 1880 celerrime
861 1839 1005 1895 aggressus
1022 1831 1073 1893 est,
1086 1839 1192 1880 memor
1204 1827 1360 1893 scripturae
1369 1824 1463 1881 dicen·

179 1930 212 1982 161
228 1928 263 1981 616
276 1941 284 1980 :
298 1927 402 1982 Nolite
412 1926 545 1992 diligere
565 1926 717 1979 mundum
729 1938 828 1992 tleqtle
838 1939 877 1979 ca
889 1924 1246 1992 666661666666661666666,ο
1258 1925 1333 1991 quic
1345 1925 1375 1979 si
1386 1926 1458 1991 quis

230 2025 341 2094 diligit
350 2026 513 2092 mundum,
525 2025 647 2080 caritas
658 2025 767 2079 Patris
778 2025 813 2077 16
825 2037 859 2079 66
871 2038 934 2080 non
945 2026 1001 2078 esi.

264 2125 297 2178 8.
319 2127 407 2192 super
430 2126 509 2193 eujus
532 2126 650 2180 adventu
673 2125 771 2177 iratres
792 2123 986 2191 gratulabundi
1004 2130 1032 2178 66
1051 2123 1175 2187 alacres,
1197 2124 1317 2177 libenter
1336 2123 1461 2179 dominio

229 2224 340 2294 ipsiuls]
352 2239 381 2279 se
393 2225 586 2279 subdiderunt.
600 2226 631 2277 ht
651 2229 747 2277 contra
760 2224 820 2291 ipse
833 2223 986 2276 humillime
1004 2223 1110 2277 cunctis
1127 2223 1330 2291 obtemperans,
1351 2225 1464 2278 monitis

230 2323 317 2391 patris
329 2328 357 2377 et
368 2324 541 2392 regularibus
561 2324 674 2389 parebat
695 2323 858 2390 praeceptis.
883 2323 932 2386 Qui
953 2323 1054 2375 mirum
1076 2323 1104 2374 in
1125 2321 1236 2377 modum
1255 2323 1291 2376 ita
1305 2324 1462 2377 macerabat

177 2427 211 2480 bt)
229 2437 332 2490 corpus
342 2423 451 2490 vigiliis,
466 2424 589 2489 jejuniis,
603 2422 774 2476 orationibus
791 2422 939 2489 continuis,
958 2427 988 2475 ut
1007 2422 1203 2489 propemodum
1226 2422 1367 2476 exhalaret
1385 2422 1462 2489 spiri·

229 2529 299 2591 tum,
310 2525 355 2578 vix
373 2524 523 2591 palpitante
543 2522 673 2590 igniculo.
696 2522 773 2576 llnde
796 2520 954 2576 affectanter
975 2523 1080 2576 subiret
1101 2524 1222 2590 martyrii
1242 2498 1421 2587 tormentum,
1437 2522 1460 2575 si

229 2636 376 2692 percussor
389 2625 439 2677 hae
450 2628 610 2689 tempestate
623 2635 680 2675 non
693 2623 798 2675 lateret.
813 2625 915 2675 Tamen
927 2622 1002 2689 quod
1015 2636 1071 2676 non
1085 2624 1169 2676 valuit
1186 2623 1215 2675 in
1229 2622 1349 2689 publico,
1363 2623 1463 2676 meruit

227 2724 340 2792 assequi
353 2725 381 2777 iu
393 2724 510 2778 occulto.
524 2725 555 2777 ln
567 2729 664 2792 quarta
675 2736 795 2790 namque
812 2730 840 2776 66
851 2735 878 2775 vr
891 2723 958 2775 seria
971 2723 1005 2776 ab
1018 2723 1093 2776 omni
1107 2723 1207 2789 pabulo
1218 2724 1344 2777 ciborum
1357 2722 1459 2776 exstitit

226 2825 346 2878 alienus.
358 2824 531 2877 vestimentis
541 2836 651 2890 quoque
665 2823 860 2889 mediocribus,
874 2836 944 2889 quae
958 2835 1008 2875 nec
1027 2835 1152 2888 pompam
1171 2822 1272 2877 saeculi
1287 2836 1338 2876 nec
1350 2836 1459 2876 rursum

177 2926 210 2979 25
226 2924 339 2977 vilitatis
359 2924 459 2977 nimiae
480 2925 649 2990 praeferrent
671 2922 870 2985 habitudinem,
889 2935 924 2975 ue
944 2923 1083 2976 videretur
1104 2923 1217 2988 hujusce
1243 2923 1352 2976 habitus
1381 2923 1460 2976 indu·

227 3024 314 3077 menti
338 3023 491 3090 muscipula
511 3025 569 3077 iore
589 3029 716 3077 aeternae
737 3023 932 3087 damnationis,
956 3022 1130 3076 induebatur.
1154 3024 1305 3089 Pauperum
1328 3023 1458 3090 quidem,

226 3123 448 3191 peregrinorum,
461 3124 615 3189 viduarum,
626 3124 814 3189 orphanorum
827 3128 854 3175 et
872 3123 1039 3176 advenarum
1060 3122 1172 3176 sedulus
1184 3123 1333 3190 praebebat
1346 3124 1459 3178 lamula-

227 3229 288 3277 tum
300 3224 523 3277 recreationibus.
537 3226 679 3277 Praeterea
693 3222 810 3289 plurima
822 3223 915 3291 gessit,
934 3236 1005 3290 quae
1019 3222 1094 3276 dictu
1105 3229 1246 3290 nequeunt
1257 3236 1387 3278 enarrare
1399 3238 1457 3279 ora·

227 3329 303 3378 tores
314 3323 489 3377 abundantes
509 3324 731 3391 eloquentiamm
753 3323 876 3376 ilumine.
898 3324 996 3376 verum
1018 3337 1069 3377 nos
1080 3329 1208 3390 coeptum
1221 3324 1273 3377 iter
1285 3338 1334 3391 pro
1347 3325 1459 3379 modulo

177 3429 208 3480 so
227 3428 326 3479 nostro
339 3436 549 3491 prosequamur,
563 3425 628 3491 quia
639 3425 663 3476 si
675 3424 807 3477 darentur
818 3428 929 3476 centum
941 3437 989 3477 ora
1002 3424 1061 3477 auri
1073 3424 1134 3477 etsi
1147 3437 1201 3478 vox
1214 3425 1322 3479 adesset
1334 3425 1422 3479 ierrea
1432 3432 1459 3480 et

223 3522 321 3589 lingua
334 3526 363 3574 ut
375 3527 484 3575 torrens
497 3522 610 3589 guttulis
622 3536 755 3576 emanans
765 3522 892 3589 eloquiis,
906 3535 1080 3588 nequaquam
1090 3535 1232 3589 possemus
1242 3525 1392 3578 sanctitatis
1401 3527 1461 3593 ejus

224 3621 401 3688 promulgare
413 3622 539 3690 insignia.
554 3626 723 3687 Quapropter
734 3627 797 3689 peto
810 3622 928 3687 veniam,
941 3622 1100 3675 beatissime
1113 3624 1221 3689 praesul
1231 3624 1339 3690 llelani,
1354 3626 1400 3692 qui
1411 3627 1459 3679 eir-

223 3721 371 3776 cumdatus
383 3723 457 3776 nube
475 3724 609 3787 inscitiae,
625 3737 736 3777 manum
758 3724 812 3776 tuis
833 3723 992 3776 clarissimis
1010 3725 1093 3791 gestis
1113 3725 1186 3778 nitor
1207 3726 1362 3779 immittere.
1383 3725 1458 3779 llndc

223 3820 337 3888 linguae
350 3833 476 3874 morosae
488 3820 624 3876 medendo
642 3835 782 3888 succurre,
802 3822 973 3876 infundendo
992 3823 1163 3877 salutiferum
1182 3825 1299 3878 imbrem
1311 3824 1355 3878 vel
1367 3825 1457 3880 inluso

177 3925 208 3979 15
227 3920 371 3975 salutifero
385 3921 483 3974 imbre.

259 4021 293 4071 4.
303 4019 409 4072 Aliud.
422 4022 573 4074 —lnterea
596 4021 657 4074 luce
677 4021 778 4074 clarius
794 4020 946 4087 pullulante
966 4022 1099 4075 immensa
1121 4028 1211 4089 segete
1234 4023 1374 4092 signorum
1389 4026 1458 4092 ejus,

224 4118 419 4187 divulgabatur
430 4124 458 4172 66
471 4132 571 4173 nomen
587 4133 638 4186 per
658 4120 780 4173 diversas
801 4121 967 4186 provincias,
980 4121 1117 4187 celerique
1136 4122 1227 4174 volatu
1242 4135 1322 4176 aures
1335 4125 1460 4191 pulsabat

223 4219 388 4272 multorum.
413 4220 515 4272 ltumor
538 4221 616 4286 cujus
639 4224 670 4273 ut
692 4220 807 4287 contigit
828 4219 957 4274 clodovei
983 4224 1148 4274 Francorum
1173 4223 1267 4288 regis·
1285 4223 1456 4277 invictissimi
1514 4230 1601 4284 'com

223 4333 333 4387 aurem,
346 4333 410 4373 eum
428 4319 479 4372 sibi
492 4318 619 4373 advocari
632 4319 705 4372 16616.
717 4322 887 4387 acceptaque
905 4320 1049 4386 prudentia
1070 4334 1102 4374 eu
1115 4322 1254 4388 responsis
1270 4323 1339 4388 ejus,
1351 4330 1457 4392 gratan—
1502 4309 1604 4365 regem·

177 4424 204 4476 10
224 4424 268 4473 ter
280 4420 305 4472 ei
317 4420 433 4486 parebat
450 4422 478 4471 et
489 4419 583 4472 audito
596 4431 628 4472 eo
638 4418 723 4472 multa
735 4420 862 4481 iaciebat,
876 4419 977 4484 templa
989 4420 1115 4474 videlicet
1127 4424 1181 4475 lleo
1194 4421 1373 4489 aedificando,
1394 4438 1457 4490 pau-

223 4532 306 4587 peres
318 4518 480 4583 recreando,
502 4530 596 4572 servos
617 4519 663 4571 llei
685 4518 845 4571 venerando
862 4519 993 4584 Justitiam
1015 4520 1043 4571 in
1055 4520 1061 4539 ’
1075 4521 1155 4587 plebe
1172 4522 1269 4575 Christi
1290 4525 1454 4592 exercendo,
1483 4527 1571 4582 'coel
1585 4528 1633 4580 im.

223 4620 389 4686 cultumque
401 4618 524 4674 divinum
537 4619 594 4673 suis
606 4618 716 4672 monitis
729 4618 929 4685 amplificando.
