3316 5482
285 371 377 421 amu.
397 370 480 421 nar.
498 371 616 422 ranis.
634 389 681 401 -
696 369 850 419 arnano.
869 370 917 418 ab
934 368 1012 419 con.
1032 367 1108 418 5315.
1272 352 1316 417 99

8 536 10 543 “
113 541 287 608 nbrrepperit
299 557 307 593 r
320 541 396 594 unde
405 546 477 596 etex
489 554 543 608 qua
557 545 629 595 esset
641 541 780 607 provincia
792 541 835 594 uel
848 541 870 592 si
891 552 993 593 nomen
1013 536 1137 591 audisset
1148 537 1315 609 confessoris

112 634 208 702 inquiric
220 640 270 694 llle
280 640 372 694 locum
384 645 411 694 et
422 645 532 709 gentem
545 639 628 694 simul
640 647 668 693 et
677 638 887 707 auctoritate[m]
897 639 1011 691 Firmini
1019 637 1139 690 nominis
1148 641 1245 690 cuncta
1255 635 1316 704 regi

113 737 222 802 summit
230 742 363 807 suscepto
372 740 489 807 itaquea
500 740 691 794 valentiniano
701 746 837 792 sacratum
846 737 1134 802 calicem,ltvlniouen
1145 735 1317 802 proiecturus

109 843 271 902 erasurest.
285 839 338 894 Sed
350 839 483 894 antillius
500 852 574 893 mors
595 839 643 907 qui
665 841 756 906 ipsum
779 839 890 893 calicem
913 838 1094 893 deferendum
1115 836 1220 903 recepit
1240 847 1315 902 prae

82 933 171 1002 trena
181 943 229 992 aut
239 943 315 993 certe
326 939 474 1006 cupiditate
495 938 633 1006 pontilicis
654 939 781 1003 faciente,
803 938 993 991 intercedente
1013 942 1135 1002 tempore
1153 935 1182 988 in
1195 933 1313 989 sacrario

104 1035 216 1091 eosne
231 1037 369 1104 detentus,
382 1037 556 1092 sacerdotum
568 1039 675 1092 excedit
686 1039 721 1091 de
732 1043 842 1105 mente;
858 1039 952 1104 sieque
973 1049 1022 1104 per
1042 1047 1170 1102 expressa
1191 1039 1313 1099 tempora

102 1146 168 1190 taum
176 1138 289 1192 obtenta
296 1138 405 1191 silentio
412 1142 462 1192 est.
470 1139 644 1192 beatissimus
653 1151 717 1192 tero
726 1139 878 1204 Ferreolus,
888 1137 1000 1191 liceclae
1013 1135 1087 1190 sedis
1095 1132 1317 1209 episcopusvisi·

99 1239 148 1288 lans
159 1237 380 1290 beatissimomm
392 1237 582 1292 comessorum
595 1237 780 1292 sincerissima
793 1237 917 1290 membra
929 1236 981 1288 iter
993 1234 1138 1301 arripiens,
1156 1234 1191 1286 ad
1211 1231 1320 1285 Atinio·

97 1346 150 1388 uem
160 1336 299 1390 ciuitatem
312 1338 439 1403 perrexit.
453 1338 502 1401 Qui
515 1338 633 1405 benigne
644 1350 660 1391 a
672 1343 766 1391 sancto
778 1339 837 1391 viro
850 1337 934 1402 ipsius
947 1336 1062 1389 civitatis
1077 1333 1207 1402 episcopo
1223 1344 1314 1385 susce·

9 1432 11 1441 '
63 1430 84 1482 ¹⁰
94 1438 146 1500 rurs
156 1438 209 1499 est,
223 1441 308 1503 atque
320 1442 350 1488 ut
362 1437 406 1490 die
418 1438 556 1491 dominico
569 1439 715 1491 missarum
727 1437 872 1490 sollemnia
884 1435 985 1503 populo
998 1435 1149 1489 celebraret
1169 1432 1204 1485 ab
1217 1431 1314 1485 eodem

93 1533 214 1601 episcopo
226 1540 337 1604 rogatus
348 1536 477 1589 obtinuit.
491 1537 523 1589 tt
534 1537 582 1589 ubi
594 1542 704 1590 ventum
727 1540 768 1590 est
788 1540 818 1589 ut
837 1536 955 1589 canistra
977 1539 1004 1587 et
1025 1533 1124 1587 calices
1144 1544 1221 1585 more
1233 1530 1315 1586 solito

92 1633 202 1687 ministri
215 1633 357 1687 deterrent
367 1634 471 1702 altaris,
483 1637 596 1703 contigit
607 1641 637 1689 ut
649 1636 762 1690 calicem
774 1649 856 1703 quem
870 1648 916 1688 rex
929 1639 1024 1687 sancto
1037 1632 1158 1686 Firmino
1170 1630 1317 1694 direxerat,

91 1731 291 1800 interreliquos
303 1733 402 1787 calices
422 1748 485 1787 cum
506 1735 638 1791 sacriilcio
659 1736 715 1790 vini
736 1749 769 1788 ex
791 1747 867 1788 more
887 1732 1099 1785 ministraretur.
1118 1732 1233 1784 Sanctus
1253 1739 1319 1782 vero

90 1831 228 1886 Ferreolus
240 1832 309 1886 dnm
317 1846 381 1886 rasa
390 1834 484 1887 altaris
497 1835 658 1901 inquireret,
671 1834 784 1888 calicem
797 1834 895 1899 cernit,
907 1833 965 1886 riso
978 1831 1087 1885 titulum
1100 1829 1173 1898 legit,
1187 1829 1216 1902 in
1228 1840 1284 1894 quo
1293 1831 1321 1881 et

58 1924 79 1977 lt
91 1927 171 1996 ipsnrn
182 1944 289 1986 nomeu
301 1932 413 1985 Firmini
425 1933 589 1986 contessoris
601 1935 729 2000 repperit.
744 1935 855 1986 Peracta
868 1933 1014 1985 missarum
1034 1929 1188 1991 sollemnia,
1201 1926 1315 1980 calicem

89 2029 226 2084 Ferreolus
249 2031 395 2098 episcopus
408 2032 601 2099 adprehendit,
615 2033 722 2086 titulum
736 2031 876 2098 pontilicis
889 2032 953 2099 legit
966 2036 992 2084 et
1004 2042 1106 2084 nomen
1119 2027 1190 2096 regis
1203 2024 1317 2091 invenit,

90 2127 312 2196 praedictumque
325 2130 436 2184 calicem
450 2132 562 2185 liceciae
575 2144 667 2185 secum
682 2131 839 2199 reportavit.

116 2228 231 2296 condgit
244 2240 366 2295 namque
374 2235 405 2282 ut
416 2230 640 2299 Burgundionum
653 2231 788 2284 exercitus
798 2243 847 2296 pro
859 2229 1051 2282 resistentibus
1062 2226 1225 2280 Ebusiorum
1239 2229 1323 2293 gente

90 2330 280 2382 tlmneorum
294 2341 357 2397 rege
368 2330 557 2396 superioribus
569 2331 692 2396 partibus
703 2331 848 2396 juberetur
856 2330 943 2382 adire.
956 2330 1079 2394 cumque
1092 2326 1126 2380 ad
1138 2325 1275 2379 civitatem
1288 2323 1317 2374 in

56 2417 79 2470 ὓ)
91 2437 137 2491 qua
147 2427 261 2480 beatm
274 2440 374 2494 eorpus
395 2429 537 2482 humatum
557 2435 598 2482 est
612 2430 778 2493 advenisset,
799 2442 872 2482 unus
893 2442 926 2481 ex
947 2429 1023 2493 ipsis,
1045 2439 1102 2478 non
1124 2429 1248 2477 metuens
1272 2422 1318 2474 bei

89 2527 234 2586 boiemiam
257 2539 309 2578 nec
318 2527 403 2593 ipsius
423 2527 588 2582 contessoris
609 2542 709 2582 verens
728 2529 895 2595 sepulcrum,
915 2528 1013 2580 ostium
1033 2524 1143 2578 sacrarii
1164 2520 1318 2588 intrepidus

10 2650 12 2699 !
90 2629 240 2691 penetrans,
254 2631 381 2691 patenam
393 2631 550 2694 argenteam
564 2631 692 2695 repperit,
707 2641 822 2695 eamque
835 2626 949 2694 indigne
970 2626 1138 2688 adtrectans,
1155 2623 1229 2675 intra
1241 2622 1322 2675 vesti

91 2728 206 2777 mentum
229 2725 307 2777 carni
329 2726 482 2791 proximum
506 2728 623 2781 latenter
644 2728 797 2791 abscondit,
820 2733 846 2780 et
868 2725 920 2779 iter
942 2724 1015 2792 quod
1040 2727 1169 2789 coeperat
1187 2733 1318 2788 peragere

91 2824 180 2888 coepit
195 2825 305 2877 lnterea
317 2826 450 2890 usquead
464 2827 558 2880 villam
570 2828 729 2896 Burginatis,
743 2840 827 2893 super
839 2838 949 2879 amnem
962 2822 1124 2876 lthodanum
1139 2821 1249 2873 milibus
1263 2821 1320 2872 iere

58 2908 81 2962 Β
92 2921 172 2975 tribus
183 2921 292 2975 distans
304 2924 339 2976 ab
351 2924 407 2990 ipsa
418 2925 529 2991 diocesi,
544 2939 598 2979 una
611 2940 672 2980 cum
686 2928 744 2993 ipsa
757 2939 837 2993 quarn
851 2922 1032 2978 absconderat
1045 2926 1141 2988 patena
1153 2919 1319 2986 pervenitad

92 3022 247 3075 exercitum.
271 3024 322 3086 Qui
340 3024 458 3092 maligno
483 3027 595 3079 invasus
618 3027 714 3093 spiritu
734 3027 823 3091 coepit
844 3025 1009 3085 iebrcscere‚
1032 3020 1141 3084 sudare,
1161 3019 1319 3085 pallescere,

91 3124 163 3187 atque
174 3122 285 3174 cunctis
298 3122 470 3177 adstantibus
481 3126 632 3179 clamabat:
647 3126 793 3178 Miserere
804 3127 833 3178 et
841 3129 950 3190 perce,
963 3123 1071 3174 coarcte
1083 3119 1231 3186 Firmine,
1243 3118 1318 3184 quia

91 3214 207 3279 fertum
214 3220 388 3285 pessimum
400 3221 471 3290 feci.
485 3227 687 3290 argentumque
701 3225 738 3277 ita
748 3223 822 3276 dorsi
835 3224 893 3288 ejus
912 3222 1068 3274 inhaeserat
1085 3219 1161 3270 carni
1182 3223 1211 3269 ut
1230 3215 1318 3268 nulla·

90 3317 160 3369 lenus
171 3331 188 3370 a
201 3318 444 3374 circumstantibus
464 3323 584 3374 abstrahi
603 3324 745 3389 potuisset.
762 3325 856 3388 ltaque
876 3327 1025 3373 retrorsum
1039 3317 1161 3383 rediens,
1175 3329 1264 3382 usque
1283 3315 1317 3366 ad

56 3401 171 3468 ³⁰lecum
183 3416 233 3469 ubi
246 3428 346 3482 corpus
359 3419 428 3471 beati
447 3421 575 3472 antistitis
592 3422 705 3474 Firmini
722 3420 864 3474 humatum
881 3419 988 3485 jacebat
1007 3417 1088 3469 venit.
1110 3418 1264 3468 prostratus
1283 3415 1312 3465 in

91 3517 155 3568 terra
167 3521 234 3570 ante
246 3517 382 3571 tumulum
394 3521 480 3585 ipsius
492 3522 577 3574 sancti
591 3523 713 3583 l'irmini,
728 3535 776 3587 pro
790 3522 861 3573 furto
871 3520 944 3585 quod
954 3519 1055 3571 ieccmt
1065 3531 1143 3583 opem
1158 3515 1244 3569 saneti
1255 3528 1322 3567 con·

92 3612 197 3669 tesseris
211 3616 384 3681 implorabat.
393 3620 445 3672 Sed
458 3621 614 3674 misericors
624 3624 704 3681 bens,
715 3621 761 3687 qui
773 3618 986 3672 misericordiam
997 3617 1105 3669 miseris
1117 3619 1253 3682 praestare
1263 3626 1320 3666 non

91 3711 195 3779 desinit,
201 3714 238 3768 de
249 3715 310 3768 oleo
320 3718 392 3783 qnod
401 3723 464 3771 ante
474 3721 631 3786 sepulcrum
643 3720 778 3786 pendebat
790 3725 922 3785 peruncto
933 3730 1046 3782 corpore
1058 3716 1153 3781 ipsius,
1162 3718 1317 3780 argentum,

91 3812 158 3877 quod
171 3812 324 3868 adhaesum
336 3818 443 3883 corpori
455 3821 515 3885 ejus
528 3820 625 3885 iuerat,
639 3819 813 3873 sacerdotum
827 3817 954 3870 manibus
967 3815 1143 3869 abstrahitur.
1153 3816 1213 3879 lpse
1227 3819 1319 3864 tamen

57 3901 120 3962 &iad
143 3913 299 3966 exercitum
316 3915 390 3968 unde
410 3915 582 3983 discesserat,
605 3918 672 3971 licet
688 3919 846 3972 cicatricum
865 3918 942 3983 signa
966 3927 1058 3967 secum
1080 3913 1183 3974 ferens,
1205 3923 1321 3977 corpore

92 4011 179 4063 tamen
192 4024 279 4064 sanus
291 4013 382 4066 redire
394 4015 560 4080 permittitur
572 4016 607 4070 ad
620 4018 717 4070 socios.
732 4019 804 4080 Quae
816 4017 898 4083 igitur
909 4015 1014 4081 lingua,
1027 4025 1097 4079 quae
1108 4024 1186 4064 mens
1197 4022 1321 4075 eompre-

93 4106 210 4163 bendere
223 4111 297 4164 ualet
308 4119 410 4179 quanta
422 4120 565 4181 praeparat
579 4117 709 4169 hominus
722 4115 809 4169 servis
833 4115 900 4177 suis,
923 4114 965 4165 his
977 4113 1024 4180 qui
1043 4124 1111 4178 pure
1131 4114 1157 4162 et
1178 4109 1322 4163 sinceriter

95 4204 217 4262 invocant
229 4223 332 4264 nomen
344 4213 424 4278 ejus?

121 4308 188 4360 (lum
200 4321 267 4361 vero
278 4323 369 4363 annua
382 4313 516 4366 festivitas
528 4327 604 4367 more
616 4315 695 4367 solito
708 4313 795 4380 ipsius
816 4312 983 4366 contessoris
1005 4310 1200 4371 celebraretur,
1214 4321 1287 4360 unus
1305 4321 1320 4360 e

65 4395 201 4472 ⁴⁰bopulo,
214 4415 356 4474 correptus
366 4425 381 4463 a
393 4410 514 4477 diabolo,
523 4415 665 4480 evaginato
676 4414 765 4481 gladio
775 4414 902 4465 currebat
912 4426 960 4478 per
973 4411 1113 4477 populum.
1123 4409 1320 4474 sacerdosque,

101 4496 157 4555 dum
169 4508 314 4560 missarum
327 4509 470 4563 sollemnia
483 4512 520 4564 ibi
534 4513 695 4577 celebraret,
709 4527 807 4566 verens
831 4526 866 4564 ne
886 4517 1012 4577 arreptus
1035 4512 1063 4562 in
1082 4509 1197 4562 ecclesia
1215 4507 1325 4560 homici-

104 4597 168 4654 dium
177 4612 356 4674 perpetraret,
368 4608 453 4663 calice
465 4610 499 4663 de
519 4611 597 4665 altari
617 4620 727 4679 arrepto
750 4614 775 4665 ei
788 4612 896 4665 obviam
919 4610 1033 4663 adstitit.
1056 4610 1121 4661 blira
1134 4621 1178 4660 res
1190 4613 1218 4660 et
1230 4606 1324 4659 multis
