3316 5482
313 333 404 383 omn.
423 333 507 383 nur.
528 331 643 381 eunus.
663 350 708 360 —
724 329 877 379 urrann.
897 329 944 378 an
961 328 1038 379 oon.
1058 322 1133 375 saio.
1279 308 1338 374 121

332 510 384 567 De
405 521 511 568 caeco
531 520 646 578 nuper
668 503 869 566 illuminato
891 506 939 563 ad
960 502 1122 563 mtemm.

153 697 193 750 tt.
203 701 255 751 lieo
265 698 334 752 illud
346 698 526 752 omittendum
539 703 579 751 est
593 697 764 757 miraculum,
775 696 848 774 quod
861 709 947 761 nuper
959 694 1057 748 accidit
1070 695 1098 747 in
1111 695 1267 760 praesentia
1283 693 1341 759 plu·

129 794 182 848 rium
192 801 243 849 tam
265 781 428 849 elericorum
440 809 522 863 quom
544 796 685 849 laicorum.
699 794 811 860 Quidam
825 796 900 848 enirn
919 808 1025 855 caecus
1039 794 1139 847 auditis
1160 793 1233 846 beati
1247 793 1341 846 llilarii

10 916 17 962 ι
127 894 298 950 miraculorum
311 896 472 962 praeconiis,
485 897 545 961 ejus
558 895 671 948 devotus
683 894 738 946 adit
754 893 891 961 suffragia,
905 893 1015 960 vigilite,
1029 893 1215 954 orationibuS,
1229 891 1342 959 jeiuniis

98 989 112 1039 5
124 990 272 1049 incessanter
283 995 422 1049 excubans
434 997 462 1048 in
475 996 586 1048 basilica
599 1008 669 1062 quae
680 996 794 1047 pictavis
806 996 840 1048 de
854 995 940 1060 ipsius
951 993 1115 1047 sanctissimi
1128 994 1251 1059 corporis
1263 993 1340 1044 illus-

124 1095 193 1147 tratur
211 1097 372 1162 praesentia.
388 1099 444 1160 Quo
463 1096 528 1147 dum
548 1095 745 1161 aliquantisper
767 1107 822 1147 non
843 1095 986 1147 occasione
1008 1095 1074 1160 quin
1095 1094 1195 1145 immo·
1209 1092 1255 1145 bei
1268 1097 1336 1145 nutu
1355 1099 1415 1165 ⁶(q.
1430 1097 1536 1162 iicod.

122 1200 289 1259 pernoctasset
301 1201 327 1247 et
338 1196 468 1247 amissum
481 1195 623 1248 oculorum
638 1194 730 1246 lumen
749 1194 890 1246 abomino
903 1207 951 1260 per
972 1193 1056 1246 sancti
1082 1193 1177 1246 merita
1197 1192 1337 1245 humiliter
1382 1164 1503 1232 quidam·

119 1294 270 1362 imploraret,
292 1296 383 1349 media
405 1295 461 1348 iere
482 1295 539 1362 die,
553 1309 615 1348 cum
639 1296 675 1347 ita
688 1294 812 1362 fatigatus
833 1308 929 1360 parum
944 1294 1112 1346 obdormiret
1129 1299 1161 1346 ut
1181 1293 1338 1360 vigilantem

14 1412 20 1448 t·
118 1396 283 1462 potiusquam
298 1396 480 1448 dormientem
493 1408 521 1447 sc
533 1394 668 1455 crederet,
680 1408 742 1447 ecce
755 1399 865 1447 sanctus
875 1395 961 1455 adest,
974 1393 1177 1460 pontitlcalibus
1190 1394 1338 1461 insignitus

81 1491 279 1560 coronamentis,
294 1500 324 1546 ut
336 1507 444 1560 semper
461 1506 594 1561 apparere
608 1493 685 1559 solet,
699 1498 725 1546 et
738 1494 774 1546 ait
791 1493 825 1545 ad
844 1507 907 1546 eum
922 1509 928 1544 :
942 1494 1009 1546 Hoc
1023 1492 1093 1559 ipsa
1106 1490 1194 1557 bora,
1210 1491 1263 1545 ubi
1275 1504 1295 1544 a
1310 1494 1339 1545 te

112 1594 279 1657 discessero,
289 1593 446 1647 excitatus
455 1606 476 1645 a
485 1605 600 1654 acrone,
611 1593 690 1646 duos
702 1593 925 1647 camorticortcm
938 1604 1076 1646 meorum
1088 1591 1198 1645 audies
1207 1591 1258 1645 bic
1267 1604 1338 1658 per·

110 1696 313 1759 transeuntem
325 1691 437 1760 quibos
448 1691 495 1745 sic
507 1691 623 1745 vocatis
636 1691 814 1745 nominibus
825 1693 863 1756 (et
875 1693 987 1744 nomina
1001 1691 1103 1754 docuit)
1115 1692 1153 1743 cte
1159 1693 1256 1758 porte
1266 1703 1336 1744 mea

107 1796 342 1861 turpemcortcm
362 1792 460 1844 vitam
479 1793 509 1844 et
521 1791 715 1858 pravitatem
736 1803 859 1844 morum
879 1803 1002 1858 argues,
1016 1793 1045 1843 et
1067 1790 1132 1843 cisi
1147 1790 1284 1844 velocius
1302 1803 1335 1844 se

10 1934 12 1946 ι
104 1894 304 1956 correxerint,
326 1893 477 1946 ultionem
489 1893 618 1958 praesto
637 1890 764 1944 indices.
787 1891 917 1950 Quodsi
934 1892 963 1942 te
979 1903 1082 1943 meum
1102 1903 1167 1943 esse
1185 1890 1336 1943 auritium

65 1996 88 2047 ιι
101 1993 323 2048 haesitaverint
332 1994 390 2045 atct
402 1990 501 2044 cerdis
513 1991 590 2044 meis
599 1991 694 2059 fidem
703 1991 782 2044 dore
795 1990 998 2057 oeptcsccrint,
1007 1989 1062 2043 boc
1071 1989 1132 2042 erit
1143 1990 1189 2042 ets
1200 1989 1335 2056 signum.

107 2095 250 2149 Crastino
268 2092 329 2156 die,
343 2104 414 2145 cum
435 2091 469 2143 tn
489 2091 587 2143 missa
608 2089 766 2143 dominico
788 2090 878 2143 tertio
905 2090 1064 2142 stractus
1090 2092 1251 2143 cantatum
1266 2088 1333 2155 face·

103 2194 155 2260 rit‚
175 2195 281 2247 tumen
301 2192 463 2245 oculorum
476 2191 558 2256 quod
579 2193 667 2256 optas
683 2191 779 2256 plene
795 2189 926 2256 recipies
944 2192 973 2242 et
993 2188 1274 2256 perfectevr‘debic.
1290 2191 1336 2241 llis

104 2293 192 2357 dictis,
206 2299 319 2346 sanctus
335 2291 478 2358 disparuit,
495 2297 521 2343 et
540 2304 573 2344 eo
597 2293 655 2357 ipso
677 2304 731 2357 quo
753 2289 923 2356 praedixerat
944 2291 1041 2343 ordine
1061 2291 1100 2343 rei
1121 2294 1236 2342 euentus
1256 2303 1337 2355 appa-

105 2393 167 2446 ruit.
181 2393 303 2445 Excitato
324 2403 444 2457 namque
464 2403 555 2453 cucco,
570 2392 616 2456 qui
638 2389 767 2456 praedicti
789 2396 867 2442 erant
887 2390 1010 2442 canonici
1030 2391 1120 2441 statim
1138 2387 1248 2442 afluere.
1263 2392 1335 2453 Quos

57 2495 88 2545 ao
106 2492 222 2559 propriis
234 2503 335 2544 uocans
349 2490 517 2556 nominibus,
528 2502 598 2556 quae
611 2503 625 2541 a
640 2495 734 2542 sancto
747 2489 880 2542 didicerat
889 2489 993 2542 eisdem
1005 2494 1107 2554 narrat,
1121 2494 1149 2541 et
1162 2490 1194 2542 ad
1206 2489 1338 2555 majorem

103 2590 237 2645 dictorum
251 2590 334 2642 fidem
357 2590 464 2657 signum
485 2590 579 2641 salutis
600 2589 743 2641 oculorum
765 2589 831 2641 bora
854 2596 940 2641 taxata
963 2589 991 2641 in
1011 2590 1129 2642 crastino
1152 2589 1203 2641 sibi
1218 2590 1337 2641 futurum

104 2691 289 2757 praenuntiat.
301 2689 429 2742 Attonitis
441 2689 495 2741 illis
507 2694 533 2741 ct
545 2690 692 2754 exterritis,
706 2689 769 2741 lieet
788 2703 918 2741 excessus
940 2701 1003 2741 suos
1023 2702 1079 2742 non
1097 2689 1277 2741 diffiterentur
1289 2702 1342 2741 nec

104 2789 234 2841 indictam
247 2787 380 2839 ultionem
394 2787 539 2839 imminere
556 2787 725 2854 ambigerent
745 2787 796 2839 nisi
819 2788 871 2839 cito
893 2786 1107 2852 corrigerentur,
1122 2787 1230 2853 signum
1248 2791 1340 2838 tamen

104 2888 256 2953 praelatum
269 2887 376 2940 solliciti
390 2888 598 2953 praestolantur.
614 2888 736 2954 lienique
750 2899 843 2940 rumor
865 2888 909 2940 hic
927 2888 1076 2952 perniciter
1094 2887 1149 2938 exit
1161 2890 1187 2939 ct
1201 2892 1293 2951 totam,
1310 2890 1341 2940 ut

56 2988 88 3039 ιδ
106 2987 135 3040 in
149 2987 249 3039 talibus
269 2987 307 3051 lit,
324 2988 421 3039 urbem
442 2987 638 3053 multiplicibus
660 2987 753 3052 implet
775 2988 958 3039 sermonibus.
972 2987 1098 3053 Undique
1117 2999 1196 3038 mane
1212 2988 1337 3052 sequenti

105 3086 134 3138 in
145 3085 284 3138 basilicam
298 3086 465 3137 conveniunt
477 3087 561 3137 sancti
574 3085 748 3147 contessoris,
762 3099 872 3138 caecum
886 3086 999 3149 adeunt,
1012 3085 1047 3137 tle
1060 3086 1215 3137 rumoribus
1228 3085 1340 3137 visionis

104 3183 184 3236 auide
197 3184 340 3250 inquirunt
352 3189 380 3236 et
394 3197 450 3236 reni
464 3190 494 3236 ut
506 3183 642 3237 acciderat
653 3184 783 3236 mirantes
796 3185 919 3247 audiunt,
931 3186 1124 3251 eventumque
1133 3184 1209 3237 dubii
1222 3174 1536 3256 inanent·supptee1·

105 3297 156 3335 nec
168 3283 224 3335 ulla
239 3285 399 3335 necessitate
413 3284 499 3336 donec
517 3285 566 3335 ltoc
587 3284 763 3349 experiantur
784 3285 817 3336 ab
838 3284 955 3337 ecelesia
976 3298 1005 3335 se
1024 3291 1142 3337 movent.
1156 3285 1224 3349 Quid
1239 3284 1337 3350 plura?
1355 3261 1518 3323 specuum·

104 3382 189 3435 Solito
203 3383 336 3434 maturius
357 3383 439 3434 missa
460 3383 597 3435 dominica
610 3384 782 3449 celebratum
796 3385 829 3436 ad
851 3391 963 3436 cantum
975 3385 1107 3438 Sanctus
1130 3387 1189 3451 post
1202 3397 1336 3437 canonem

51 3486 86 3534 50
104 3483 224 3548 primum
237 3482 354 3533 venitur.
368 3485 425 3546 Quo
438 3488 546 3535 cantato
560 3497 609 3534 nec
622 3483 711 3535 adbuc
724 3497 803 3536 caeco
820 3481 985 3541 illuminato,
999 3484 1120 3537 secundo
1133 3486 1262 3537 Sanctio
1274 3498 1336 3536 can·

107 3587 188 3648 tatur,
202 3581 250 3634 sed
272 3583 387 3634 necdum
409 3583 482 3635 caeci
501 3584 573 3636 oculi
593 3584 631 3635 sic
653 3584 821 3649 aperiuntur.
836 3585 925 3636 Tertio
947 3584 1058 3637 demum
1079 3599 1141 3637 cum
1159 3584 1299 3652 diligentia
1312 3590 1339 3637 et

106 3694 207 3747 pavore
219 3682 293 3733 omni
307 3682 437 3735 Sanetus
454 3683 567 3734 iteratur
580 3701 587 3747 3
601 3696 655 3748 quo
669 3683 713 3735 vix
727 3683 845 3749 expleto,
861 3684 888 3735 in
902 3685 961 3749 ipso
982 3690 1120 3737 momento
1133 3697 1231 3737 caecus
1244 3698 1337 3737 coram

106 3781 236 3834 omnibus
247 3781 427 3833 illuminatur.
441 3784 539 3849 ingens
551 3782 613 3835 ilico
626 3782 690 3835 cleri
709 3797 740 3835 ac
761 3784 852 3849 populi
874 3784 977 3837 clamor
997 3785 1138 3849 attollitur,
1156 3786 1270 3838 ecclesia
1285 3784 1336 3838 cla·

108 3893 185 3933 more
197 3886 252 3932 tota
266 3881 395 3947 repletur,
406 3883 481 3934 beati
495 3882 587 3934 llilarii
601 3884 696 3935 merita
709 3897 756 3936 oro
769 3884 891 3936 omnium
905 3883 1075 3946 attolluntur,
1087 3884 1182 3937 laudes
1195 3891 1221 3937 et
1234 3886 1336 3952 gratiae

56 3982 90 4031 53
108 3982 162 4032 lieo
175 3986 201 4031 ct
214 3980 264 4045 ipsi
278 3980 440 4045 redduntur,
452 3987 578 4047 tympana
591 3983 770 4035 veliementer
785 3972 883 4035 currcta
896 3983 1050 4048 pulsantur,
1069 3984 1107 4036 Te
1119 3984 1214 4037 Deum
1228 3985 1338 4037 lauda-

106 4091 176 4130 mus
188 4091 203 4130 a
215 4078 323 4129 clericis
335 4079 462 4131 omnibus
474 4086 528 4132 cta
550 4080 691 4134 nonnullis
711 4081 770 4133 aliis
789 4080 864 4132 laicis
888 4082 1013 4133 litteratis
1034 4095 1097 4133 curn
1119 4081 1183 4134 tletu
1195 4086 1223 4134 et
1239 4083 1337 4149 gaudio

107 4175 203 4230 deuote
215 4182 349 4230 cantatur.
363 4179 433 4230 Sane
446 4178 480 4231 de
493 4178 600 4232 duobus
614 4180 667 4231 illis
681 4179 820 4232 canonicis
833 4180 897 4244 quid
911 4181 1016 4248 egerint
1027 4187 1152 4234 utrumve
1170 4195 1198 4234 sc
1211 4194 1334 4235 correxe-

109 4276 164 4327 rint
184 4277 352 4342 ignoramus,
366 4278 419 4329 nisi
440 4280 504 4345 quia
525 4290 621 4344 parurn
643 4293 690 4332 eos
713 4279 887 4345 postmodum
909 4281 1005 4332 vixisse
1020 4282 1185 4346 accepimus
1199 4282 1272 4334 unde
1286 4295 1342 4335 non

109 4376 295 4428 satisfactione
307 4376 389 4443 digna
401 4383 537 4431 correctos
549 4378 658 4431 caelesti
671 4378 908 4432 animadversione
919 4381 995 4446 juxta
1013 4381 1127 4435 verbum
1146 4382 1231 4434 sancti
1246 4383 1342 4435 multa·

56 4477 91 4527 to
109 4480 151 4528 tos
174 4474 363 4528 lormidamus.
377 4479 448 4529 llaec
465 4476 567 4531 idcirco
588 4478 714 4545 dixerim,
735 4483 764 4530 ut
784 4480 831 4544 qui
852 4480 941 4532 eidem
961 4486 1054 4534 sancto
1074 4476 1336 4536 deserviunt'vitam

109 4587 256 4642 moresque
269 4581 444 4640 componant,
455 4590 489 4630 ne
499 4578 533 4630 de
546 4578 628 4630 simili
642 4579 721 4646 culpa
736 4591 828 4644 parem
841 4593 950 4647 quoque
962 4594 1077 4648 poenam
1091 4582 1241 4638 incurrant.
