3316 5482
406 111 499 161 amn.
517 110 601 162 nar.
619 112 737 163 rents.
755 131 802 144 -
816 113 972 164 arpenn.
991 114 1039 164 an
1055 114 1132 165 oon.
1152 111 1228 164 sana.
1366 99 1433 166 233

212 279 289 346 grette
300 278 418 353 ordinis,
429 293 477 335 eos
487 280 596 335 rideres
608 284 664 335 um
677 282 786 350 egregie
798 285 826 336 et
837 282 967 336 nobiliter
984 283 1067 337 terre.
1088 283 1231 350 capereris
1248 283 1331 338 etiam
1348 284 1433 339 nimia

210 378 277 433 illins
293 384 407 434 metae
423 381 638 442 conversationis
656 382 813 450 dulcedine,
827 383 849 435 si
872 383 933 437 illos
955 384 1037 438 heros
1055 383 1163 439 divinos
1179 384 1287 439 videres
1307 385 1434 441 insistere

208 480 292 535 obicio
304 486 360 535 tarn
373 481 535 548 piamentis
547 495 650 549 pronae
669 481 777 537 affectu.
797 485 863 538 inde
880 485 909 537 in
927 486 1099 551 Aquitaniam
1121 485 1266 540 tendentes
1282 487 1432 556 regionem,
1489 490 1492 495 '

207 581 332 648 paulatim
353 581 505 636 succedunt
524 595 575 648 per
592 583 684 650 ignota
700 596 732 636 ac
752 581 859 637 diversa
880 585 949 649 loca,
975 597 1055 638 saera
1075 585 1253 651 oppressione
1275 586 1435 640 barbaricae

159 683 165 696 '
204 682 289 748 gendo
302 680 387 735 etiam
399 693 474 735 nunc
485 682 574 735 adbuc
589 681 760 736 declinantes
773 682 915 736 recedunt.
930 684 1062 748 Quoniam
1075 683 1188 750 quidem
1200 685 1278 752 regni
1295 685 1434 752 principes

205 794 233 835 ac
244 780 355 848 divites,
367 793 417 835 eos
428 785 573 835 cernentes
583 782 630 835 liei
640 782 794 835 ministerio
806 787 862 836 tam
882 782 981 836 devote
1004 783 1197 851 obsequentes,
1219 783 1280 838 illos
1297 784 1370 852 apud
1383 783 1434 853 [se]

205 879 339 948 trequenti
351 879 549 934 ammonitione
561 879 652 934 conati
664 884 728 933 sunt
741 881 869 933 retinere.
889 882 945 933 lien
963 894 1074 948 quoque
1089 881 1341 950 Langobardorum,
1363 884 1435 937 fama

206 991 298 1034 eorum
311 979 448 1033 excitatus
458 979 610 1045 praeclara,
618 991 701 1032 suum
712 978 746 1032 ad
759 991 807 1032 eos
819 979 893 1031 misit
905 979 1145 1046 nuntium,dleens
1155 992 1185 1032 sc
1194 979 1249 1033 illis
1257 978 1345 1048 [b]aut
1356 981 1436 1034 mini·

206 1092 274 1132 maru
288 1078 368 1148 regni
379 1078 421 1132 sui
433 1082 539 1145 partem
552 1077 693 1145 daturum,
708 1079 731 1130 si
744 1079 821 1132 adse
838 1079 934 1132 venire
954 1079 1148 1133 decrevissent.
1170 1078 1222 1132 Sed
1240 1079 1279 1132 illi
1297 1093 1435 1148 proceres,

203 1190 302 1246 genere
313 1176 431 1243 nobiles,
444 1175 498 1230 tide
508 1176 594 1230 divini
607 1177 718 1246 cultu[s]
729 1176 901 1244 illustriores,
915 1178 983 1231 nulli
996 1191 1077 1232 suum
1096 1178 1288 1245 promissionis
1301 1177 1435 1233 inducunt

205 1277 326 1332 animum
338 1289 390 1330 nee
401 1277 528 1344 propriae
536 1277 684 1330 voluntatis
694 1277 824 1331 instinctu
837 1277 941 1331 audent
952 1282 1007 1330 tam
1019 1277 1132 1345 grandia
1145 1278 1288 1344 incubare;
1301 1278 1435 1333 sedenim

207 1373 233 1426 in
243 1374 361 1428 bomine
373 1386 449 1441 spem
461 1387 539 1428 suam
550 1380 696 1441 ponentes,
715 1374 937 1442 floccipendunt
956 1375 1034 1431 bicos
1055 1389 1121 1430 suae
1139 1376 1308 1430 intentionis.
1327 1377 1436 1433 interea

207 1472 355 1540 adquirunt
366 1474 553 1540 possessiones
565 1474 676 1543 multas,
690 1475 758 1529 latos
776 1474 886 1542 bundos,
905 1480 1053 1542 potestates
1070 1476 1247 1544 largissimas,
1256 1482 1346 1543 empta
1358 1477 1437 1543 largi·

208 1570 266 1626 duis
278 1571 413 1627 molesme
423 1574 504 1642 gazis,
518 1574 618 1641 partim
630 1579 694 1628 sunt
710 1574 773 1628 data
791 1589 840 1642 per
856 1576 979 1629 virorum
996 1576 1068 1629 dona
1086 1579 1238 1642 potentum,
1257 1588 1319 1630 cum
1338 1577 1434 1643 serris,

159 1672 168 1686 '
209 1674 315 1729 ancillis
325 1679 354 1728 et
365 1675 494 1729 omnibus
505 1675 819 1744 appendioils;quae,ut
830 1677 1004 1745 supradicta,
1017 1677 1193 1731 corroborata
1203 1678 1261 1732 iore
1272 1678 1437 1731 studuerunt

207 1788 253 1842 per
264 1788 360 1844 regum
374 1781 521 1844 praecepta
533 1783 562 1830 et
572 1789 621 1844 per
631 1779 675 1845 jus
688 1776 760 1830 tirmi
771 1778 905 1845 privilegii
918 1780 1057 1831 Romanae
1071 1777 1155 1831 sedis.
1169 1779 1224 1831 lieo
1236 1783 1328 1831 tamen
1341 1791 1436 1832 amore

207 1874 341 1929 illiusloei
352 1875 423 1941 capti
435 1880 509 1942 sunt,
529 1889 584 1942 quo
602 1876 657 1930 illic
678 1877 869 1930 incunctanter
886 1876 1011 1931 stabilem
1029 1882 1056 1930 et
1078 1876 1184 1930 tirmam
1201 1876 1254 1930 sibi
1276 1875 1437 1931 affectarent

207 1975 374 2042 sedem,quo
394 1979 507 2042 possent
521 1988 584 2030 cum
596 1966 796 2047 psalmigrapho
804 1976 895 2031 dicere
909 1977 1010 2032 :Haec
1021 1976 1222 2045 requieamea
1231 1976 1449 2035 innocentum.

207 2073 336 2141 saeculi,
349 2080 376 2129 et
388 2079 490 2130 cetera.

159 2167 182 2220 ἱ
239 2173 271 2228 9.
284 2175 352 2228 curn
363 2172 447 2242 igitur
457 2187 557 2242 corpus
577 2174 649 2228 beati
671 2176 811 2229 Pbillberti
829 2188 892 2229 cum
913 2176 1038 2244 reliquiis
1048 2174 1188 2243 genitricis
1199 2175 1246 2230 Ilei
1259 2176 1357 2229 itariae
1369 2175 1434 2229 alio·

211 2287 326 2342 rumque
339 2279 497 2328 sanctorum
509 2276 545 2329 ob
562 2275 786 2346 intestationeim]
804 2279 1035 2330 nortmannorum
1048 2289 1063 2329 a
1084 2276 1225 2329 monacbis
1238 2275 1361 2342 eiusdem
1374 2288 1438 2329 oon·

212 2372 319 2426 ieesoris
339 2373 556 2442 circumquaque
573 2375 746 2443 pervagando
766 2376 966 2442 deportaretur,
979 2374 1027 2427 liei
1048 2375 1181 2442 largiente
1202 2373 1381 2441 providentia,
1394 2375 1438 2428 oui

213 2472 277 2527 nibil
297 2474 411 2541 inibunt,
424 2487 490 2528 suae
501 2475 599 2529 callem
611 2476 705 2529 ilionis
717 2479 907 2530 lrenorcense
919 2475 954 2528 ad
966 2474 1097 2541 oppidum
1107 2474 1214 2543 agiliter
1224 2474 1334 2528 direxit.
1345 2475 1365 2527 0
1378 2476 1438 2527 Tre·

213 2574 364 2640 norchium,
377 2575 430 2629 boc
441 2575 611 2642 insperatum
633 2576 717 2630 decus
737 2577 844 2643 noeque
855 2575 1076 2642 supplementum
1098 2574 1137 2627 tui
1149 2574 1288 2641 egregium
1300 2572 1438 2642 augmenti

159 2665 185 2717 S
213 2671 320 2729 bonoria
331 2674 459 2730 benivole
471 2676 657 2743 praestolaris.
678 2667 680 2670 ’

471 2774 511 2829 nd
523 2782 550 2830 te
561 2789 637 2830 nunc
647 2777 762 2830 veniens
773 2776 849 2829 caelo
861 2775 974 2843 largitur
985 2775 1019 2828 ab
1032 2773 1097 2827 alto.

471 2878 518 2929 list
528 2876 615 2930 decus
626 2877 744 2944 imperii,
757 2877 821 2943 quia
834 2880 863 2929 tu
876 2876 948 2928 bene
960 2873 1077 2947 suscipis
1089 2874 1150 2926 ista.

243 2976 369 3040 Quamds
381 2977 455 3030 enirn
474 2984 621 3045 antequam
640 2979 837 3032 Trenorcbium
848 2978 989 3031 venissent
1005 2976 1096 3029 forent
1116 2975 1201 3029 multa
1222 2974 1369 3028 lustrantes
1380 2975 1440 3028 loca

216 3072 240 3127 in
251 3074 364 3143 regione
376 3076 531 3143 burgundia
544 3075 701 3129 diuitiarum
713 3077 805 3144 plena,
819 3081 910 3130 tamen
922 3075 1089 3129 amoenitate
1107 3074 1302 3128 Trenorcensis
1314 3073 1440 3127 delectati

159 3160 186 3215 ²
215 3182 275 3228 sunt
289 3175 382 3228 nimis.
395 3178 497 3242 Nempe
508 3190 612 3242 pauper
620 3181 679 3230 erat
691 3177 777 3242 locus,
787 3176 879 3229 tenuis
888 3175 1001 3241 divitiis,
1012 3188 1090 3228 rarus
1099 3174 1205 3240 incolis,
1217 3174 1266 3226 sed
1277 3171 1353 3226 dives
1362 3171 1440 3227 ualde

216 3275 334 3342 reliquiis
346 3276 432 3328 sancti
442 3275 576 3329 Valeriani
588 3276 636 3330 Ilei
649 3275 785 3343 martyris.
799 3278 943 3330 Enimvero
956 3276 1072 3328 sortasse
1085 3272 1217 3325 divinitus
1236 3273 1345 3326 socialis
1363 3286 1440 3326 amor

215 3375 313 3440 statuit,
326 3379 357 3427 ut
368 3386 485 3442 quorum
496 3377 605 3429 animae
617 3376 768 3429 creduntur
780 3377 832 3429 irui
846 3376 933 3429 beatis
945 3374 1058 3428 sedibus
1070 3375 1207 3440 polorum,
1220 3374 1370 3440 gauderent
1385 3373 1439 3426 na·

216 3477 289 3527 terna
301 3474 495 3541 conjunctione
506 3489 621 3529 suorum
633 3489 788 3543 corporum.
801 3482 823 3529 Α
834 3476 914 3530 turba
927 3489 1046 3543 namque
1058 3475 1200 3528 bominum
1214 3474 1304 3527 locum
1322 3478 1441 3527 cernunt

216 3586 271 3629 esse
290 3579 436 3642 remotum,
458 3575 561 3630 densae
580 3577 665 3631 silvae
679 3582 812 3644 apparent
823 3577 982 3641 continuae,
997 3581 1074 3642 prata
1096 3579 1204 3641 praeter
1224 3575 1315 3628 Araris
1338 3573 1441 3626 flumen

159 3662 189 3713 S
218 3672 339 3743 uirentia,
350 3686 437 3741 aquae
450 3675 574 3741 piscosae
591 3677 668 3742 Juxta
689 3675 783 3729 sedem
795 3676 937 3741 ecclesiae,
951 3675 1030 3728 rivuli
1049 3679 1200 3738 currentes,
1214 3672 1372 3727 molendina
1389 3672 1443 3726 vol·

218 3779 304 3827 nutes
315 3790 323 3840 ;
336 3773 409 3841 agris
420 3787 529 3841 quoque
541 3776 658 3840 propriis
670 3775 793 3842 undique
805 3788 885 3829 secus
896 3774 1013 3828 vallatur
1025 3780 1052 3826 et
1070 3773 1155 3827 locus.
1168 3775 1218 3826 lot
1230 3772 1304 3846 illlis]
1319 3770 1442 3825 arrident

219 3873 320 3926 amoeni
332 3872 401 3925 situs
421 3873 546 3927 coenobii
562 3874 778 3936 commoditates,
792 3880 822 3928 ut
839 3876 896 3941 jam
917 3888 946 3927 se
965 3878 1061 3939 putent
1078 3886 1138 3926 esse
1151 3872 1316 3939 pernimium
1336 3871 1440 3935 felices,

220 3970 331 4026 sianimi
344 3970 470 4025 aneorum
491 3974 615 4027 valerent
635 3974 758 4040 adipisci,
772 3988 828 4028 non
849 3981 904 4027 tam
925 3975 1028 4027 terreni
1048 3973 1176 4027 desiderii
1198 3971 1304 4040 gaudiis
1317 3984 1399 4038 quam
1412 3972 1441 4023 in

219 4077 370 4127 sannorum
382 4073 478 4139 positis
490 4073 622 4141 reliquiis.
636 4076 726 4128 Primo
740 4076 910 4142 triumphant
928 4074 1002 4142 quod
1024 4087 1039 4127 a
1053 4074 1211 4127 barbaricae
1229 4073 1318 4140 gentis
1333 4071 1441 4124 intesta·

159 4155 189 4207 ⁰
218 4165 286 4225 tione
296 4177 364 4225 sunt
376 4171 562 4239 imperterriti,
574 4179 629 4225 turn
643 4174 743 4240 quoda
755 4175 870 4227 terribili
882 4175 1086 4227 lrorrisonarum
1100 4173 1228 4240 clangore
1238 4172 1365 4224 tubarum
1378 4174 1443 4223 sunt

213 4264 333 4335 alienati,
348 4271 414 4324 inde
427 4271 501 4337 qnod
515 4274 642 4326 nocturni
654 4287 751 4327 cursus
764 4272 912 4340 praedonis
925 4287 981 4326 non
993 4274 1189 4339 verenturjam
1200 4272 1260 4324 tuti.

248 4371 299 4431 10.
310 4374 396 4432 Porro
409 4371 495 4425 nimio
507 4373 642 4445 perterriti
654 4374 760 4441 timore,
774 4374 869 4427 mutati
882 4374 1039 4451 qualitatem
1050 4374 1127 4451 regni
1140 4374 1278 4438 timentes,
1292 4375 1443 4432 statuerant
