3316 5482
205 328 273 395 504
555 341 684 393 carm.
702 312 806 392 oonn.
822 341 996 393 moroan.
1016 340 1093 391 nar.

206 513 299 567 animo
309 513 408 566 multas
417 515 537 565 catervas
546 507 667 564 hostium
675 509 1025 577 prosternentis,meruitnt
1033 509 1255 579 circumquaque
1264 510 1342 565 omni
1349 510 1428 576 aetat,

191 648 194 652 -
206 613 283 667 omni
292 611 456 679 professioni
469 623 590 665 consona
599 611 675 664 verbi
686 611 731 664 bei
739 609 840 679 jugiter
851 609 1021 678 intorqueret
1026 610 1127 677 jacula,
1137 623 1262 679 quorum
1269 612 1327 665 aeri
1331 612 1430 680 innuet

206 710 301 765 fideles
312 709 566 778 expergiscerentur
577 713 605 761 et
616 708 750 762 increduli
763 715 984 764 concuterentur.
999 713 1030 765 iit
1046 711 1088 764 bis
1100 710 1213 778 quidem
1226 712 1277 778 qui
1287 712 1346 779 jam
1356 710 1426 765 bene

206 810 330 864 sscentne
348 807 497 876 primordia
516 807 678 861 incoharant
689 807 757 862 iliud
770 809 978 875 propheticum:
996 810 1042 863 lte
1058 810 1097 864 de
1114 809 1233 864 virtute
1246 810 1283 863 in
1295 809 1427 863 uirtutem

207 908 357 976 ingerebat,
368 908 469 975 quoad
480 906 627 961 visionem
641 907 698 960 Dei
708 907 837 961 deorum
843 909 1063 975 praetendatis
1072 910 1105 961 in
1118 908 1338 976 speculatione
1348 907 1428 961 virio
1439 907 1452 959 ti

206 1008 258 1062 urb
275 1009 377 1075 paca,
398 1003 547 1073 fraterna
567 1004 733 1059 dilectione
752 1006 962 1073 conglutinati
982 1006 1017 1059 in
1037 1019 1128 1073 eum‚·
1149 1008 1284 1077 quodque
1305 1007 1430 1062 redoleret

206 1107 273 1160 illud
286 1104 484 1159 dolentislob:
514 1104 651 1158 visitarat
671 1104 802 1172 spectent
823 1107 912 1159 tuam
932 1119 995 1159 non
1009 1106 1173 1174 peccabis,·
1195 1107 1273 1174 quod
1287 1114 1316 1161 et
1326 1107 1429 1173 apostoli

206 1204 280 1259 Pauli
294 1220 300 1257 :
314 1204 400 1257 Alter
411 1202 544 1257 atterius
563 1215 660 1256 onera
667 1205 802 1271 portate,
815 1207 846 1259 et
862 1203 907 1257 sic
926 1204 1139 1270 adimplebitis
1151 1205 1250 1272 legen
1266 1204 1429 1271 cbristi3et

206 1303 391 1372 evangelicum
403 1302 550 1354 salvatoris
564 1317 571 1354 ε
587 1301 800 1369 Quaecumque
811 1303 908 1355 vultis
922 1306 958 1356 ut
969 1301 1092 1372 faciant
1106 1303 1190 1357 nobis
1204 1303 1356 1371 hanricus,
1367 1305 1429 1360 baud

207 1402 321 1456 dubium
333 1402 400 1469 quin
413 1401 496 1466 bona,
508 1400 615 1453 eadem
627 1402 656 1452 et
666 1411 718 1453 aas
729 1397 828 1468 facite
839 1401 907 1454 illis
920 1416 927 1453 ε
944 1400 1069 1454 videlicet
1088 1408 1118 1454 ut
1130 1415 1192 1455 sese
1205 1405 1327 1471 quilibet
1337 1420 1368 1459 er
1380 1407 1430 1460 suis
1442 1410 1463 1460 tt

207 1502 394 1558 allectionibus
407 1514 536 1568 pensans,
551 1513 583 1554 co
596 1501 688 1553 animo
709 1501 784 1567 inopi
805 1512 837 1554 ac
858 1500 981 1554 desolato
999 1508 1156 1555 occurreret
1167 1515 1224 1569 quo
1237 1504 1367 1560 miseriae
1378 1518 1430 1574 pro

207 1606 282 1673 priae
293 1605 328 1657 ab
340 1604 393 1656 alio
413 1614 575 1656 succurrere
597 1600 749 1667 anhelaret,
769 1608 881 1669 tumque
899 1601 1019 1668 speciem
1036 1602 1078 1654 sui
1094 1602 1225 1657 inviseret
1242 1604 1312 1658 dnm
1325 1606 1430 1674 proximi

158 1760 162 1769 ,
207 1717 293 1758 onera
304 1703 449 1769 bajularet,
471 1701 650 1755 nihilominus
669 1706 697 1753 et
718 1701 822 1754 bomini
847 1700 874 1751 iri
895 1699 969 1767 quod
991 1701 1025 1754 ab
1049 1701 1161 1755 bomine
1182 1703 1327 1759 sitibunde
1337 1713 1433 1773 optaret

208 1804 369 1871 impertiret.
382 1803 427 1855 liis
440 1807 530 1855 autem
544 1814 613 1869 quos
626 1806 697 1854 tetra
717 1800 802 1869 fuligo
823 1801 960 1867 pravitatis
981 1801 1010 1853 in
1030 1802 1174 1856 volutabro
1186 1803 1313 1859 sordium
1325 1807 1433 1862 involve·

208 1911 260 1973 rat,
275 1905 342 1972 quin
355 1901 490 1970 disto[r]ta
502 1901 622 1955 malitiae
644 1914 711 1954 suae
730 1900 890 1954 desererent
910 1902 1027 1968 compita
1040 1901 1192 1956 intentabat
1206 1923 1212 1953 =
1228 1904 1365 1975 alioquin,
1377 1910 1432 1976 uiri,
1447 1912 1468 1963 tt

209 2007 274 2061 dum
287 2004 421 2059 arrideret
432 2004 472 2056 eis
483 2002 603 2056 volubile
622 2015 655 2055 ac
675 2003 758 2055 breve
779 2005 894 2069 tempus,
910 2001 945 2054 ad
958 2001 1143 2068 paenitentiae
1162 2004 1434 2073 conbrgerentmedi·

207 2105 324 2172 camina,
339 2103 483 2156 imminere
498 2102 550 2155 sibi
562 2101 635 2155 diem
648 2100 765 2166 bomini,
781 2114 863 2168 quam
875 2103 1016 2166 praescius
1032 2101 1165 2169 velocem,
1178 2116 1314 2174 amaram,
1330 2110 1433 2165 nebulo

211 2218 279 2269 sam,
293 2204 403 2258 turbine
415 2202 457 2256 vei
471 2202 599 2270 clangore
610 2206 692 2267 atque
705 2201 821 2268 caligine
833 2201 993 2268 completam
1007 2200 1110 2255 indicat
1121 2204 1267 2272 propheta,
1278 2207 1382 2277 inqua,
1393 2210 1435 2264 ubi

211 2304 294 2374 regali
307 2315 356 2357 suo
369 2301 521 2354 diademate
534 2300 703 2353 decoraverit
720 2300 808 2366 iustos
825 2299 926 2366 judicis
946 2301 1099 2368 gratissima
1116 2302 1319 2373 misericordia,
1333 2309 1434 2364 demum

211 2405 321 2470 iniquos
333 2400 536 2468 petulantiaque
557 2399 672 2453 infectos
695 2399 821 2453 multabit
838 2400 924 2466 ipsius
941 2400 1056 2467 justitia.
1077 2402 1124 2455 ilis
1144 2407 1238 2457 autern
1256 2411 1341 2472 atque
1352 2409 1470 2476 buius!

213 2501 288 2556 morli
303 2499 401 2554 studiis
413 2499 557 2567 ftigomero
569 2510 619 2551 suo
640 2498 747 2551 intento
767 2511 891 2552 summae
903 2504 929 2569 et
941 2499 1212 2567 incomprebensibili
1225 2506 1364 2572 majestati
1378 2508 1436 2563 (liri-

209 2613 272 2666 nae,
285 2599 392 2665 nequis
404 2598 500 2650 saltem
511 2610 655 2664 perversus
667 2596 779 2649 mellitis
791 2597 851 2663 ejus
869 2597 986 2665 eloquiis
1004 2600 1070 2665 qnid
1090 2599 1197 2654 fucatae
1209 2604 1343 2659 vanitatis
1354 2613 1437 2662 mente

208 2699 402 2766 suspicaretur,
416 2696 484 2749 adeo
498 2693 663 2761 pervalidam
678 2695 828 2748 curationis
839 2696 954 2764 gratiam
971 2698 1122 2752 concedere
1136 2700 1249 2765 placuit,
1262 2709 1294 2757 nt
1306 2706 1435 2775 quisquis,

210 2800 407 2865 cujuscumque
427 2795 536 2862 generis
556 2794 653 2847 morbo
674 2794 758 2847 elisus
779 2800 862 2858 esset,
884 2807 950 2847 usus
971 2796 1161 2851 benedictione
1179 2804 1207 2852 et
1223 2804 1436 2860 contrectatione

211 2899 281 2964 ejus,
294 2895 439 2949 incolumis
452 2895 486 2947 ad
499 2906 547 2946 sua
566 2898 709 2946 remearet.
732 2895 925 2946 consecratum
948 2908 1028 2961 porro
1049 2910 1141 2950 secum
1161 2901 1257 2969 beum,
1273 2915 1332 2956 non
1344 2904 1471 2958 surdusli

210 2993 432 3061 lacobiapostoli
454 2993 571 3057 auditor,
592 2993 706 3058 ferebat,
727 3005 782 3058 quo
803 2992 832 3044 in
856 2992 990 3059 ejusmodi
1003 2995 1119 3062 negotiis
1131 2996 1229 3051 ubiubi
1247 3004 1384 3068 uteretur,
1394 3005 1438 3057 boc

210 3096 291 3149 modo
302 3094 419 3146 credens
430 3092 556 3145 occulere
569 3104 648 3158 posse
661 3104 752 3144 coram
765 3091 895 3144 omnibus
908 3105 964 3145 non
977 3106 1025 3158 per
1044 3107 1073 3146 se
1086 3095 1226 3160 explicitas
1237 3099 1365 3165 virtutes,
1379 3116 1437 3170 qno

210 3196 283 3249 niam
296 3193 453 3246 nullatenus
464 3191 578 3258 gloriam
593 3204 670 3243 suam
683 3190 754 3258 vulgi
767 3191 971 3245 adulationibus
984 3192 1135 3262 venditare,
1153 3195 1202 3248 sed
1215 3199 1309 3264 potius
1320 3202 1434 3256 archivis

210 3293 298 3347 bonae
315 3291 499 3344 conscientiae
520 3289 621 3342 abdere
643 3288 770 3356 malebat,
787 3288 869 3343 corde
888 3298 991 3343 retenta
1009 3292 1131 3358 veritate,
1144 3308 1216 3360 quae
1238 3299 1366 3363 perbibet
1386 3299 1437 3353 alu·

211 3392 282 3443 mnis
295 3392 351 3443 suis
364 3403 398 3443 ne
411 3403 488 3442 suam
502 3389 602 3441 faciant
619 3389 752 3454 justitiam
772 3401 864 3442 coram
878 3390 1033 3444 bominibus
1045 3397 1075 3444 ut
1093 3393 1238 3447 videantur
1256 3398 1292 3450 ab
1313 3400 1365 3467 eis,
1378 3399 1472 3467 quirit

210 3489 283 3557 quod
296 3489 381 3542 aliurn
395 3490 429 3540 sit
441 3489 609 3554 nominibus,
625 3502 738 3554 prorsus
752 3491 927 3543 abominatur
941 3495 1022 3545 bens.

243 3591 317 3641 1111.
331 3590 425 3654 itaquo
439 3587 535 3640 collem
549 3593 670 3653 tempore
684 3589 754 3641 bauti
768 3590 863 3654 procui
875 3590 910 3642 ab
922 3603 955 3643 co
967 3593 1036 3658 vico,
1047 3606 1101 3659 quo
1113 3593 1185 3647 idem
1198 3594 1306 3650 dcicola
1320 3599 1437 3653 moralia·

210 3696 263 3756 tur,
276 3689 372 3741 devius
384 3688 500 3740 rusticae
513 3687 599 3753 plebis
612 3700 690 3740 crror
703 3689 925 3755 antiquissimum
944 3691 995 3743 sibi
1006 3693 1120 3759 idolum,
1135 3694 1209 3760 rpuod
1223 3697 1364 3752 citabatur
1376 3699 1438 3752 acsi

211 3802 260 3856 pro
274 3788 424 3841 reverentia
437 3785 588 3850 Oritanum,
603 3786 773 3840 recensendo
786 3788 935 3855 dedicarat,
948 3791 1002 3857 cui,
1015 3797 1045 3843 ut
1058 3793 1158 3846 talibus
1170 3797 1255 3848 moris
1267 3803 1321 3865 est,
1335 3799 1437 3852 fumosa

211 3887 369 3953 saepissime
390 3890 535 3938 cmcntave
556 3886 691 3938 mactabat
712 3886 842 3940 libamina
864 3893 945 3956 atque
966 3891 1129 3946 caenolenta
1150 3894 1276 3948 donaria.
1300 3898 1376 3962 Quod
1394 3897 1472 3952 mitt

211 3986 317 4039 bomini
330 3984 464 4037 vexillifer
476 3983 599 4050 advortit,
613 3984 764 4038 condolens
776 3987 877 4040 infelici
888 3989 1037 4043 admodum
1048 3992 1138 4060 vulgo,
1152 3993 1199 4059 qui
1213 3994 1241 4046 in
1256 3995 1326 4049 facie
1338 3998 1384 4051 liei
1397 3997 1434 4050 sui

211 4091 295 4153 terga,
309 4085 411 4136 versuti
426 4085 560 4149 serpentis
579 4083 644 4137 dolo
665 4084 780 4150 illectus,
795 4088 933 4153 emiserat,
947 4090 1049 4157 quique
1070 4091 1137 4144 falsa
1159 4105 1207 4158 pro
1230 4095 1303 4147 veris
1325 4097 1434 4151 colendo

210 4184 340 4237 theatrica
353 4183 499 4235 festinabat
510 4183 545 4235 ad
558 4184 648 4242 exitia,
663 4191 790 4237 metuens
800 4187 948 4251 plurimum
963 4189 1047 4256 quod,
1066 4192 1088 4242 si
1101 4191 1165 4244 tmic
1178 4195 1295 4248 tacendo
1308 4202 1434 4249 annueret

211 4296 262 4336 nec
274 4289 367 4337 acutas
379 4283 498 4348 potentis
511 4284 630 4350 sagittas,
644 4284 839 4350 scripturarum
862 4287 965 4340 scilicet
983 4288 1147 4352 divinarum,
1161 4297 1282 4346 terrores
1295 4295 1321 4347 ei
1335 4296 1433 4348 intima·

211 4390 252 4437 rct
263 4384 403 4451 (scripturn
416 4383 527 4449 quidem
539 4395 553 4434 a
567 4383 686 4449 quotlam
700 4390 801 4447 nostro,
813 4386 858 4438 cui
877 4387 934 4452 ipsa
948 4389 986 4439 vis
999 4387 1094 4441 deifica
1109 4397 1168 4456 post
1185 4393 1378 4448 donsissimam
1390 4394 1430 4445 itti
1445 4392 1468 4442 tt

211 4484 330 4536 bominis
343 4483 512 4535 iterationem
527 4482 685 4545 incuicarat,
697 4497 752 4536 non
766 4484 907 4552 ignorabat
918 4499 926 4538 t
936 4487 1007 4539 Nisi
1018 4487 1124 4554 irriguo
1137 4490 1338 4558 iniquitatem
1350 4506 1432 4547 suum

211 4580 408 4647 allegaverit,
422 4578 605 4633 dr'scru'utiue
616 4580 737 4634 cruoris
749 4581 813 4647 tatto
825 4595 934 4636 carcre
947 4585 1104 4651 nequibis),
1117 4586 1152 4639 atl
1166 4589 1302 4653 praelium
1316 4591 1430 4646 accensis
