3316 5482
262 353 356 403 amn.
375 351 458 403 rvar.
479 350 596 402 rarus
615 370 661 380 —
678 349 831 400 urrann.
851 346 900 399 au
916 349 994 399 oon.
1014 347 1090 399 asco.
1228 336 1295 402 473
1387 421 1391 429 .

163 525 203 602 3⁰
220 525 304 603 Vita
319 523 440 601 sancti
460 522 608 615 Odonis
625 520 779 599 abbatis
796 519 872 619 (fol.
894 519 1060 620 ili-58ll.

92 657 178 723 Cujus
199 662 376 722 conspectum
397 660 424 706 et
445 660 548 719 partem
569 652 700 705 ineditam
728 651 851 704 exhibuit
871 651 905 704 ol.
924 666 949 705 v.
972 653 1037 705 Em.
1057 653 1170 721 Sackur,
1192 656 1290 709 Neues

57 756 197 823 Archiv,
211 762 273 821 etc,
286 760 353 808 tom.
366 755 409 807 llll
420 754 514 819 (1889),
528 767 555 819 p.
571 754 672 805 lob-ld.

161 854 201 932 4⁰
219 852 414 931 Revelatio
428 852 604 952 corporis
622 850 757 940 [sancti
777 849 963 957 Stephani
977 851 1290 954 protomartyris]

212 978 379 1055 Luciano
398 976 627 1078 presbytero
642 984 795 1053 ostensa
814 974 893 1065 (fol.
911 974 1076 1077 ddi-67⁹).

92 1118 142 1171 Ed.
158 1121 185 1171 Ρ.
200 1121 319 1181 l.,t01n.
333 1118 396 1183 xbl,
411 1132 436 1184 p.
457 1118 519 1170 808·
528 1118 558 1168 l8
575 1116 636 1180 (Ex
648 1115 845 1169 Floriacensi
855 1115 959 1169 codice
971 1117 1000 1169 et
1012 1114 1089 1168 aliis
1101 1114 1196 1179 mss).
1210 1114 1290 1167 Prae-

59 1219 145 1271 missa
159 1224 201 1270 est
212 1217 326 1283 epistola
338 1217 405 1271 Aviti
419 1217 452 1270 ad
466 1216 622 1270 balconium
637 1215 680 1268 ed.
695 1214 775 1282 ibld.,
786 1230 812 1282 p.
827 1217 914 1269 805-8.

397 1618 605 1732 Appendix
629 1619 679 1707 od
705 1620 787 1710 cod.
808 1618 932 1710 5566.

324 1792 427 1903 ⁴Vim
443 1835 478 1903 S.
498 1837 708 1913 Prnrurulm
726 1832 808 1924 (cfr.
827 1855 938 1922 supra,
964 1832 1026 1924 2⁰).

151 2026 281 2100 lnolplt
298 2026 376 2087 vlia
390 2028 540 2087 murtae
554 2026 757 2098 Perpetuae
770 2024 901 2086 mamis
916 2023 1034 2087 saneti
1048 2024 1210 2086 Nazarll.

97 2211 125 2261 1.
148 2207 331 2261 celeberrima
347 2207 478 2261 memoria
499 2206 710 2273 triumphorum,
732 2207 833 2274 quibus
854 2206 939 2269 sancti
957 2206 1008 2260 viri
1028 2206 1294 2275 deutriusquemodi

62 2308 198 2372 hostibus,
211 2307 237 2360 id
249 2311 291 2360 est
302 2306 458 2360 carnalibus
470 2312 497 2359 et
508 2306 684 2373 spiritalibus,
704 2307 817 2360 viriliter
829 2307 1051 2381 agonizaverunt,
1070 2308 1156 2361 robur
1167 2308 1296 2360 christia·

22 2412 43 2464 5
61 2421 117 2462 nae
129 2406 193 2459 lidei
206 2405 320 2459 mirifice
330 2406 500 2459 auditoribus
509 2411 598 2473 auget,
612 2407 793 2474 ardentesque
804 2407 911 2459 animos
922 2419 971 2472 per
982 2406 1139 2460 consimiles
1152 2407 1294 2473 passiones

63 2507 98 2562 ad
112 2512 223 2560 aeterna
236 2507 329 2559 incitat
342 2506 462 2573 praemla
483 2505 626 2572 capienda.
649 2506 883 2572 Quemadmodum
905 2506 979 2558 eninr
1000 2506 1150 2573 antiquitus
1171 2505 1294 2573 priorum

64 2607 228 2661 athletarum
241 2606 373 2674 imagines
384 2607 520 2659 tironibus
528 2606 636 2659 assidue
647 2608 871 2673 proponebantur
880 2604 1025 2672 videndae,
1037 2611 1066 2657 ut
1076 2619 1172 2660 eorum
1185 2618 1293 2675 magna-

63 2708 102 2761 lia
114 2704 264 2772 spectando
277 2705 311 2758 ad
324 2706 424 2759 similia
436 2711 660 2772 provocarentur,
674 2707 710 2759 ila
720 2707 821 2775 jugiter
833 2710 990 2759 sanctorum
1004 2710 1154 2772 martyrum
1166 2718 1215 2759 seu
1229 2718 1295 2760 con·

64 2806 249 2860 fessorumde
261 2806 434 2872 triumphatis
446 2806 570 2860 hostibus
590 2811 820 2859 commemoratae
840 2806 969 2859 victoriae
990 2805 1147 2859 auditorum
1165 2805 1259 2872 corda,
1272 2805 1295 2858 si

10 2906 46 2958 1⁰
64 2903 121 2956 dici
134 2904 174 2956 las
183 2908 235 2967 est,
247 2901 282 2955 ad
295 2903 408 2957 fortiora
420 2903 535 2956 incitant
547 2904 680 2973 magnalia
699 2905 831 2958 facienda.
851 2906 902 2958 Pro
920 2903 1006 2957 nihilo
1018 2916 1083 2956 vero
1095 2903 1260 2970 deputamus
1272 2903 1295 2956 si

64 3004 129 3069 quis
141 3002 281 3055 annalium
293 3006 451 3057 sanctorum
464 3004 554 3056 verbis
570 3004 742 3057 solummodo
761 3004 920 3067 delectatur,
940 3003 992 3056 nisi
1012 3004 1095 3057 eliam
1116 3004 1167 3057 hoc
1179 3003 1213 3057 ad
1233 3002 1297 3058 cde·

64 3108 140 3156 ctum
153 3101 233 3155 ducat
241 3115 296 3168 quo
305 3103 364 3169 ejus
374 3115 454 3155 aures
464 3102 563 3156 cotidie
573 3110 752 3169 occupantur.
763 3103 879 3156 Paucula
889 3102 971 3172 igitur
980 3102 1013 3183 de
1023 3103 1176 3156 innumeris
1186 3115 1297 3171 magna·

65 3203 140 3256 libus
153 3203 324 3256 beatissimae
338 3206 496 3271 perpetuae,
509 3205 596 3257 sancti
612 3205 716 3257 Nazarii
730 3206 833 3270 matris,
847 3204 976 3270 audituri,
991 3202 1065 3271 quod
1077 3204 1190 3257 auribus
1202 3202 1296 3257 audic-

64 3303 110 3368 tis,
125 3302 177 3355 hoc
188 3302 270 3356 etiam
281 3302 315 3356 ad
329 3303 492 3356 imitandum
505 3304 589 3357 corde
602 3305 744 3370 percipite.

10 3403 49 3456 ab
99 3401 132 3452 2.
146 3402 302 3454 beatissima
313 3403 397 3469 igitur
409 3405 551 3469 Perpetua,
570 3403 636 3456 civis
654 3406 785 3470 Romana,
805 3404 1039 3458 nobilissimorum
1050 3408 1195 3470 parentum
1208 3407 1293 3457 stem·

65 3505 138 3552 mate
149 3506 300 3567 procreata,
314 3502 494 3556 nobilioribus
514 3516 609 3555 verum
630 3504 737 3558 actibus
758 3510 914 3557 reverenter
932 3504 1066 3568 instituta,
1086 3504 1120 3556 ab
1133 3504 1192 3569 ipso
1205 3508 1296 3556 tener·

65 3599 137 3651 rimo
149 3599 216 3653 llore
230 3601 362 3666 pueritiae
374 3615 403 3654 se
417 3601 503 3655 fertur
515 3604 630 3655 homino
643 3603 786 3656 tradidisse
799 3610 826 3656 et
837 3617 886 3669 per
898 3616 996 3656 manus
1010 3602 1158 3656 beatissimi
1180 3603 1296 3670 apostoli

66 3698 139 3750 Petri
152 3699 254 3752 undam
267 3703 431 3754 sacrosancti
454 3702 624 3768 baptismatis
645 3704 793 3769 accepisse.
816 3704 929 3769 Dehinc,
953 3709 1040 3757 aetate
1061 3704 1184 3770 corporis
1206 3717 1296 3758 acere

66 3804 169 3863 mcum,
186 3800 387 3868 simulquoque
411 3802 473 3855 fidei
494 3803 579 3856 robur
597 3808 638 3856 cst
657 3809 778 3869 auctum,
802 3804 831 3856 in
851 3808 958 3857 lantum
978 3808 1010 3857 ut
1030 3804 1178 3858 fortissima
1193 3804 1294 3872 virago,

11 3893 49 3950 ab
66 3897 170 3963 duplici
183 3898 258 3952 lucro
270 3899 364 3967 ditata,
378 3900 465 3953 lilium
477 3907 504 3954 et
516 3903 660 3970 coniugem
672 3903 900 3968 frequentissimis
913 3902 1149 3957 exhortationibus
1161 3903 1296 3969 plurimis·

67 4010 121 4062 que
131 3997 166 4050 ad
180 4000 262 4050 heum
275 4012 325 4065 pro
338 3999 442 4053 eisdem
454 4000 549 4055 effusis
560 4002 730 4055 orationibus
742 4002 847 4055 christo
857 4003 972 4056 homino
983 4003 1187 4068 mancipaverit,
1198 4017 1295 4056 secun·

66 4096 133 4149 dum
148 4097 215 4149 illud
225 4097 375 4151 beatissimi
395 4101 512 4165 apostoli
532 4101 608 4154 Pauli
628 4116 635 4153 :
656 4101 806 4155 dolentem
824 4101 874 4154 eir
895 4101 1034 4168 infidelis
1050 4114 1111 4168 per
1132 4103 1296 4157 anulierem

65 4194 202 4263 fidelem.
216 4197 298 4265 lgitur
309 4199 373 4264 qula
386 4198 420 4252 de
433 4199 519 4264 ipsius
532 4199 580 4251 tilii
593 4200 628 4252 ad
647 4202 732 4253 licum
750 4202 930 4255 conversione
944 4201 972 4254 in
985 4202 1096 4268 propria
1110 4202 1223 4255 historia
1236 4202 1295 4268 plu·

65 4293 145 4347 ribus
158 4295 313 4349 invenimus
335 4298 476 4366 scriptum,
499 4313 573 4352 nunc
595 4300 627 4352 ad
642 4313 674 4353 ea
687 4300 861 4367 exponenda,
876 4301 994 4367 qualiter
1006 4315 1055 4367 per
1068 4301 1218 4367 praelatam
1232 4304 1292 4355 ler-

13 4394 47 4446 ab
65 4400 176 4459 petuam
188 4396 331 4449 hlricanus
340 4397 381 4449 vir
392 4399 451 4464 ejus
463 4397 619 4464 crediderit,
634 4401 719 4452 nostri
732 4401 868 4452 sermonis
880 4406 1001 4454 vertatur
1013 4401 1155 4454 articulus.

98 4493 130 4545 3.
145 4493 265 4556 Quadam
277 4495 332 4561 dle,
352 4496 410 4548 viro
422 4497 481 4563 ejus
499 4504 652 4551 revertente
672 4499 706 4551 ab
723 4498 812 4552 olllcio
826 4499 901 4566 quod
919 4500 971 4553 sibi
985 4502 1083 4554 umbra
1095 4502 1195 4554 veteris
1212 4502 1294 4554 tradi·

61 4593 142 4646 derat
154 4593 231 4661 legis,
244 4595 357 4663 contigit
369 4601 399 4648 ut
411 4609 523 4650 uxorem
537 4611 612 4650 suam
627 4598 801 4652 devotissime
813 4600 983 4654 orationibus
995 4606 1133 4654 vacantem
1145 4607 1209 4654 ante
1222 4602 1294 4656 iores
