3316 5482
541 116 632 165 arcu.
652 115 735 166 var.
756 90 873 164 Panis.
894 135 939 145 —
956 114 1034 164 ooo.
1056 113 1145 164 roser.
1400 101 1469 166 625

236 284 443 339 misericordiae
464 288 543 351 licus,
564 286 610 352 «rui
633 298 689 338 non
710 292 751 338 est
773 298 950 350 personarum
971 290 1106 352 acceptor,
1130 287 1177 338 sed
1198 286 1313 340 inomni
1328 289 1471 354 gentequi

237 382 334 436 iecerit
353 384 413 448 ejus
433 384 600 438 voluntatem
621 391 749 451 acceptus
765 391 807 438 est
827 386 875 453 illi,
895 385 1058 451 quibusdam
1080 386 1335 439 sanctimonialibus
1347 386 1471 453 eiusdem

237 483 397 534 monasterii
414 496 475 536 eam
493 486 717 538 catechumenam
738 498 798 539 esse
809 488 986 551 sanctamque
1000 484 1168 551 baptismatis
1188 485 1304 552 gratiam
1316 497 1372 538 non
1395 498 1471 538 accc·

238 581 309 646 pisse
323 595 373 647 per
385 582 517 636 visionem
529 585 673 649 patefecit3
687 597 757 652 quae
779 585 864 637 nimio
884 585 985 637 mentis
1006 590 1119 649 stupore
1134 597 1289 650 percussae,
1311 586 1408 637 beatae
1422 584 1472 637 Bil-

212 676 327 733 bbildae
340 679 458 734 lideliter
470 696 518 748 per
539 684 645 750 singula
661 685 843 737 enuclearem
863 697 932 750 quae
952 687 1005 736 beo
1027 683 1166 736 revelante
1186 682 1349 735 didicerant.
1362 686 1395 735 llt
1414 683 1470 749 illa,

237 779 376 831 somnium
388 781 439 834 boc
451 781 489 833 nil
502 784 558 835 veri
572 784 673 836 babere
686 784 854 850 existimans,
868 783 968 850 quidve
980 783 1051 836 soret
1061 782 1161 836 iactum
1180 782 1209 835 in
1227 795 1256 834 se
1278 783 1382 850 ignara,
1396 794 1474 848 prae·

236 876 340 930 dictum
359 880 518 947 episcopum
539 883 604 936 inde
622 883 769 938 consuluit.
791 885 842 947 Qui
864 884 977 937 caelitus
991 883 1041 936 lroc
1063 881 1283 950 investigandum
1302 882 1466 949 dijudicans,

235 972 385 1043 divinaque
405 980 573 1034 revelatione
594 982 758 1035 certificatus
779 996 874 1035 verum
894 996 955 1036 esse
977 995 1047 1049 quae
1060 981 1196 1046 viderant,
1211 981 1393 1048 regenerandi
1407 993 1468 1033 eam

235 1076 367 1140 mysterio
379 1077 482 1132 ditavit.
497 1081 598 1134 belrinc
611 1082 689 1135 beata
702 1082 817 1134 Bilbilda
831 1082 981 1136 studiosius
995 1082 1040 1135 bei
1051 1079 1161 1134 servitio
1174 1080 1331 1147 invigilans,
1344 1079 1470 1145 gratiam·

187 1174 216 1225 ii)
231 1186 285 1239 que
297 1174 429 1230 divinitus
441 1179 492 1232 sibi
508 1181 673 1246 impertitam
695 1181 822 1235 laudibus
845 1183 1017 1235 incessanter
1037 1180 1195 1233 extollebat.
1218 1181 1350 1233 [lominus
1363 1184 1466 1242 autem,

234 1274 383 1339 gratiarum
396 1277 516 1344 largitor,
529 1282 624 1334 volens
638 1281 814 1334 candidatum
829 1294 914 1335 novae
934 1281 1149 1348 regenerationis
1168 1281 1196 1331 in
1209 1279 1308 1332 ancilla
1321 1291 1370 1331 sua
1383 1278 1470 1330 illiba·

235 1377 295 1425 tum
307 1375 454 1443 custodire,
468 1384 497 1431 ut
509 1380 605 1433 stolam
619 1394 696 1434 suam
717 1382 862 1434 candidam
884 1387 948 1433 ante
971 1381 1091 1433 tribunal
1113 1380 1212 1433 christi
1239 1379 1371 1445 perterret
1392 1385 1419 1431 et
1436 1391 1471 1430 ne

236 1471 340 1527 malitia
352 1475 533 1539 lenocinantis
546 1481 646 1534 saeculi
662 1494 752 1534 naevo
764 1483 899 1534 numanae
911 1481 1065 1547 fragilitatis
1077 1479 1247 1533 intellectum
1256 1479 1329 1531 illius
1340 1482 1466 1544 mutaret,

234 1581 264 1622 v⁰
276 1572 407 1628 kalendas
419 1577 573 1632 decembris
585 1581 655 1633 banc
668 1580 840 1647 aegritudine
855 1579 1021 1634 intolerabili
1034 1585 1198 1645 correptam,
1210 1579 1281 1631 felici
1294 1590 1467 1631 consumma·

187 1669 220 1721 ib
237 1669 314 1723 tione
324 1671 425 1726 lineam
437 1679 590 1742 praesentis
602 1680 672 1731 vitae
686 1678 758 1732 liniri
771 1680 916 1732 concessit.
926 1680 984 1742 Quo
994 1677 1039 1731 die
1052 1690 1181 1744 magnum
1194 1677 1222 1729 in
1235 1676 1319 1730 caelis
1331 1675 1434 1728 sanctis
1443 1680 1469 1728 et

235 1770 341 1837 angelis
352 1774 520 1829 celebratum
531 1779 661 1846 gaudium
677 1779 789 1832 eredere
802 1792 947 1845 possumus
959 1784 987 1831 et
998 1779 1113 1830 salutem
1133 1790 1189 1830 non
1202 1777 1338 1829 modicam
1352 1774 1467 1827 bomini-

235 1867 289 1920 bus
301 1871 329 1925 in
341 1877 413 1927 terra
425 1875 541 1931 devotis.
554 1879 593 1932 nd
614 1879 695 1946 hujus
719 1880 892 1932 beatissimae
913 1884 1055 1931 matronae
1070 1875 1324 1930 commemorandas
1337 1875 1468 1941 exequias

235 1969 328 2021 omnis
339 1971 500 2029 clericorum
513 1986 724 2046 sanctarumque
738 1979 902 2032 seminarum
915 1976 1040 2031 collectio
1053 1989 1116 2029 cum
1127 1975 1225 2041 populo
1238 1974 1395 2043 Moguntino
1408 1987 1464 2027 non

235 2078 320 2132 parvo
332 2076 508 2143 conveniens,
522 2079 582 2145 ejus
591 2079 718 2145 spiritum
731 2079 900 2132 orationibus
913 2083 940 2130 et
952 2076 1071 2130 lacrimis
1081 2078 1134 2128 ileo
1148 2074 1365 2140 commendabat,
1380 2087 1467 2127 mem·

187 2163 217 2215 io
235 2164 284 2217 bra
297 2175 387 2225 autem
399 2175 458 2239 ejus
471 2179 599 2243 pretiosa,
614 2183 766 2232 aromatum
788 2179 963 2232 condimento
976 2176 1095 2242 perlusa,
1119 2176 1147 2227 in
1160 2175 1257 2227 eadem
1272 2187 1354 2240 quam
1368 2174 1467 2226 struxit

235 2273 348 2328 basilica
369 2280 458 2328 terrae
478 2278 624 2330 commisit.
646 2279 729 2343 cujus
749 2277 853 2330 meritis
873 2275 1041 2343 fulgentibus
1062 2279 1089 2327 et
1109 2272 1182 2338 apud
1203 2274 1290 2325 ileum
1319 2271 1464 2325 efficaciter

231 2374 386 2428 valentibus
398 2375 456 2441 ipso
470 2375 498 2427 in
512 2376 572 2428 loco
585 2376 703 2441 plurima
717 2381 776 2442 post
798 2376 865 2429 baec
887 2375 1011 2428 claruere
1024 2372 1164 2439 miracula,
1178 2376 1334 2437 praestante
1350 2371 1464 2424 bomino

232 2478 327 2528 nostro
338 2476 401 2528 lesu
413 2475 530 2538 cbristo,
543 2476 630 2542 quiin
651 2476 771 2528 trinitate
793 2483 820 2528 et
841 2476 946 2528 unitate
968 2477 1040 2527 licus
1053 2473 1243 2537 cunctipotens
1256 2475 1400 2536 permanet
1413 2484 1463 2536 per

231 2578 345 2626 aeterna
358 2575 530 2627 saeculorum
542 2574 659 2627 saecula.
673 2575 769 2626 Amen.

714 2754 999 2770 —ffl

707 2777 1002 2799 —

346 3095 351 3102 .
411 3015 609 3103 DXXVII.
640 3014 765 3104 (lodex
790 3016 981 3126 signatus
1009 3037 1121 3102 num.
1148 3009 1297 3098 10891.

266 3233 337 3287 Olim
349 3231 443 3300 suppl.
458 3233 503 3285 lat,
514 3233 573 3287 265.

267 3333 406 3387 Foliorum
417 3335 459 3394 88,
473 3333 539 3384 min.
553 3331 772 3397 (eutelmio),
787 3329 868 3381 lineis
880 3328 979 3395 plenis,
992 3331 1118 3380 exaratus
1130 3337 1202 3377 saec.
1215 3324 1284 3375 xlii.

335 3434 373 3508 l⁰
399 3433 483 3509 Vita
517 3430 640 3510 sancti
671 3428 857 3529 Stephani
896 3424 1114 3504 conditoris
1151 3420 1303 3501 ordinis
1343 3417 1467 3496 nostri

384 3555 675 3635 Grandimontis
697 3554 777 3649 (fol.
802 3553 949 3650 lf-3lll).

266 3693 314 3747 Ed.
329 3696 355 3746 P.
372 3694 411 3758 b,
422 3700 488 3745 tom.
498 3693 579 3757 cclii,
592 3704 617 3755 p.
631 3690 750 3749 ltili-lli,
765 3686 917 3754 praemisso
931 3682 1046 3751 prologo
1058 3681 1102 3735 ed.
1115 3680 1193 3746 ibid,
1207 3692 1233 3744 p.
1247 3677 1349 3730 loos-9.
1364 3677 1395 3728 ln
1407 3672 1471 3726 cod.

235 3806 320 3847 omm.
334 3792 429 3857 capitis
442 3793 454 3843 l
469 3804 530 3857 pars
543 3789 680 3855 posterior
691 3789 716 3852 (a
728 3787 820 3840 vorbis
828 3781 1062 3851 perurgebatur
1082 3778 1252 3834 odnrodum
1263 3774 1357 3842 pravi
1375 3774 1471 3826 tenta

235 3893 367 3958 tione...)‚
381 3891 475 3956 capitis
487 3893 504 3943 8
515 3890 574 3942 init.
588 3885 732 3954 (usquead
748 3882 912 3950 Dirupisti,
927 3880 1064 3947 Domine,
1079 3876 1207 3930 vincula
1219 3874 1308 3940 inea),
1322 3870 1420 3937 capitis
1435 3872 1468 3922 oi

235 4005 298 4058 pars
310 3990 444 4057 posterior
455 3990 481 4053 (a
497 3987 588 4041 verbis
600 3986 681 4040 Nam
701 3982 925 4038 canonicorum
946 3975 1111 4043 institutio,
1124 3986 1204 4041 quae
1226 3970 1315 4025 babet
1330 3970 1467 4036 poteste-

236 4093 296 4145 tem
309 4088 433 4156 ligandi
449 4089 540 4153 atque
559 4082 719 4149 solvendi),
735 4086 762 4134 et
781 4082 886 4147 integra
903 4077 991 4144 capita
1002 4077 1045 4141 36,
1064 4079 1107 4140 st,
1119 4073 1206 4137 bitte,
1226 4071 1311 4123 ibit.
1326 4070 1389 4120 Post
1406 4078 1467 4131 cap.

236 4193 265 4243 ti
280 4189 404 4256 sequitur
418 4184 579 4239 miraculum
593 4185 634 4236 Dc
646 4182 769 4235 morien
781 4179 943 4239 acaecitate,
957 4176 1022 4228 satis
1033 4173 1121 4226 simile
1135 4172 1198 4223 buic
1210 4167 1286 4236 quod
1294 4166 1394 4234 legitur
1406 4176 1466 4230 cap.

236 4299 285 4361 583
305 4294 405 4349 deiude
422 4294 503 4346 breve
522 4289 714 4357 compendium
734 4289 816 4341 totius
834 4287 908 4338 Vitae
927 4287 954 4336 S.
972 4282 1111 4349 Stephani,
1131 4278 1176 4332 ed.
1194 4284 1260 4331 tom.
1281 4276 1337 4339 eit,
1357 4286 1382 4338 p.
1403 4272 1465 4324 loll

236 4398 351 4449 extr-io
362 4392 469 4458 (eadem
481 4390 659 4456 inscriptione
672 4387 746 4441 :Hic
758 4385 891 4440 breviter
903 4377 1270 4450 comprehenduntur...);
1287 4377 1380 4441 postea
1393 4368 1468 4422 llitae

302 4502 401 4547 carm.
412 4500 501 4544 anais.
515 4499 540 4542 ι.
554 4499 582 4542 n.
1369 4471 1402 4522 lo
