3316 5482
11 2722 100 2777 'cod
113 2728 187 2777 extu.

216 331 282 398 452
554 348 679 398 aaran.
700 347 802 398 cona.
822 346 998 397 naaman.
1020 344 1101 397 aar.

215 518 328 585 probato
341 516 483 582 miraculo,
497 521 598 584 quanta
618 515 775 583 devotione,
788 516 972 578 caerimoniis,
983 527 1080 568 omnes
1091 527 1155 567 cum
1168 525 1253 567 cruce
1265 510 1435 578 supplicantes

216 617 387 670 sanctissimo
398 617 456 669 viro
469 616 583 685 obviarn⁴
592 617 674 682 irent,
687 617 788 682 optime
802 629 938 669 cerneres.

248 714 303 768 28.
322 715 399 767 Tanti
412 715 486 768 enim
497 713 569 780 apud
583 715 709 767 nationes
721 714 813 781 tiebat,
827 719 857 767 ut
867 714 943 767 curia
956 715 1075 766 ltomana
1088 712 1124 765 ob
1137 712 1199 778 ejus
1210 722 1295 778 quam
1307 708 1436 763 audieerat

215 815 385 868 sanctitatem
398 814 554 880 complures
574 814 646 867 viros
659 828 707 881 per
727 819 812 867 toturn
826 818 961 867 terrarum
982 814 1088 877 orbem,
1109 815 1140 864 ut
1159 811 1317 877 Philippum
1331 808 1436 863 adduce

215 918 286 979 rent,
299 913 414 977 miserit,
428 912 552 979 nihilque
563 911 638 965 aliud
659 912 687 964 in
700 924 748 964 ore
761 912 904 964 hominum
918 911 970 962 nisi
992 909 1194 964 sanctissimum
1208 907 1300 962 virum
1317 907 1352 961 de
1371 903 1460 960 caclol

215 1011 346 1065 cecidisse
358 1011 485 1078 audircs3
498 1025 595 1065 omnes
608 1024 672 1064 suos
693 1023 785 1063 mores
797 1010 985 1077 miraculaque
1006 1009 1174 1076 praedicare.
1188 1010 1293 1062 omnes
1309 1008 1437 1060 Romanae

214 1111 350 1165 Ecclesiae
360 1111 523 1176 cardinales,
533 1110 682 1177 apostolica
695 1111 760 1163 sede
771 1115 894 1173 vacante,
905 1110 1073 1163 unanimiter
1083 1115 1111 1162 et
1119 1106 1307 1172 concorditer,
1318 1104 1434 1172 aspiritu

214 1216 308 1264 sancto
327 1211 431 1276 relulsi,
453 1212 563 1264 beatum
586 1211 738 1276 Philippum
757 1209 791 1263 ad
813 1208 1001 1276 pontificatum
1022 1208 1194 1276 delegerunt.
1217 1208 1295 1260 lntcr
1315 1219 1384 1274 quos
1394 1204 1438 1258 luit

214 1310 335 1377 quidam,
348 1312 472 1364 omnium
484 1310 671 1378 dignissimus,
683 1309 728 1363 oui
740 1322 842 1362 nomen
855 1310 1017 1363 Octavianus
1029 1309 1064 1362 de
1075 1307 1218 1362 tibaldinis
1231 1312 1302 1373 erat,
1314 1305 1362 1374 qui
1373 1317 1437 1358 roru-

214 1408 345 1476 plurimas
356 1410 461 1464 litteras
473 1411 506 1463 ad
528 1409 682 1476 Philippum
694 1408 770 1462 dedit
789 1413 820 1461 ut
837 1408 920 1475 jussis
932 1410 1124 1474 Romanaeque
1144 1404 1278 1460 ecclesiae
1291 1402 1437 1472 praeceptis
1450 1401 1472 1453 tt

213 1513 326 1563 ltomam
343 1514 455 1577 peteret.
468 1509 610 1577 Philippus
621 1521 696 1576 vcro,
710 1522 772 1562 cum
786 1508 1002 1562 innumerabiles
1021 1508 1126 1560 litteras
1139 1511 1222 1573 atque
1242 1504 1352 1558 infinita
1368 1517 1438 1557 man·

213 1609 275 1662 data
287 1611 446 1677 accepisset,
459 1610 535 1663 nullo
548 1615 628 1676 pacto
651 1614 756 1662 tantum
769 1608 908 1677 dignitatis
928 1608 1038 1661 culmen
1052 1607 1162 1676 aggredi
1186 1604 1304 1659 volebat.
1326 1603 1379 1658 Sed
1396 1602 1438 1657 ubi

213 1709 367 1763 cardinales
379 1710 413 1762 ad
433 1714 538 1763 tantum
558 1709 695 1776 fastigium
715 1709 804 1774 ipsum
817 1707 949 1762 extollere
967 1719 1142 1774 nequaquam
1155 1708 1295 1772 poterant,
1315 1703 1398 1758 alium
1409 1701 1439 1756 ad

213 1807 400 1876 pontificatum
413 1816 543 1876 exoptare
554 1808 707 1862 volucrunt.

246 1908 301 1961 24.
320 1912 388 1961 llum
400 1914 491 1962 autem
504 1909 629 1974 leprosus
642 1908 773 1961 liberatus
786 1913 866 1971 esset,
880 1907 935 1961 duo
948 1908 1060 1960 comites
1072 1920 1135 1959 cum
1153 1904 1281 1972 Philippo
1293 1910 1384 1971 erant,
1396 1903 1440 1971 qui
1455 1904 1480 1955 ts

211 2020 274 2060 cum
286 2007 394 2076 alonge
406 2012 506 2072 essent,
520 2008 571 2061 hoc
583 2006 745 2061 miraculum
759 2019 816 2060 non
827 2005 966 2072 viderunt,
979 2007 1135 2072 passimque
1147 2003 1294 2058 audientes
1310 2004 1441 2058 mirabare

213 2111 267 2159 tur.
281 2109 348 2159 Tum
361 2107 408 2172 qui
421 2107 564 2160 sanitatem
578 2111 719 2173 receperat
739 2120 768 2159 sc
781 2105 925 2175 indignum
945 2111 1045 2172 putans
1057 2107 1125 2159 tanti
1137 2105 1189 2158 riri
1203 2104 1327 2158 tunicam
1339 2108 1442 2169 tenere,

211 2204 418 2259 tabernaculum
429 2204 566 2272 quoddam
579 2206 707 2271 instituit,
719 2211 800 2272 atque
814 2206 888 2258 intus
901 2205 1013 2271 ibidem,
1025 2204 1190 2257 Florentiam
1201 2203 1343 2271 gradiens,
1354 2204 1444 2257 Servo·

213 2318 274 2357 rum
288 2306 401 2358 sanctae
414 2305 513 2357 tiariac
524 2305 669 2358 conventui
682 2304 755 2358 dono
767 2303 852 2358 dedit.
866 2304 942 2367 Quod
955 2303 1045 2357 adhuc
1056 2304 1190 2370 cernitur,
1203 2308 1231 2356 et
1243 2302 1350 2356 nostris
1360 2302 1444 2356 oculis

212 2404 340 2471 vidimus,
351 2408 432 2471 atque
443 2404 477 2458 ah
487 2400 616 2459 omnibus
626 2418 731 2458 summa
742 2405 888 2458 devotione
898 2409 1056 2471 veneratur,
1066 2415 1167 2457 sanans
1181 2401 1319 2466 infirmos,
1329 2400 1443 2456 afflictos
1457 2401 1480 2453 n

212 2509 238 2557 et
250 2509 342 2557 mente
354 2509 458 2570 captos,
471 2504 594 2557 etmulta
614 2504 676 2571 alia,
690 2517 760 2571 quae
780 2517 838 2558 non
858 2504 940 2558 modo
961 2502 1024 2557 libri
1044 2502 1207 2557 brevitatem
1229 2502 1280 2556 sed
1297 2501 1445 2556 uoluminis

212 2603 398 2668 prolixitatem
409 2603 564 2672 efflagitent.

244 2703 299 2755 25.
319 2705 453 2769 'tempore
465 2708 554 2757 autem
567 2718 622 2772 quo
634 2710 707 2759 totus
726 2706 847 2759 mundus
858 2710 937 2758 aestu
947 2706 957 2727 ·
969 2705 1151 2770 consumitur,
1170 2701 1314 2770 Philippus
1325 2702 1363 2756 ad
1375 2702 1444 2756 ordi·

207 2815 272 2854 nem
285 2802 451 2856 visitandum
464 2817 590 2872 pergens,
612 2804 795 2859 tlediolanum
814 2817 908 2858 versus
928 2803 1108 2871 proficiscens
1121 2808 1152 2857 ut
1170 2803 1343 2857 Pannoniam
1365 2802 1443 2856 attin·

206 2905 292 2968 geret,
306 2901 439 2968 quosdam
461 2906 573 2969 propter
594 2903 698 2956 solares
718 2902 809 2956 radios
831 2904 882 2956 sub
901 2903 1047 2957 arboribus
1069 2903 1262 2956 recumbentes
1284 2900 1397 2953 invenit
1415 2896 1480 2951 etit

206 2998 320 3053 choreas
332 2999 474 3053 ducentes.
488 3001 591 3064 Quibus
603 3015 633 3054 se
645 3001 760 3065 addens,
774 3003 814 3054 sic
826 3003 881 3055 ait:
896 3003 953 3055 Hic
965 3002 1049 3055 inter
1060 3014 1122 3068 vos,
1135 2999 1254 3068 fratres
1267 2997 1439 3063 carissimi,

116 3120 147 3174 '.
206 3099 353 3152 nonaulli
373 3102 447 3153 sunt
468 3099 502 3152 in
515 3114 589 3168 qcros
602 3101 655 3154 ira
676 3102 731 3154 Dei
743 3101 833 3155 hodie
848 3104 1046 3169 prorumpet,
1060 3100 1116 3167 qui
1134 3100 1264 3152 nullae·
1285 3097 1373 3152 aliae
1393 3095 1440 3149 rei

66 3420 75 3440 ·
87 3417 153 3472 cod.

33 3484 184 3538 fallacibus.

206 3211 332 3266 operam
345 3200 536 3267 impartiunt
546 3202 609 3254 ar'ci
621 3203 769 3268 qaornodo
783 3205 922 3255 uentrem
934 3201 1109 3269 adimplere
1115 3199 1248 3268 possint,
1261 3211 1304 3252 ear
1323 3211 1389 3265 qua
1408 3208 1441 3249 re

206 3311 361 3352 surnmum
373 3300 483 3353 bonum
495 3314 710 3367 summamque
719 3300 932 3367 inaudibiliter
940 3300 1122 3368 felicitatem
1134 3299 1168 3351 in
1178 3300 1287 3352 ventre
1295 3298 1439 3350 inuenere

209 3400 303 3465 atque
313 3401 426 3453 arandi
437 3399 595 3467 fallaciis·
606 3403 736 3467 parcunt.
751 3401 810 3460 Qui
820 3401 885 3454 uisi
898 3400 1130 3467 paenitentiam
1141 3410 1275 3452 suarum
1287 3397 1439 3451 ammaim
1453 3392 1480 3442 ὅθ

208 3494 351 3563 feceriut,
360 3499 552 3565 praecipites
565 3500 768 3552 rssaaeternam
777 3501 1011 3554 damnationem
1024 3499 1115 3553 hodie
1124 3497 1204 3551 ituri
1211 3498 1298 3550 scrut.
1312 3493 1440 3551 &edita

208 3595 265 3649 hus
277 3598 450 3664 volrrptates
463 3599 586 3665 aliquid
607 3599 720 3665 quietis
732 3603 790 3652 aret
801 3599 1006 3653 beatitudinis
1026 3599 1061 3650 ia
1072 3611 1105 3652 se
1117 3596 1253 3651 haberet
1267 3597 1350 3656 Quid
1360 3592 1439 3648 cadis

209 3694 333 3759 turpius
342 3696 435 3761 atque
443 3694 636 3748 inhonestius
645 3709 710 3749 esse
714 3699 855 3763 potestat
864 3709 923 3763 quo
930 3696 1031 3761 inopis
1038 3696 1094 3759 [in]
1102 3694 1256 3761 iujuriam
1263 3690 1440 3746 divinitalis

202 3792 403 3861 procedatur,
416 3794 541 3861 etquid,
563 3798 596 3846 ut
609 3795 656 3847 ait
675 3795 864 3857 Anthrosius,
879 3798 943 3848 lam
958 3806 1098 3861 pronum
1113 3793 1155 3846 ad
1177 3791 1325 3845 libidines
1347 3801 1438 3857 quam

208 3891 376 3946 irccouditis
396 3894 527 3949 motibus
539 3908 576 3948 ea
596 3907 675 3961 quae
696 3896 745 3947 uel
763 3898 883 3947 uatara
895 3893 1054 3948 abscoudit
1071 3895 1121 3946 uel
1132 3891 1305 3958 disciplina
1325 3887 1438 3944 velavit
1451 3885 1480 3936 ab

207 3991 414 4047 mernhrorum
426 3997 534 4061 operta
546 3994 678 4061 nudare,
694 3994 801 4047 tradere
811 3995 920 4061 oraclis,
932 3996 1039 4047 rotare
1050 3992 1209 4059 caricam,
1220 4003 1343 4044 curnam
1355 3999 1439 4057 spar-

205 4092 300 4158 perc?
312 4092 349 4144 Et
360 4094 471 4147 merito
491 4094 564 4146 iude
577 4094 610 4146 in
622 4093 776 4160 irp’urr‘am
797 4093 975 4147 diuinitatis
984 4077 1180 4161 proceditur,
1195 4091 1278 4150 Quid
1293 4090 1380 4143 enim
1401 4087 1441 4142 ibi

209 4190 415 4245 uerecundiae
425 4204 491 4245 esse
498 4195 600 4260 potest
611 4192 665 4246 ubi
674 4195 824 4260 saltatur,
835 4194 1000 4260 strepitur,
1011 4191 1242 4256 carcarcpaturt
1255 4194 1292 4243 Ac
1301 4189 1405 4244 deinde
1415 4190 1442 4240 in

210 4294 312 4342 matres
332 4291 401 4356 illas,
415 4305 486 4358 quae
506 4306 568 4347 cum
581 4294 680 4359 puellis
701 4294 738 4346 ibi
757 4292 881 4359 adorant,
903 4294 1040 4346 invehitur
1060 4308 1066 4343 ι
1085 4291 1117 4343 Si
1129 4292 1237 4343 castae
1248 4291 1444 4358 pudicaeque

209 4389 326 4455 essetis,
348 4393 469 4444 uestras
488 4392 575 4459 filias
588 4392 781 4459 relipioucm,
800 4406 862 4446 uon
883 4394 989 4445 aretem
1009 4390 1211 4444 saltationem
1231 4391 1480 4445 dormitasti(

210 4486 272 4552 ipsi,
286 4489 374 4542 virum
387 4490 434 4542 ltei
448 4489 561 4544 ridiculo
582 4492 724 4556 habentes,
738 4491 870 4545 contiuuo
883 4493 911 4543 in
930 4491 1152 4544 maledicentiam
1170 4496 1371 4558 proruperunt,
1384 4491 1446 4545 diri·

210 4600 277 4640 num
290 4587 521 4656 floccipendentes
531 4589 675 4657 judicium.
689 4589 742 4643 scd
755 4604 818 4643 cum
830 4604 877 4644 eos
889 4602 1032 4656 perversos
1052 4597 1134 4655 atque
1147 4585 1304 4643 destinatos
1316 4604 1379 4645 csse
1392 4604 1448 4658 per·
