3278 5482
358 318 423 387 156
708 332 834 385 carin.
852 333 954 385 cono.
974 332 1148 386 naamon.
1166 334 1247 386 uae.

363 505 425 561 loco
442 503 574 557 orationis
585 517 667 557 eausa
685 515 701 557 a
722 503 849 558 tratribus
871 504 1017 570 separatim
1039 517 1068 557 se
1081 504 1209 570 dedisset,
1223 517 1288 559 cccc
1305 519 1377 559 onus
1396 505 1485 559 astitit
1502 520 1598 574 passer

363 604 575 658 candidissimus
587 608 650 657 ante
664 604 740 657 illum
754 617 835 669 super
855 618 942 657 unum
964 604 1093 672 lapidem,
1106 605 1209 671 spicam
1231 607 1360 660 frumenti
1380 608 1409 660 in
1430 621 1482 661 ore
1496 613 1597 663 tenens

362 711 390 759 et
409 717 485 758 more
509 706 580 758 alitis
600 719 662 759 cum
683 705 825 770 pollicens.
839 708 895 760 ltoc
913 706 1010 759 videns
1032 711 1143 759 sanctus
1162 706 1323 773 Leonorius,
1336 720 1387 773 nro
1408 708 1596 763 admiratione

364 818 393 858 so
416 806 493 872 signo
513 807 627 873 signarit
648 811 758 859 sanctae
775 807 874 873 crucis,
895 805 991 859 dicens
1012 807 1162 859 :Domine
1183 807 1263 860 Deua
1283 806 1489 875 omnipotens,
1508 820 1597 863 crea·

363 905 413 958 ior
429 905 578 974 omnium,
597 906 665 959 dua
680 905 929 973 pereqrietorum,
937 908 1033 973 pater
1052 904 1276 972 metanoeam,
1292 907 1349 972 que·
1364 907 1547 961 dominaris
1565 908 1628 963 ei!

361 1000 518 1068 animnos
543 1004 682 1057 oninium
701 1005 899 1059 saeculorum
919 1004 1104 1071 essentiam,
1126 1004 1217 1070 atejus
1237 1006 1377 1072 potestas
1398 1018 1456 1059 nec
1480 1003 1597 1072 incipit

363 1113 420 1156 nec
439 1102 556 1156 desinit
576 1103 757 1158 insaecula
774 1104 982 1169 saeculorum,
1004 1104 1032 1157 te
1051 1104 1158 1169 adoro,
1178 1105 1207 1156 te
1229 1104 1323 1157 lotide
1343 1107 1372 1158 et
1388 1103 1546 1173 benedico,
1565 1106 1596 1159 et

363 1200 512 1267 deprecor
529 1201 779 1256 misericordiam
800 1205 887 1256 tuam
900 1216 1048 1269 moenam
1065 1205 1100 1255 ut
1110 1214 1174 1257 raon
1192 1202 1235 1256 sit
1247 1200 1327 1256 milei
1346 1201 1402 1257 hoc
1416 1215 1480 1270 pro
1495 1205 1596 1258 tento·

365 1300 447 1355 tione
463 1301 657 1368 daemonum,
670 1303 734 1371 ced,
746 1302 777 1356 ei
787 1302 861 1369 ficri
867 1305 978 1371 puteat,
992 1302 1025 1356 in
1047 1305 1170 1356 tuorum
1190 1302 1401 1356 consolatione
1419 1315 1594 1371 aereorurn,

360 1398 416 1465 qui
428 1411 488 1466 pro
509 1398 556 1452 tui
574 1398 710 1455 nomime
729 1414 837 1456 amore
854 1402 993 1455 otrentum
1012 1401 1129 1455 solatia
1150 1402 1345 1470 reliquerunt
1366 1401 1544 1456 caramerum
1561 1404 1593 1456 et
1611 1406 1634 1459 li

364 1499 398 1552 in
417 1501 506 1553 nullo
526 1501 591 1554 alio
611 1502 762 1570 fiduciam
782 1502 894 1557 hubent
912 1504 979 1556 nisi
994 1503 1027 1556 in
1044 1505 1082 1570 te,
1097 1517 1155 1556 rex
1174 1503 1382 1557 soeculorum.
1401 1504 1434 1555 lit
1455 1516 1522 1555 cum
1542 1504 1598 1557 laoc

364 1596 489 1664 dixisset,
499 1600 555 1652 avis
567 1599 667 1653 volavit
679 1606 705 1655 et
717 1603 808 1656 exivit.
820 1604 851 1655 llt
862 1604 954 1655 statim
967 1603 1026 1656 sine
1038 1602 1094 1656 ulla
1106 1614 1183 1656 mora
1195 1601 1229 1655 ad
1242 1615 1315 1669 eum,
1324 1600 1406 1654 aliam
1417 1602 1446 1654 in
1458 1614 1509 1656 ore
1522 1602 1598 1656 deie-

363 1711 427 1752 rens
445 1699 556 1766 spicam,
570 1702 724 1768 revertitur,
736 1710 764 1756 et
784 1710 847 1756 ante
865 1703 949 1770 pedes
969 1705 1027 1770 ejus
1039 1702 1181 1757 descendit
1201 1708 1228 1756 et
1249 1703 1278 1755 in
1295 1703 1409 1756 circuitu
1424 1702 1499 1755 illius
1516 1703 1598 1771 quasi

364 1798 403 1852 illi
415 1800 591 1868 congaudens
612 1802 771 1869 frequenter
790 1804 919 1870 volitavit,
933 1818 988 1857 non
1011 1804 1089 1871 quasi
1108 1804 1165 1856 avis
1183 1802 1325 1871 indomita,
1338 1803 1386 1857 sed
1407 1804 1479 1857 sicut
1499 1803 1597 1859 dome·

363 1899 439 1953 stica.
453 1902 567 1953 Sanctus
579 1913 643 1955 vero
654 1903 815 1969 iconomus,
829 1904 879 1957 lroc
892 1903 997 1969 videns,
1012 1903 1148 1957 intellexit
1159 1902 1252 1956 divino
1264 1902 1367 1957 auxilio
1380 1903 1405 1956 ci
1418 1906 1447 1956 et
1458 1903 1594 1957 iratribus
1613 1906 1635 1959 l*

363 1998 432 2053 illud
445 2000 568 2054 mirabile
591 2002 692 2054 tactum
713 2003 797 2057 ruisse
817 2008 1015 2071 monstratum
1029 2007 1056 2057 et
1075 2004 1180 2057 vocarit
1199 2016 1285 2057 unum
1299 2002 1334 2056 de
1353 2003 1485 2057 fratribus
1497 2003 1557 2057 sois
1570 2010 1600 2057 et

363 2098 439 2165 dixit,
456 2098 495 2152 illi
518 2115 525 2153 ι
545 2100 626 2169 Vide,
647 2099 761 2170 stater,
780 2104 863 2169 quod
883 2102 964 2156 milti
983 2103 1135 2157 Dominus
1155 2105 1186 2156 et
1205 2102 1354 2171 meister
1372 2104 1481 2156 noster
1503 2104 1600 2157 Jeme

366 2197 506 2253 Christus
526 2199 560 2252 in
572 2200 667 2253 iatum
689 2201 789 2255 locum
801 2202 957 2256 desertum
978 2205 1155 2256 rnonatrore
1170 2202 1321 2270 dierectus
1340 2204 1395 2256 est.
1414 2201 1499 2255 Vade
1516 2202 1597 2256 dili·

361 2301 469 2367 aenter
480 2302 509 2353 et
528 2313 657 2368 sequere
662 2314 825 2370 passerem
844 2303 935 2357 illum
952 2316 1142 2370 quocumque
1154 2302 1237 2356 terit.
1251 2304 1283 2354 nt
1303 2307 1445 2356 revertens
1464 2301 1503 2354 ad
1519 2302 1600 2356 volu·

363 2411 448 2465 crem,
461 2399 529 2454 dixit
540 2401 579 2453 iili
594 2417 601 2455 :
615 2402 654 2455 ln
676 2402 801 2456 contine
811 2402 886 2456 lesu
901 2401 1017 2457 Christi
1028 2402 1177 2469 maeletri
1196 2401 1266 2467 neci,
1280 2400 1488 2469 redemptoris
1500 2403 1601 2469 atque

362 2499 533 2554 salvatorio
553 2501 674 2569 mundi,
686 2501 739 2557 cui
752 2514 856 2556 menes
873 2488 1037 2556 oboediunt
1056 2504 1233 2569 creaturae,
1246 2499 1360 2555 bestiae
1379 2503 1496 2566 terroe,
1510 2502 1600 2556 eolu-

362 2611 430 2657 cree
442 2600 525 2655 coeli
535 2603 564 2654 et
570 2602 674 2669 pisces
687 2603 797 2669 moris,
808 2584 971 2670 praecipio
984 2602 1041 2656 tibi
1057 2604 1092 2656 ot
1106 2604 1188 2656 lento
1200 2602 1308 2657 volate
1320 2600 1488 2656 antecedas
1501 2600 1600 2656 ittam

361 2701 418 2755 Dei
428 2700 588 2769 famulum
604 2717 702 2771 usque
720 2705 763 2758 ud
777 2705 878 2758 locum
890 2705 929 2756 de
939 2717 998 2772 quo
1011 2704 1087 2759 illua
1104 2703 1283 2771 adportaeti
1299 2715 1381 2769 quas
1392 2702 1482 2756 modo
1504 2702 1599 2757 video

361 2801 475 2871 spicas.
488 2805 549 2857 Avis
562 2805 643 2872 igitur
655 2805 710 2863 illa,
725 2807 775 2860 lioc
786 2806 910 2870 audiens,
924 2805 1151 2872 appropinquavit
1162 2808 1225 2856 ante
1244 2802 1327 2869 podes
1349 2802 1435 2855 saneti
1453 2802 1598 2867 leonorii,

362 2902 478 2970 etquasi
499 2904 637 2958 licentiam
658 2905 768 2959 volandi
788 2906 941 2973 inquirens,
964 2905 1118 2958 elevaritse
1138 2905 1166 2956 in
1188 2916 1279 2956 aerem
1299 2907 1326 2955 et
1345 2901 1488 2956 descendit
1508 2916 1597 2970 sopor
1629 2931 1638 2936 -

362 3003 502 3070 scapulam
513 3006 604 3058 fratris
616 3020 709 3059 secum
719 3007 809 3059 euntis
821 3005 855 3059 ad
866 3005 999 3058 dextram.
1011 3006 1077 3058 ltein
1088 3004 1207 3071 porrexit
1218 3003 1285 3068 ales,
1297 3006 1324 3056 et
1336 3002 1419 3055 irater
1428 3009 1544 3056 secutus
1558 3006 1602 3055 est

363 3117 433 3173 eom,
447 3108 531 3158 ileum
545 3105 660 3159 laudans
680 3107 715 3158 ita
729 3105 845 3160 dicendo
859 3122 866 3158 :
880 3106 1010 3174 Perfice,
1033 3104 1169 3171 Domine,
1181 3116 1307 3171 creseus
1326 3114 1409 3156 meos
1422 3101 1457 3154 in
1473 3102 1600 3155 cernitis

364 3204 436 3271 tuis,
449 3206 485 3257 ut
496 3215 559 3257 non
579 3205 762 3258 moveantur
782 3202 912 3270 vestime
929 3216 1008 3271 meo,
1028 3209 1054 3256 et
1076 3204 1197 3256 iterum:
1217 3201 1288 3254 Victa
1300 3202 1382 3266 tuoe,
1395 3199 1536 3266 Domine,
1549 3198 1601 3252 de·

364 3305 506 3356 monstra
526 3301 614 3369 inihi,
637 3305 666 3355 et
685 3302 815 3355 semitas
828 3305 900 3356 tuas
918 3302 991 3357 doce
1007 3315 1065 3355 me.
1084 3302 1146 3354 Avis
1167 3305 1258 3355 autem
1278 3298 1387 3353 volabat
1407 3303 1434 3351 et
1454 3297 1600 3365 reciproco

363 3402 455 3457 volatu
468 3404 567 3456 iterum
579 3407 661 3470 atque
675 3403 772 3455 iterum
786 3401 821 3455 ad
834 3403 945 3455 tratrem
959 3403 1153 3456 revertebatur.
1165 3400 1286 3454 Perrexit
1298 3404 1388 3455 autem
1402 3398 1525 3452 famulus
1538 3396 1598 3467 liei,
1622 3413 1632 3436 «⁴

364 3509 392 3558 et
402 3516 496 3570 passer
514 3502 693 3556 antecedebat
708 3515 781 3566 eum,
800 3515 887 3569 usque
906 3501 940 3555 ad
954 3502 1044 3555 locum
1058 3503 1085 3554 in
1107 3514 1162 3568 quo
1181 3505 1252 3553 meta
1267 3503 1327 3553 erat
1347 3499 1454 3552 cunctis
1474 3498 1599 3552 annonis

364 3603 515 3671 gratissima
533 3602 696 3656 hederarum
714 3603 939 3668 diversarumque
956 3602 1104 3655 herbarum
1116 3601 1187 3654 foliis
1205 3599 1329 3667 undique
1344 3602 1483 3665 cooperta.
1494 3597 1600 3651 videns

362 3708 451 3756 autem
474 3702 544 3756 idem
566 3704 658 3767 irater,
671 3702 769 3769 gaudio
789 3703 897 3770 gavisus
916 3708 957 3755 est
970 3715 1079 3770 magno,
1092 3707 1119 3753 et
1136 3702 1235 3768 gratias
1256 3712 1339 3768 agens
1352 3698 1423 3751 Patri
1436 3701 1465 3751 et
1484 3697 1555 3751 Filio
1570 3700 1601 3750 et

365 3802 476 3868 Spiritui
495 3809 598 3864 sancto,
611 3816 735 3856 reversus
751 3808 791 3855 est
807 3802 840 3856 ad
851 3803 1009 3869 magistrum
1022 3815 1101 3854 suum
1113 3805 1236 3853 sanctum
1250 3798 1413 3853 leonorium
1429 3802 1458 3851 et
1467 3796 1600 3851 indicauit

364 3901 389 3954 ei
413 3901 644 3969 quemadmodum
669 3902 726 3955 avis
746 3900 780 3955 ad
801 3902 880 3955 illum
901 3900 1019 3954 mirabili
1040 3900 1245 3967 dispensatione
1269 3900 1315 3951 llei
1336 3896 1470 3952 conduxit
1491 3896 1594 3951 locum.
1626 3911 1636 3933 ¹«

364 4002 479 4054 Sanctus
493 4008 584 4054 autom
596 4002 758 4067 Leonorios,
772 4000 887 4054 laudans
899 4005 925 4054 et
936 4000 1106 4055 benedicens
1118 3999 1263 4053 {lominum
1275 4001 1369 4050 lesum
1382 3996 1533 4063 Christum,
1546 3994 1595 4063 qui

364 4100 418 4154 tale
431 4102 459 4154 in
471 4101 581 4154 deserto
599 4101 655 4153 suis
677 4099 786 4154 ramulis
798 4101 970 4168 praeliaravit
990 4101 1130 4166 auxilium,
1144 4100 1218 4154 venit
1229 4099 1264 4151 ad
1286 4098 1383 4150 iratres
1403 4108 1470 4149 suos
1482 4101 1510 4149 et
1530 4095 1599 4149 dixit

366 4203 426 4256 eis:
443 4202 583 4256 Gaudete
593 4203 623 4254 et
634 4202 783 4269 exultate,
796 4201 958 4255 carissimi
977 4200 1107 4268 fratrea,
1123 4200 1199 4268 quie
1216 4200 1251 4252 irc
1263 4198 1346 4253 eoois
1370 4196 1538 4263 impletum
1550 4197 1595 4250 eet

366 4302 447 4370 quod
459 4301 609 4356 Dominus
622 4300 656 4352 in
667 4301 826 4368 eeonqelie
838 4300 906 4353 suis
918 4299 1141 4367 aitdiseipulia
1155 4316 1162 4350 ι
1176 4298 1242 4353 Alii
1254 4296 1488 4370 laboraverunt,
1501 4296 1534 4349 et
1545 4306 1597 4349 oot

367 4402 401 4455 in
413 4400 532 4456 taceres
546 4413 653 4453 εονιιοη
666 4401 832 4455 introistis.
846 4404 922 4454 Tunc
934 4415 990 4454 una
1000 4415 1065 4454 voce
1078 4401 1258 4453 laudaverunt
1270 4401 1354 4451 ileum
1366 4399 1599 4463 omnipotentem,

365 4503 402 4554 ita
415 4501 536 4554 dicentes
550 4521 555 4550 :
575 4500 612 4553 Te
624 4502 720 4553 Deum
734 4501 911 4567 laudamus,
926 4503 955 4553 te
972 4500 1137 4555 Dominum
1155 4499 1348 4567 confitemur,
1362 4508 1450 4563 usque
1463 4495 1494 4548 in
1505 4494 1602 4549 tinem.

368 4604 430 4655 Post
443 4602 493 4655 hoc
506 4614 571 4656 vcro
582 4600 686 4654 vocavit
695 4606 805 4655 sanctus
815 4601 967 4655 Leonorius
979 4603 1084 4654 secreto
1095 4597 1129 4652 etl
1143 4612 1172 4653 se
1183 4599 1280 4652 iratres
1293 4608 1358 4650 suos
1367 4600 1395 4649 et
1405 4595 1474 4648 dixit
1487 4594 1524 4649 ad
1536 4608 1604 4651 cos:
