3316 5482
210 363 277 429 570
555 377 679 427 31113.
699 376 800 427 eobo.
820 375 994 427 3331333.
1014 375 1095 426 mr.

210 545 338 612 ponebat.
352 545 405 597 sed
418 544 482 612 quia
495 556 546 597 333
558 545 615 611 ipse
628 558 679 597 nee
691 544 780 598 clerus
792 544 915 611 ejusdem
928 544 1059 597 ecelesiae
1072 543 1138 596 inde
1151 544 1295 598 licentiam
1308 545 1436 599 habebant

210 656 226 696 a
239 656 346 695 summo
360 642 496 710 pontifice,
511 643 570 696 sine
582 645 660 709 eujus
672 643 781 696 lieentia
794 642 933 709 praedicta
946 643 1085 696 translatio
1099 642 1159 696 fleri
1174 656 1233 697 non
1246 648 1364 710 poterat,
1377 644 1435 696 erti-

209 741 240 795 tit
252 746 457 808 protractatum,
470 741 580 810 quo[a]d
592 756 716 796 summus
725 743 845 810 pontifex
856 747 998 810 rogaretur
1007 748 1037 796 ut
1045 742 1146 795 dietam
1157 744 1371 798 translationem
1383 742 1433 796 fieri

210 841 362 895 eon'eedere
373 841 541 910 dignaretur.
555 845 587 895 ut
598 856 661 896 eum
673 843 745 896 idem
765 856 811 896 ren
826 844 903 910 juxta
916 848 1040 896 sanctum
1054 843 1225 908 propositum
1238 855 1323 896 suum
1335 855 1432 896 summo

212 939 334 1008 pontiflci
346 942 501 1008 supplicare
513 949 686 1010 proponeret,
705 941 779 1009 quod
800 943 851 996 hoe
872 942 929 995 lieri
952 943 1128 1009 permitteret,
1151 943 1220 995 satis
1231 942 1354 996 breviter
1370 943 1457 995 313131

212 1041 360 1094 universae
372 1042 463 1095 earnis
475 1044 615 1110 ingressus
628 1049 678 1096 331.

245 1141 277 1191 4.
291 1141 425 1193 successit
438 1147 527 1194 autem
549 1143 573 1195 31
594 1141 629 1196 ad
650 1143 851 1209 praedictorum
874 1154 1021 1211 regnorum
1042 1143 1164 1211 regimen
1187 1141 1236 1194 ille
1248 1141 1434 1195 serenissimos

212 1237 341 1306 princeps
354 1241 467 1296 lfarolus
479 1242 617 1308 princeps,
630 1255 723 1295 comes
736 1241 882 1308 Mareotae,
896 1242 979 1294 frater
995 1243 1064 1307 ejus.
1084 1242 1134 1306 Qui
1146 1241 1246 1294 divino
1261 1241 1435 1308 motusspira·

213 1339 296 1401 mine,
309 1339 482 1394 devotionem
495 1354 576 1408 quam
589 1347 666 1407 pater
686 1347 713 1394 31
730 1341 827 1395 1131133
846 1342 898 1407 331,
921 1342 955 1395 de
969 1342 1070 1408 quibus
1081 1342 1185 1395 mentio
1199 1341 1395 1406 praeliabetur,
1405 1339 1435 1392 ad

213 1438 290 1491 illum
306 1439 532 1507 gloriosissimum
549 1441 733 1495 confessorem
752 1442 921 1508 temporibus
939 1442 997 1495 suis
1016 1441 1180 1507 habuerant,
1201 1453 1235 1494 ae
1259 1440 1435 1505 devotionem,
1450 1441 1471 1492 ll

214 1549 296 1603 quam
306 1539 363 1603 ipse
376 1539 465 1594 adhue
477 1541 505 1593 in
518 1553 601 1594 earne
610 1541 773 1594 constitutus
783 1541 911 1606 babebat,
921 1541 1007 1595 voluit
1017 1541 1100 1594 verbo
1110 1544 1137 1593 et
1146 1553 1231 1607 opere
1244 1541 1435 1594 demonstrare

214 1639 361 1692 Namanno
371 1641 450 1694 tertio
460 1641 716 1695 ooronationissuae
726 1641 898 1695 etadventus
908 1642 951 1695 sui
959 1641 993 1694 ad
1003 1654 1151 1708 regnorum
1159 1641 1286 1709 regimen
1296 1639 1437 1707 praedicto

215 1751 277 1790 1313
289 1738 450 1806 significavit
461 1740 536 1794 31313
557 1740 681 1807 ejusdem
702 1741 843 1807 ecelesiae,
866 1741 940 1808 quod
961 1742 1025 1795 11133
1036 1739 1168 1794 accedere
1183 1739 1437 1807 proponebatetde

215 1850 352 1891 consensu
373 1839 446 1895 iilius
465 1840 614 1894 transferre
634 1846 714 1909 caput
734 1842 921 1911 gloriosissimi
941 1842 1116 1896 confessoris.
1138 1844 1197 1906 Quo
1223 1842 1332 1908 audito,
1354 1842 1435 1895 eleros

217 1938 304 1991 1113133
316 1939 457 2006 ecelesiae,
471 1940 564 1994 habito
577 1941 689 1995 insimul
705 1946 823 1996 tractatu
835 1948 862 1996 31
878 1942 993 1996 33331113
1010 1942 1144 2010 diligenti,
1157 1941 1231 1996 dieto
1245 1941 1305 2011 regi
1317 1941 1436 1995 illustris·
1451 1940 1474 1992 lt

217 2037 286 2090 simo
306 2039 441 2091 nuntiavit
461 2039 534 2107 quod
555 2041 589 2093 ad
611 2041 662 2094 1133
681 2041 780 2095 1331313
799 2042 912 2096 minime
932 2041 1109 2107 consentiret,
1133 2053 1186 2094 nee
1208 2040 1328 2094 auderet
1347 2041 1440 2107 absque

217 2137 315 2190 summi
331 2137 748 2208 3331111313113331133311113311,
762 2142 808 2207 qui
827 2141 951 2208 ejusdem
965 2141 1096 2194 eeclesiae
1108 2139 1238 2207 proprius
1248 2140 1438 2207 estpraelalus.

216 2237 711 2294 13331331113311133113333331133
732 2239 879 2293 sollemnes
891 2239 925 2294 ad
947 2253 1084 2293 summurn
1107 2237 1268 2305 pontificem
1290 2237 1439 2299 destinarit,

193 2403 196 2408 .
217 2347 316 2402 rogans
336 2341 447 2389 333131
467 2337 552 2404 ipsius
573 2339 772 2393 interveniente
791 2351 928 2393 consensu
949 2340 1006 2407 regi
1027 2339 1116 2391 faeere
1136 2338 1313 2405 permitteret
1324 2337 1397 2405 quod
1414 2349 1441 2389 ex

214 2432 361 2489 devotione
373 2438 480 2491 sincera
493 2440 582 2493 faeere
594 2440 774 2507 proponebat.
1453 2434 1478 2486 Ἃ

252 2535 346 2599 13331
370 2549 432 2589 eum
456 2539 527 2605 regis
545 2539 726 2592 intentionem
748 2552 855 2592 summo
874 2537 994 2605 pontiflci
1013 2537 1189 2603 delegissent,
1211 2537 1398 2590 obtinuerunt
1413 2533 1443 2587 ab

219 2634 314 2688 eodem
327 2637 399 2703 quod
413 2651 460 2690 rer
481 2632 687 2692 translationem
709 2640 877 2693 sollemniter
898 2640 998 2691 1333131
1018 2637 1161 2701 celebrari,
1175 2636 1244 2689 dum
1264 2643 1360 2690 tamen
1373 2637 1446 2701 eaput

218 2735 418 2789 sanctissimum
438 2738 592 2791 1333313313
605 2741 712 2806 propria
725 2738 867 2792 resideret.
881 2737 1075 2803 ordinavitque
1087 2749 1211 2789 summus
1226 2736 1366 2802 pontifex,
1379 2732 1446 2802 quod

219 2843 300 2903 caput
312 2839 512 2891 sanctissimum
527 2839 693 2904 praedictum
717 2840 759 2892 bis
783 2838 812 2890 in
833 2850 906 2892 anno
930 2838 1030 2905 populo
1051 2837 1079 2889 in
1097 2835 1212 2889 ecelesia
1226 2841 1446 2889 monstraretur:

219 2937 346 2991 videlieet
359 2940 445 3004 prima
459 2938 503 2990 dio
515 2939 678 3005 decembris,
692 2939 803 3005 quadie
822 2939 891 2991 dieta
906 2938 1046 2991 translatio
1060 2936 1148 3001 primo
1161 2930 1250 2987 extitit
1263 2934 1412 2995 eelebrata,
1423 2939 1447 2985 et
1460 2931 1481 2982 ἢ

219 3041 336 3106 quadam
349 3040 400 3091 3113
414 3039 458 3091 1113
470 3038 595 3091 sollemni
610 3054 657 3104 per
670 3039 817 3104 capitulum
832 3038 954 3105 ejusdem
964 3037 1095 3090 ecelesiae
1104 3034 1282 3087 declaranda.
1294 3037 1374 3086 Tune
1383 3032 1448 3085 ordi·

221 3143 314 3191 natum
335 3138 386 3191 fuit
407 3139 434 3190 in
457 3137 552 3190 eadem
574 3139 699 3199 ecclesia,
723 3138 796 3203 quod
817 3143 898 3203 eaput
919 3137 1122 3189 sanctissimum
1136 3135 1164 3186 in
1179 3133 1250 3185 festo
1263 3131 1448 3184 translationis

219 3238 341 3304 ejusdem
362 3239 484 3304 eorporis
505 3239 653 3292 beatissimi
674 3239 779 3289 llartini
802 3238 926 3290 similiter
948 3237 975 3287 in
997 3235 1111 3288 ecelesia
1134 3238 1359 3295 monstraretur;
1377 3229 1446 3298 quod

220 3337 317 3388 festum
330 3342 426 3403 quarto
437 3338 482 3390 die
494 3338 621 3389 intrantis
635 3338 736 3389 mensis
753 3336 813 3402 julii
837 3335 1001 3387 celebratur.
1016 3335 1190 3385 llevertentes
1202 3336 1296 3382 autern
1310 3329 1346 3382 ad
1360 3343 1447 3398 regem

220 3437 319 3501 nuntii,
334 3436 483 3488 attulerunt
495 3437 520 3488 ei
542 3437 645 3488 litteras
666 3436 827 3501 apostolicas
846 3435 879 3486 de
893 3446 1007 3486 assensu
1027 3429 1160 3497 pontilicis
1173 3443 1257 3494 super
1271 3429 1448 3481 translatione
1462 3428 1480 3477 il

220 3536 384 3588 sanctissimi
397 3536 492 3601 eapitis
514 3536 688 3588 celebranda.
709 3537 739 3586 Et
757 3548 789 3586 ex
807 3534 945 3586 uberioris
957 3534 1030 3586 dono
1042 3532 1143 3598 gratiae
1157 3529 1228 3581 idem
1243 3543 1372 3582 summus
1383 3541 1447 3594 pon·

220 3638 283 3690 tifex
296 3638 424 3689 omnibus
435 3651 498 3690 vere
512 3638 715 3702 paenitentibus
728 3642 755 3689 31
767 3637 907 3701 confessis,
922 3636 968 3701 qui
982 3634 1070 3686 dictae
1083 3632 1254 3685 translationi
1271 3632 1317 3684 illa
1331 3631 1379 3684 die
1390 3644 1447 3697 per·

219 3737 349 3790 sonaliter
370 3738 541 3802 interessent,
565 3744 591 3789 et
610 3739 657 3804 qui
681 3750 755 3789 anno
777 3736 899 3802 quolibet
907 3734 1004 3787 eadem
1017 3733 1061 3785 die
1074 3733 1216 3786 ecelesiam
1229 3746 1293 3784 3331
1304 3731 1447 3785 devotione

220 3837 356 3902 praedicta
369 3837 517 3900 visitarent,
534 3844 588 3888 tres
600 3849 688 3889 annos
701 3842 727 3888 et
741 3842 795 3888 tres
807 3835 1014 3902 quadragenam
1028 3833 1082 3886 11113
1097 3845 1161 3885 sero
1174 3833 1221 3897 oui
1234 3845 1311 3885 anno
1323 3831 1446 3897 quolibet

220 3938 247 3989 13
261 3937 328 3989 13313
342 3937 527 3989 translationis
540 3939 662 4002 corporis
676 3938 799 4003 eiusdem
812 3936 912 3987 dictam
926 3936 1068 3988 ecelesiam
1080 3933 1238 3998 visitabunt,
1248 3945 1337 3984 unum
1348 3943 1446 3984 annum
1460 3929 1479 3979 1·

219 4043 245 4089 31
258 4036 437 4103 quadraginta
449 4037 509 4090 11133
521 4037 555 4088 de
568 4037 699 4103 injunctis
711 4036 762 4088 sibi
776 4035 953 4101 poenitentiis
966 4032 1180 4085 misericorditer
1193 4031 1336 4084 1313113111.

253 4135 394 4188 3113131
410 4137 491 4202 igitur
514 4149 628 4187 assensu
651 4136 750 4187 summi
773 4133 907 4200 pontilicis
928 4133 963 4184 de
985 4128 1342 4184 translationesanetissimi
1356 4126 1445 4194 eapitis

220 4233 394 4301 celebranda,
408 4235 600 4286 serenissimus
620 4234 742 4298 llarolus,
762 4247 807 4284 rex
828 4235 1004 4297 Francorum,
1023 4244 1070 4281 vas
1082 4228 1222 4296 quoddam
1236 4230 1402 4281 ditissimum
1414 4238 1446 4278 ex

220 4346 287 4386 auro
300 4339 327 4386 31
339 4337 451 4401 argento
466 4333 493 4384 13
508 4333 624 4384 maxima
638 4333 788 4397 quantitate
801 4332 865 4383 fecit
876 4345 924 4396 per
934 4330 1088 4382 aurifabros
1100 4326 1221 4380 Parisios
1232 4327 1359 4381 fabricari
1373 4328 1446 4378 miro

220 4446 273 4499 que
286 4445 368 4497 opere
380 4431 504 4483 decorari
527 4437 563 4495 et,
576 4438 607 4483 ut
619 4445 713 4484 verum
733 4431 826 4495 fatcor,
846 4437 884 4482 tot
900 4436 925 4481 et
942 4431 1023 4481 tantis
1045 4441 1076 4480 ac
1094 4429 1175 4480 etiam
1190 4433 1244 4478 tam
1258 4423 1478 4479 excellentiss-lt

220 4529 616 4597 131311331331111133311313311
630 4530 702 4597 quod
717 4531 761 4581 1111
775 4531 802 4581 13
818 4529 912 4582 mundi
930 4528 1031 4580 circulo
1046 4533 1137 4593 posset
1149 4526 1200 4578 sibi
1215 4526 1361 4578 consimile
1375 4535 1444 4589 repe

221 4631 277 4682 riri.
292 4630 367 4694 Quod
380 4645 441 4683 33111
455 4643 504 4696 per
513 4630 631 4683 artifices
646 4631 767 4696 ejusdem
781 4629 897 4681 Turonis
915 4627 948 4680 ad
968 4625 1112 4679 ecclesiam
1125 4626 1302 4691 destinasset,
1317 4624 1444 4679 festinarit
