3316 5482
465 399 560 450 amu.
579 399 665 452 aar.
685 399 803 450 rurus.
822 418 868 430 -
884 398 1038 449 arrnnu.
1059 399 1106 447 au
1124 398 1203 450 aon.
1223 397 1303 450 sess.
1422 385 1485 450 371

252 564 319 618 reici
331 565 389 620 ulio
402 565 484 620 modo
496 569 636 634 potuisset.
650 567 752 621 similis
773 567 823 620 fuit
845 566 912 619 baec
932 566 999 619 ultio
1020 565 1175 619 multationi
1198 567 1308 634 superbi
1332 568 1405 621 iliius
1423 571 1488 622 Tar-

252 667 352 733 quinii,
365 667 413 735 qui
427 674 552 721 sanctum
565 681 663 736 papam
679 668 838 722 silvestrum
852 667 880 720 in
904 679 1014 720 carcere
1035 667 1156 721 vinctum
1178 668 1298 735 tenebat,
1317 670 1365 736 qui
1377 670 1411 722 ad
1423 683 1489 737 epu·

255 765 370 820 landum
390 773 513 833 vocatus,
534 780 596 821 osse
616 768 698 834 piscis
717 768 803 834 ipsius
817 771 925 834 gutture
949 766 1096 831 perforato,
1120 780 1169 820 sua
1193 765 1280 834 ipsius
1303 781 1388 822 manu
1409 770 1490 834 periit

254 865 449 934 strangulatus.
462 866 515 920 Sed
528 868 578 920 ista
591 867 753 934 mirabilior,
767 867 813 919 illa
827 866 878 919 fuit
898 865 1091 920 miserabilior.
1105 869 1172 919 Nam
1193 867 1243 921 ista
1261 868 1321 921 sine
1342 881 1413 933 osse,
1427 868 1487 921 sine

217 966 237 1018 5
254 966 348 1032 arista,
361 966 423 1020 sine
434 967 508 1019 omni
522 966 624 1019 duritia
636 967 818 1034 Regnaricum
831 964 993 1019 mollissimo
1007 966 1099 1019 edulio
1112 967 1146 1019 ad
1159 971 1267 1033 tempus
1278 968 1425 1032 cruciavit3
1441 967 1488 1020 iila

256 1066 434 1132 Tarquinium
447 1066 563 1119 naturali
576 1066 645 1120 ossis
657 1066 806 1132 punctione
819 1069 946 1118 vexatum
959 1064 993 1117 ad
1007 1070 1123 1117 mortem
1136 1079 1224 1132 usque
1242 1067 1374 1131 pertraxit
1385 1068 1405 1120 ⁶.
1419 1069 1487 1121 Tor·
1504 1075 1650 1144 *perduxit

256 1169 317 1218 tura
328 1165 411 1233 igitur
421 1178 471 1220 sua
480 1166 646 1233 Regnaricus
659 1165 693 1218 ad
705 1178 734 1218 se
755 1177 891 1229 reversus,
914 1164 1039 1230 cognovit
1060 1163 1127 1230 quid
1148 1165 1247 1232 egisset
1268 1170 1295 1218 et
1311 1167 1486 1232 quantumin

254 1263 407 1318 offensione
418 1265 505 1318 sancti
518 1269 641 1318 sanctum
654 1271 812 1317 sanctorum
825 1261 996 1317 offendisset.
1011 1263 1132 1316 Tandem
1157 1264 1243 1318 multo
1264 1270 1375 1330 conatu,
1390 1265 1486 1319 balbu-

254 1363 327 1417 tiens
339 1363 424 1432 magis
435 1377 517 1431 quam
530 1364 648 1430 loquens
660 1368 688 1416 et
699 1362 772 1429 quod
787 1375 833 1415 ore
847 1375 903 1415 non
925 1366 1029 1428 poterat
1051 1374 1135 1414 manu
1164 1363 1294 1428 innuens,
1312 1364 1361 1416 uni
1381 1377 1413 1417 ex
1430 1365 1487 1417 suis

200 1462 236 1515 lb
254 1458 374 1529 injunxit
384 1467 416 1514 ut
427 1462 574 1529 pretiosum
588 1475 690 1528 equum
704 1475 783 1514 suum
796 1461 855 1514 viro
868 1461 913 1513 bei
928 1459 1083 1539 Pardulpbo
1096 1474 1161 1527 prae
1179 1463 1405 1529 compensatione
1414 1463 1488 1516 femi·

253 1573 351 1628 gamm
362 1560 417 1614 cito
429 1560 587 1625 deduceret,
600 1566 626 1613 et
638 1559 755 1626 pedibus
767 1560 853 1627 ipsius
865 1559 923 1613 vice
935 1572 984 1612 sua
997 1560 1168 1625 provolutus,
1190 1574 1254 1613 eum
1282 1561 1316 1614 ad
1337 1562 1487 1615 misericor·

255 1659 330 1712 diam
342 1672 489 1726 provocare
501 1660 633 1714 studeret.
646 1662 704 1724 Quo
717 1658 798 1725 facto,
811 1659 853 1712 vir
863 1658 919 1723 bei,
933 1662 964 1711 ut
975 1664 1033 1711 erat
1051 1658 1212 1712 mitissimus
1226 1665 1253 1712 et
1264 1660 1298 1713 ad
1310 1660 1489 1714 remittendas

256 1758 343 1825 magis
354 1770 437 1826 quam
449 1759 606 1812 retinendas
618 1759 732 1825 injurias
744 1756 973 1825 promptissimus,
982 1758 1131 1810 oratorium
1142 1757 1262 1824 intrarit,
1275 1759 1489 1825 omnipotentem

257 1859 344 1910 Deum
355 1870 404 1924 pro
413 1870 446 1912 eo
455 1857 627 1911 devotissime
636 1856 765 1922 exoravit,
775 1856 867 1910 oleum
877 1869 932 1923 quo
943 1862 1141 1923 perungeretur
1153 1863 1180 1910 et
1190 1869 1290 1924 aquam
1302 1859 1420 1924 quaeori
1430 1859 1490 1925 ejus

200 1957 235 2009 lb
254 1955 449 2011 infunderetur
459 1955 619 2023 benedixit;
632 1970 733 2024 equum
748 1956 901 2019 remittens,
916 1960 945 2007 ut
957 1954 1088 2022 deinceps
1100 1969 1115 2008 a
1128 1956 1228 2009 talibus
1251 1957 1404 2011 abstineret
1422 1956 1488 2010 cari·

254 2056 337 2110 tative
351 2057 499 2111 mandavit.
512 2059 573 2111 llox
584 2056 619 2110 ad
632 2057 686 2111 olei
699 2056 860 2109 unctionem
873 2061 900 2108 et
912 2066 1000 2121 aquae
1013 2054 1199 2118 perfusionem
1217 2057 1345 2123 pestifera
1365 2057 1488 2111 buccella

187 2140 191 2146 ’
254 2168 319 2208 cum
331 2155 435 2225 ingenti
448 2158 564 2223 strepitu
576 2157 686 2224 rejecta,
701 2155 780 2208 miles
793 2161 834 2208 est
845 2155 996 2218 liberatus;
1010 2157 1038 2205 et
1049 2152 1083 2206 ad
1097 2161 1224 2209 sanctum
1236 2170 1298 2210 curn
1314 2170 1412 2224 magna
1425 2170 1484 2224 gra·

254 2256 357 2310 tiarum
367 2257 475 2311 actione
487 2256 633 2322 accedens,
647 2257 675 2308 in
688 2256 825 2322 reliquum
837 2259 879 2309 est
890 2255 915 2307 ei
925 2250 1127 2308 studiosissime
1139 2256 1295 2309 inmutatus.

289 2356 321 2410 ¹7.
340 2358 386 2409 De
397 2357 511 2410 dando
527 2360 642 2410 erecto
657 2385 686 2394 -
700 2355 854 2409 lfarcelium
876 2355 1014 2422 quendam
1026 2357 1061 2410 de
1082 2360 1159 2409 utero
1182 2354 1277 2408 matris
1299 2356 1485 2423 egredientem

194 2456 234 2509 20
253 2453 317 2507 talis
330 2455 471 2524 aegritudo
483 2455 611 2510 comitata
623 2460 664 2509 est
675 2461 706 2508 ut
715 2454 798 2522 pedes
810 2456 869 2523 ejus
882 2457 994 2510 renibus
1007 2457 1195 2519 cohaererent,
1208 2458 1235 2508 et
1247 2454 1336 2509 officio
1349 2469 1399 2509 suo
1411 2456 1486 2521 peni·

256 2559 301 2606 tus
313 2553 434 2609 destituti
447 2555 475 2607 in
493 2555 554 2608 loco
566 2568 623 2608 non
644 2567 693 2608 suo
706 2555 818 2608 inutiles
839 2553 1003 2620 penderent.
1016 2556 1066 2619 Qui
1085 2554 1119 2607 de
1137 2553 1197 2608 loco
1219 2554 1253 2606 ad
1265 2555 1355 2608 focum
1368 2555 1485 2607 transire

254 2666 314 2707 non
326 2658 433 2720 poterat
445 2654 498 2707 nisi
511 2661 557 2707 aut
568 2655 639 2708 alius
660 2668 724 2707 eum
737 2658 858 2720 portaret
871 2658 917 2707 aut
929 2655 988 2720 ipse
1002 2667 1063 2707 cum
1082 2653 1179 2721 ligneis
1192 2653 1348 2706 scamnellis
1360 2655 1487 2707 manibus

255 2757 285 2806 et
303 2753 420 2822 genibus
442 2757 569 2820 reptaret.
592 2755 640 2807 llic
660 2753 777 2807 audiens
795 2753 867 2806 beati
889 2753 1035 2819 Pardutpbi
1060 2752 1272 2818 praedicabilem
1289 2753 1400 2818 famam,
1425 2767 1487 2806 cum

255 2864 354 2919 magna
366 2851 524 2905 difficultate
536 2865 566 2905 se
586 2853 611 2905 ei
624 2852 814 2918 praesentavit,
827 2857 855 2904 et
874 2856 905 2904 ut
916 2853 958 2906 sui
971 2852 1099 2905 misertus
1116 2852 1151 2905 ab
1164 2853 1350 2918 omnipotente
1363 2854 1417 2906 beo
1428 2866 1487 2920 gra·

192 2955 235 3008 vl
253 2951 347 3005 diendi
360 2953 412 3006 sibi
432 2951 589 3006 facultatem
609 2952 766 3018 impetraret
778 2951 895 3005 fideliter
916 2951 1069 3018 postulavit.
1084 2953 1128 3002 vir
1148 2957 1240 3005 autem
1253 2953 1309 3016 bei,
1324 2953 1441 3018 quinon
1455 2951 1484 3003 in

257 3052 364 3119 magnis
376 3064 466 3118 neque
479 3051 509 3103 in
522 3051 693 3103 mirabilibus
714 3063 839 3116 superse
856 3050 1024 3116 ambulabat,
1043 3051 1090 3117 qui
1111 3063 1173 3103 cum
1195 3055 1288 3103 sancto
1309 3051 1441 3116 propbeta
1460 3055 1488 3103 et

256 3163 321 3217 rege
333 3150 414 3203 David
427 3148 568 3202 humiliter
585 3149 718 3213 sentiens,
737 3148 856 3200 animam
869 3162 945 3201 suam
962 3162 1018 3202 non
1030 3149 1174 3212 exaltabat,
1188 3149 1278 3214 coepit
1294 3149 1434 3202 bominem
1454 3149 1488 3201 ab

255 3248 412 3314 hujusmodi
424 3246 555 3313 petitione
563 3261 749 3314 compescere,
761 3260 864 3314 negans
874 3261 903 3300 se
915 3260 930 3300 a
943 3260 998 3314 quo
1011 3247 1073 3299 talia
1087 3248 1156 3313 peti·
1171 3247 1328 3300 debuissent
1342 3248 1486 3314 indignum
1528 3256 1604 3324 *pari
1617 3259 1643 3310 2,

254 3349 382 3401 existere.
395 3349 470 3414 Ista,
485 3349 583 3415 inquit,
596 3360 613 3402 o
625 3347 790 3401 carissime
801 3346 861 3415 fili,
874 3350 1055 3401 saltatorum
1067 3351 1144 3400 suat
1155 3360 1250 3414 opera
1267 3348 1419 3415 virorum,
1433 3345 1489 3414 qai

197 3450 237 3503 3⁰
255 3461 277 3502 a
289 3449 349 3502 Deo
361 3446 581 3502 baecobttrtere
587 3448 791 3514 praevaleat·
803 3459 931 3500 sacram
941 3448 1127 3500 earcetterttz'a
1136 3450 1329 3501 meritorum.
1342 3448 1398 3500 His
1410 3447 1487 3500 divi·
1522 3456 1569 3522 ¹(a
1583 3458 1611 3508 n.
1628 3455 1656 3508 h,

256 3547 310 3601 tiis
318 3547 468 3615 princeps
486 3548 698 3615 apostoloram
710 3547 824 3600 Petras
835 3546 1024 3614 abundabat,
1037 3537 1164 3614 quarceto
1175 3549 1218 3601 act
1232 3549 1404 3615 speciosam
1410 3561 1485 3615 por-
1507 3524 1585 3654 3913)
1597 3521 1654 3641 2¹⁰2

255 3649 322 3699 tam
334 3645 442 3712 templi
453 3646 566 3700 clauda
586 3647 796 3710 elemosynam
812 3644 933 3711 petenti
949 3643 1089 3698 dicebat:
1103 3663 1119 3694 a
1131 3647 1303 3714 Argentum
1320 3649 1352 3699 et
1367 3659 1486 3699 aarum
1577 3626 1583 3641 ⁸
1617 3626 1623 3639 ⁸

254 3757 318 3798 aaa
340 3747 389 3798 est
407 3743 505 3812 milri,·
517 3744 598 3812 qaod
614 3746 719 3798 autem
737 3743 840 3808 babeo,
863 3743 918 3797 boc
939 3743 978 3797 do
996 3742 1060 3796 tibi.
1080 3744 1119 3796 Ia
1138 3745 1263 3799 momine
1279 3746 1355 3799 Jesa
1375 3745 1491 3800 Christi
1551 3756 1554 3762 ·

255 3843 420 3898 Nazarem'
435 3858 529 3912 sarge
539 3847 569 3898 et
588 3843 725 3897 ambula.
740 3863 755 3890 »ι
776 3844 824 3896 Me
835 3846 950 3909 autem,
972 3843 1127 3897 homiaem
1142 3847 1174 3897 et
1188 3857 1316 3913 corpore
1334 3848 1364 3899 et
1383 3846 1489 3900 animo

200 3945 238 3998 35
255 3942 443 4011 invalidam,
456 3956 552 4010 saper
565 3943 625 3996 tali
636 3943 758 4009 negotio
770 3955 828 3996 car
845 3942 1012 4008 inquietas,
1026 3955 1098 3996 cam
1111 3944 1156 3996 tot
1174 3946 1299 3998 sanctos
1306 3944 1490 4011 probatissi-

253 4055 320 4096 mos
331 4043 493 4111 cipporum
505 4046 684 4110 operatores
695 4043 812 4110 quietos
824 4041 966 4095 dimittas
977 4042 989 4095 i
1001 4045 1034 4093 nt
1050 4042 1098 4094 iiie
1111 4044 1196 4110 magis
1214 4057 1245 4096 ac
1259 4045 1343 4111 magis
1360 4044 1489 4109 precibus

254 4142 383 4207 instabat,
397 4149 424 4196 et
436 4157 464 4196 se
477 4143 511 4195 ab
524 4156 556 4197 eo
568 4149 632 4196 ante
645 4142 760 4196 remedii
780 4141 967 4206 acceptionem
986 4141 1099 4194 minime
1118 4155 1289 4196 recessurum
1308 4144 1488 4209 iureiurando

253 4239 414 4294 affirmabat.
431 4241 521 4306 Quia,
534 4241 633 4308 inquit,
648 4244 713 4294 tam
734 4239 947 4308 importunam
959 4243 989 4293 te
1000 4240 1125 4295 exhibes
1138 4245 1169 4296 et
1179 4257 1199 4296 a
1220 4256 1269 4296 me
1276 4245 1359 4311 petis
1372 4245 1454 4310 qaod
1465 4258 1486 4298 a

253 4339 488 4407 sanctispetere
499 4339 634 4405 dederes,
652 4340 732 4393 vade
743 4341 786 4392 act
799 4338 915 4405 fantem
936 4339 991 4405 qui
1009 4340 1127 4393 dicitur
1145 4341 1326 4409 Pardulplti
1346 4345 1378 4396 et
1397 4357 1437 4396 ecc
1452 4356 1486 4396 eo

199 4441 235 4494 ta
254 4441 471 4507 totamcorpas
483 4438 589 4506 adim,-
599 4440 654 4492 sed
662 4441 692 4491 et
701 4450 801 4505 aparte
809 4436 986 4490 benedictae
994 4438 1200 4506 salutiferam
1204 4440 1423 4508 perfusionem
1432 4443 1485 4494 ad·

253 4537 341 4606 brbe3
353 4537 466 4592 daiam
478 4538 512 4590 ia
523 4538 664 4593 oratorio
674 4537 756 4591 beati
767 4536 889 4589 Siloam
897 4537 1163 4603 martyris‚jrmrta
1175 4537 1410 4608 soatempostto,
1424 4552 1488 4593 aaa

250 4637 539 4706 negligasoipilare
547 4640 579 4693 et
587 4639 707 4704 perarata
712 4636 833 4704 poteris
844 4635 1003 4690 devotione
1012 4637 1117 4692 soracti
1126 4640 1279 4704 martyris
1289 4640 1488 4694 clausentiam
