3316 5482
235 334 302 401 236
579 352 703 404 carm.
722 353 825 405 cono.
846 353 1021 407 alarona.
1039 355 1125 427 aar,

238 534 298 576 cam
317 521 424 590 imperii
448 525 599 580 centesimo
618 525 820 594 septuagesimo
843 530 938 582 octavo
953 540 1027 582 anno
1047 525 1155 582 bomini
1175 527 1263 582 nostri
1284 530 1347 582 lesu
1365 524 1437 582 dliii

236 623 473 692 incarnationis,a
494 625 621 692 passione
642 632 734 679 autem
755 627 905 681 centesimo
923 627 1134 696 quadragesimo
1155 627 1273 694 septimo
1294 628 1440 697 nundinio

235 723 304 777 uino
316 726 384 779 vero
395 729 577 792 cognomento
598 727 749 780 homanum
761 716 872 781 tenente
884 728 1040 795 imperium,
1054 741 1118 781 cum
1129 727 1212 782 Lucio
1224 728 1337 783 Aurelio
1347 732 1374 782 et
1382 729 1436 782 don

237 821 320 876 modo
340 822 471 876 affinitate
491 825 646 891 conjunctis
665 838 754 892 aequo
773 827 836 893 jure
859 827 1003 893 imperium
1024 827 1305 895 amministrantibus,
1317 827 1439 893 Pritotttt
1502 886 1513 901 ,

237 921 420 989 perfidissimo
441 923 567 990 praeside
587 924 778 979 cabillonense
796 927 825 979 in
847 927 1002 994 Burguuffia
1021 930 1134 981 tenente
1155 931 1247 995 partes
1268 928 1321 981 sub
1332 916 1466 981 munuli
1504 902 1512 921 Ἢ

235 1023 291 1089 jam
305 1035 387 1090 supra
399 1028 550 1076 memorato
562 1024 736 1090 imperatore,
750 1026 865 1079 istorum
877 1026 905 1079 in
918 1031 1041 1094 ternpore
1053 1032 1163 1081 sanctus
1181 1027 1343 1082 Valerianus
1353 1026 1447 1080 inridet

238 1127 321 1188 atque
333 1122 508 1188 insuperatos
528 1136 590 1175 eum
611 1136 709 1192 magna
730 1124 919 1179 desiderabilis
941 1125 1065 1193 martyrii
1086 1127 1199 1181 victoria
1211 1123 1449 1182 tehciurooromd

146 1292 149 1297 ‚
238 1224 340 1277 meruit
352 1222 444 1292 digne,
458 1223 587 1278 dentibus
599 1224 771 1289 christicolis,
785 1225 967 1293 gaudentibus
979 1227 1094 1294 angelis.

270 1324 322 1376 14.
336 1325 373 1375 Er
385 1324 453 1375 tanti
466 1328 556 1376 autem
567 1324 697 1389 temporis
718 1325 806 1391 spatio
826 1326 950 1379 membra
966 1331 1022 1379 tam
1031 1327 1163 1393 praeclari
1171 1326 1224 1381 viri
1236 1326 1331 1380 nullus
1343 1330 1456 1393 nuperus

236 1426 277 1476 est
289 1425 344 1475 tarn
356 1423 494 1489 perfectus
513 1435 597 1489 opere
617 1423 716 1476 dirino
734 1424 780 1491 qui
799 1438 831 1478 ea
843 1425 885 1478 rel
897 1438 912 1478 a
925 1430 999 1479 terra
1011 1426 1130 1495 erigeret
1141 1425 1183 1480 vel
1195 1427 1255 1494 ejus
1268 1426 1458 1493 sarcophagum
1471 1420 1497 1475 tr

237 1522 507 1589 decenterornaret3
521 1524 605 1577 anob
625 1526 734 1590 patmm
754 1524 955 1593 neglegentiam
976 1540 1012 1578 an
1033 1526 1126 1594 populi
1140 1526 1315 1594 peecatahoc
1327 1525 1467 1579 dimissum
1505 1531 1511 1543 ·

239 1627 280 1677 est
292 1623 427 1677 incertum
443 1623 559 1677 videtur.
573 1627 593 1677 0
606 1625 721 1678 nimium
743 1625 887 1692 felices,ad
897 1638 1014 1692 quorum
1024 1630 1148 1692 tempora
1160 1628 1215 1679 tam
1228 1636 1326 1678 sacrae
1339 1608 1468 1692 reliquiae

238 1723 349 1777 visurae
361 1725 551 1790 praesentibus
571 1725 657 1778 oculis
678 1730 742 1778 sunt
762 1729 897 1778 ostensae.
916 1727 986 1794 Ergo
999 1725 1155 1780 misericors
1164 1728 1237 1779 licus
1254 1723 1370 1779 tandem
1382 1723 1425 1778 sul
1436 1722 1470 1777 b·

241 1822 346 1875 bricam
357 1823 427 1889 juris
439 1823 549 1875 visitare
561 1823 697 1891 diguatus,
711 1823 795 1876 menti
808 1824 950 1890 eujusdam
963 1826 972 1846 ·
985 1825 1101 1889 abbatis,
1114 1820 1245 1890 Stephani
1257 1823 1359 1887 vomti,
1378 1820 1473 1876 divini·

241 1927 329 1976 tusae
342 1921 556 1976 misericorditer
569 1923 727 1990 inspiravit,
748 1922 844 1977 rolens
865 1936 914 1976 sua
932 1936 988 1977 non
1010 1937 1117 1977 cessare
1138 1923 1282 1990 miracula,
1306 1923 1331 1976 ei
1350 1922 1473 1990 precato
1487 1918 1513 1974 i!

241 2022 332 2076 abbati
341 2035 463 2075 amorem
476 2022 582 2075 levandi
595 2023 719 2089 corporis
731 2023 817 2076 saneti
829 2023 963 2077 valeriani
976 2022 1117 2077 ardentius
1125 2036 1157 2077 ac
1176 2022 1350 2077 voluntarius
1362 2034 1476 2076 conom-

240 2123 285 2175 sit.
297 2124 365 2174 llum
378 2120 533 2187 praedictus
546 2120 630 2174 abbas
643 2123 723 2174 tacita
740 2127 833 2174 mente
851 2122 917 2174 haec
936 2122 1071 2176 iluctuaus
1089 2124 1142 2175 huc
1154 2128 1238 2189 atque
1249 2120 1318 2174 illuc
1330 2119 1412 2173 vario
1421 2117 1477 2173 rol·

240 2225 317 2275 reret
329 2224 456 2286 aestu‚ac
466 2221 513 2273 diu
523 2234 676 2287 recoquens
686 2234 804 2274 massam
813 2221 842 2274 in
852 2221 949 2275 secreti
960 2235 1006 2275 ara
1018 2222 1146 2288 pectoris,
1155 2225 1297 2287 sumptum
1306 2222 1335 2272 et
1343 2218 1479 2287 colligens

241 2326 332 2374 tantm
352 2321 563 2374 machinationis
585 2321 667 2386 vires,
689 2325 719 2375 ut
739 2322 792 2375 hoc
813 2326 868 2374 tam
889 2321 1034 2389 antiquum
1055 2333 1153 2388 corpus
1174 2325 1286 2388 tangere
1299 2317 1430 2383 auderet,
1443 2316 1479 2371 ad

239 2421 367 2474 ultimum
379 2420 465 2474 libera
476 2433 542 2474 voce
555 2420 643 2486 palam
657 2421 797 2488 protessus
806 2425 847 2474 est
858 2421 931 2488 quod
944 2421 973 2474 iu
983 2422 1036 2474 alta
1050 2420 1181 2475 memoria
1190 2420 1343 2474 introrsum
1356 2418 1478 2471 latuerat
1490 2416 1513 2469 Ι

241 2522 415 2588 absconsum,
429 2535 461 2575 ac
472 2521 573 2574 deinde
594 2526 708 2588 paterno
730 2534 807 2576 more
828 2523 1004 2589 fraternaque
1018 2521 1165 2576 dilectione
1182 2519 1384 2588 benignissime
1400 2517 1478 2586 loqui

97 2617 106 2636 ⁶
177 2653 184 2667 ·
242 2622 364 2689 incepit:
380 2621 622 2689 Ofrairesnatu
638 2622 774 2688 majores
785 2624 816 2675 et
827 2635 888 2689 aas,
902 2622 967 2691 filii
978 2622 1115 2675 minores
1126 2623 1239 2688 aetate,
1253 2620 1309 2688 qui
1321 2622 1331 2642 '
1349 2617 1479 2673 adadu

173 2721 181 2734 ‘
243 2721 409 2777 lescentiae
418 2721 496 2787 flore
509 2722 590 2775 lacte
601 2720 708 2775 beatae
717 2722 847 2788 regulae
855 2721 936 2775 beati
945 2722 1106 2776 Benedicti
1115 2720 1190 2775 estis
1200 2717 1325 2785 imbuti,
1335 2720 1477 2784 nostrae,

239 2821 362 2889 silibet,
376 2820 483 2876 audite
494 2822 677 2875 sententias.
690 2822 738 2874 cui
751 2821 847 2873 humili
860 2834 926 2875 voce
938 2822 1061 2875 referunt
1070 2822 1134 2875 talia
1147 2838 1154 2873 :
1172 2820 1195 2875 0
1201 2821 1309 2888 paler,
1322 2818 1376 2873 die
1388 2815 1474 2886 quod

241 2922 289 2975 ais
300 2940 310 2989 ‚·
321 2924 464 2975 nostrum
484 2923 530 2975 est
551 2923 615 2974 tuis
636 2922 719 2973 altro
740 2920 881 2974 oboedire
892 2921 1082 2988 praeceptis.
1102 2921 1207 2975 Etiam
1223 2919 1253 2974 si
1263 2919 1377 2986 pravis
1389 2913 1513 2972 onusti

237 3021 388 3090 ponderis
399 3023 518 3074 nostris
530 3020 624 3073 velles
636 3019 794 3087 imponere
804 3020 975 3074 cervicibus
986 3022 1036 3075 vel
1047 3021 1131 3075 dura
1143 3019 1230 3074 nobis
1241 3033 1263 3073 a
1275 3021 1305 3073 le
1318 3019 1479 3074 dorcium

242 3122 388 3190 imperia,
402 3120 566 3190 ferrerias,
580 3123 734 3188 munirent
744 3120 828 3174 uires
835 3123 1044 3188 suppeterent,
1057 3134 1167 3188 nempe
1178 3120 1292 3187 absque
1302 3121 1379 3174 ulla
1390 3119 1479 3190 refu·

243 3222 372 3276 tationis
389 3234 487 3286 mora,
504 3224 624 3287 parato
641 3220 747 3273 animo
768 3220 897 3274 deceret.
920 3221 1023 3284 Quibus
1044 3220 1286 3286 praedictuspater
1299 3221 1480 3288 respondens

241 3322 309 3375 dixit
322 3337 328 3373 :
350 3321 464 3373 Vestris
475 3331 610 3385 natuque
626 3319 799 3373 ceruicibus
815 3320 942 3387 pondus
962 3320 1099 3385 alicuius
1112 3318 1251 3385 injuriae
1257 3332 1380 3387 ponere
1392 3325 1477 3389 nolo,

241 3421 294 3474 sed
311 3421 393 3487 prend
404 3418 529 3486 corpori
540 3419 725 3486 naturaeque
736 3422 857 3473 uestrae
869 3420 1041 3473 remedium
1048 3418 1189 3486 perutile
1205 3418 1248 3471 sil
1254 3420 1405 3487 pandere
1414 3437 1479 3478 nou
1493 3427 1513 3479 r

241 3520 389 3586 differem
401 3518 494 3572 rodis.
507 3518 564 3571 Sed
583 3522 612 3572 el
625 3520 750 3586 quidem
773 3519 879 3573 auimo
897 3533 962 3573 meo
975 3521 1172 3586 multumque
1183 3519 1356 3587 complacet
1367 3524 1479 3578 voturi·

242 3619 303 3673 tati
313 3631 407 3683 meae,
421 3620 589 3672 dumtaxat
599 3619 629 3671 si
639 3631 796 3686 perpernae
805 3619 1023 3686 opitulationis
1033 3619 1141 3685 pratia
1148 3630 1240 3687 posse
1251 3619 1430 3691 donaverit,
1443 3627 1480 3678 ut

241 3730 312 3772 osso
336 3717 418 3770 beuti
442 3717 557 3771 Christi
577 3717 730 3783 martyris
757 3718 919 3772 Valeriani
942 3720 1122 3772 levarentur
1141 3716 1179 3770 ab
1197 3716 1326 3785 antiquo
1339 3721 1475 3791 lumerto,

242 3831 320 3886 quae
326 3831 388 3885 per
397 3820 439 3872 tot
450 3818 648 3871 succederunt
660 3818 823 3872 enrricula
835 3817 1027 3883 rnarlprium
1034 3831 1145 3886 pessa,
1159 3817 1288 3883 viriam
1309 3815 1351 3871 ab
1362 3819 1478 3888 aliquo

242 3918 417 3973 ereduntur
428 3931 494 3971 esse
504 3917 570 3970 nisi
582 3917 617 3969 in
637 3917 743 3970 cinere
759 3918 888 3970 reducta
902 3920 919 3968 ⁶.
933 3918 1014 3984 Ergo
1026 3916 1111 3984 feres
1124 3917 1180 3970 Dei
1191 3916 1437 3974 misericordiae
1448 3925 1479 3976 ei
1494 3923 1513 3975 3

243 4018 310 4082 mus
319 4017 449 4084 pietalis
461 4028 556 4069 aures
567 4029 637 4071 eane
648 4016 741 4071 corde
752 4017 885 4070 contrito
895 4015 1058 4070 hancililer
1061 4018 1234 4085 pulsemus,
1246 4016 1398 4084 quoniam
1405 4032 1481 4086 pen

242 4117 399 4170 reverenti
416 4116 579 4183 pulsatori
599 4116 846 4170 misericorditer
864 4116 1018 4182 aperitur.
1040 4115 1177 4169 Membra
1197 4117 1357 4170 domemus
1376 4117 1480 4185 digua

244 4216 427 4284 afflictionis
436 4228 546 4283 poena,
560 4215 625 4282 rigi
628 4215 691 4277 liis,
696 4214 839 4281 jejuniis,
853 4215 1047 4269 orationibus
1059 4215 1227 4282 continuis,
1245 4213 1479 4273 abstinentibus

243 4317 401 4385 corporeis
412 4315 498 4381 erbis,
512 4314 637 4368 cericeis
652 4314 817 4377 illecebris,
832 4314 926 4368 malis
935 4314 1203 4382 eoricupiscentiis.
1215 4313 1303 4368 casto
1313 4315 1413 4371 corde
1422 4315 1481 4373 hoc

243 4418 397 4485 faciende,
410 4416 525 4468 mundo
537 4427 674 4481 corpore,
685 4417 786 4467 ruente
792 4415 935 4481 purpura
946 4414 1229 4482 m'tiis,irecundia‚
1242 4413 1379 4484 invidia,
1393 4431 1481 4472 mur·
1495 4420 1513 4472 d

243 4516 422 4571 eiuratione
434 4516 553 4581 iniqua,
567 4515 760 4568 detractione
775 4515 912 4582 perfida,
936 4515 1060 4569 Dourini
1079 4514 1195 4582 faciem
1206 4526 1481 4584 praeoccupemus

244 4614 523 4682 inconfessiorreet
542 4615 576 4667 in
592 4613 1185 4681 psalmisjuhilemusdirumpamus
1207 4626 1287 4681 eura,
1306 4613 1361 4669 illi
1372 4618 1482 4675 sedem
