3316 5482
219 375 289 441 546
558 388 684 440 carm.
703 389 805 440 cono.
824 386 999 438 naaroan.
1016 387 1098 438 nan.

392 610 594 699 GDXLVI.
615 610 739 700 Godcx
759 610 948 721 signatus
969 632 1083 696 num.
1111 605 1222 696 5943
1242 607 1295 694 Α.

194 885 198 893 q
250 825 320 877 Olim
332 824 503 878 colbertinus
514 827 589 891 6576,
603 825 704 878 deinde
716 824 816 891 Regius
828 825 856 876 6.
869 824 946 877 9649.
959 823 985 875 2.
998 824 1023 875 2.

251 924 390 979 Foliorum
403 926 461 992 444,
475 923 549 979 merl.
561 926 766 993 (animala),
779 924 861 977 lineis
874 922 972 989 plenis,
985 926 1113 976 exaratus
1126 934 1198 975 saec.
1212 922 1269 975 llll.

316 1022 401 1100 Vita
419 1032 457 1101 et
475 1023 717 1102 conversatio
743 1021 1016 1123 gloriosissimi
1046 1019 1300 1122 imperatoris
1318 1016 1435 1095 Karoli

366 1270 476 1372 rso*

320 1695 321 1699 Ν
359 1756 584 1847 GDXLVII.
614 1756 739 1848 (lodex
760 1759 949 1869 signabis
967 1779 1082 1844 num.
1110 1752 1222 1845 5943
1249 1754 1302 1842 Β.

247 1988 317 2040 Olim
328 1989 398 2041 Petri
412 1989 526 2055 pithoei,
539 1988 641 2042 deinde
663 1989 821 2055 Thuaneus‚
834 1988 935 2042 deinde
952 1986 1126 2040 colbertinus
1149 1987 1227 2052 2039,
1241 1991 1343 2053 postea
1354 1986 1446 2055 Regius

214 2089 244 2141 6.
253 2088 332 2142 9669.
347 2091 373 2141 6.

247 2187 385 2242 Folicmm
397 2190 440 2254 66,
452 2187 525 2241 med.
538 2188 741 2254 (9939)(639),
755 2185 891 2240 columnis
903 2183 987 2251 binis,
1000 2190 1128 2237 exaratus
1141 2195 1215 2236 saec.
1229 2184 1300 2237 lilii.

314 2286 352 2362 4ο
366 2285 462 2387 [Vita
477 2284 604 2363 Caroli
618 2284 743 2386 Magni
762 2283 1023 2386 imperatoris]
1041 2283 1121 2385 (fol.
1143 2282 1294 2381 l‘·l6'l.

246 2420 292 2474 bo.
304 2433 349 2488 ap.
363 2419 447 2473 Andr.
461 2420 615 2487 bucbesne,
629 2418 707 2473 Hist.
719 2419 835 2473 Franc.
845 2417 968 2485 script,
981 2421 1048 2470 tom.
1063 2417 1098 2480 ll,
1111 2429 1138 2482 p.
1150 2417 1239 2471 6967.

311 2516 352 2593 90
368 2516 453 2594 Vita
465 2515 597 2595 Karoli
616 2517 746 2618 magni
761 2514 1011 2618 imperatoris
1027 2513 1104 2612 (iol.
1127 2513 1329 2617 lor-abur

247 2652 363 2704 Auctore
375 2648 524 2703 Einhardc.

313 2737 352 2814 3⁰
369 2739 482 2817 Gesta
499 2738 630 2818 Karoli
650 2738 797 2840 magni,
826 2760 930 2840 quae
957 2737 997 2813 in
1024 2736 1210 2838 Hispania
1229 2737 1355 2838 gessii
1372 2736 1445 2838 (iol.

361 2862 553 2965 nov-aon*

243 3000 359 3052 Auctore
373 2997 622 3064 Pseudolurpino.
637 2997 740 3051 Desinit
752 2997 781 3049 in
794 3009 853 3062 cao.
867 2998 907 3049 ll.

686 3182 976 3194 ..—-......-,...-

369 3421 610 3510 GDXLVIII·
638 3422 764 3510 (lodex
789 3424 978 3533 signatus
1006 3445 1118 3509 num.
1149 3418 1279 3511 5946.

243 3651 312 3704 Olim
330 3651 524 3715 Mazarinaeus,
538 3650 639 3705 deinde
652 3653 750 3720 llegius
763 3656 791 3705 6.
808 3654 885 3706 9649.

241 3748 432 3813 44014οω1466,
445 3750 512 3802 min.
524 3750 759 3816 (69,946><6,476),
773 3751 908 3805 columnis
923 3751 1006 3817 binis,
1020 3755 1147 3804 exaratus
1160 3763 1232 3804 saec.
1248 3753 1305 3805 lllV
1317 3757 1344 3805 et
1354 3753 1380 3815 (a
1390 3750 1431 3804 iol.

210 3849 253 3913 66)
265 3860 337 3902 saec.
352 3851 403 3901 llv.

308 3945 347 4021 l⁰
362 3946 473 4025 Gesta
490 3945 621 4025 Karoli
640 3949 769 4050 magni
788 3949 921 4051 quoad
934 3949 1156 4050 captionem
1178 3949 1426 4029 carcassonae

358 4079 396 4148 el
414 4069 617 4149 Narbonae
634 4071 695 4173 [et]
713 4073 1026 4151 aedificationem
1040 4074 1268 4151 monasterii
1286 4074 1428 4152 Cressae

360 4193 436 4292 (for.
460 4194 599 4294 1251).

241 4325 290 4378 lld.
303 4325 406 4391 Ciampl
418 4326 580 4391 (Florentiae
594 4328 675 4392 4665),
689 4343 716 4395 p.
729 4330 813 4381 l-l30.
827 4327 950 4380 llutilum
962 4328 990 4379 in
1003 4328 1063 4381 cod.
1085 4327 1185 4380 desinit
1209 4328 1239 4380 in
1259 4328 1350 4380 verbis
1367 4321 1425 4375 Fuit

207 4435 316 4489 mmpe
326 4425 400 4476 ante
412 4425 516 4476 altore
527 4425 660 4492 clreicis
672 4429 701 4478 et
714 4426 747 4477 in
760 4425 848 4479 exitu
860 4425 1045 4479 »manosterii
1056 4427 1166 4477 tantas
1188 4424 1281 4491 fletus
1302 4428 1332 4479 et
1348 4422 1420 4475 tanta

209 4521 417 4576 lacrima-ram
428 4522 541 4589 effusio
553 4527 617 4577 tarn
626 4536 687 4591 per
698 4524 864 4580 monachos
876 4537 971 4591 quam
978 4537 1039 4591 per
1050 4524 1148 4578 laicos
1161 4525 1245 4590 camd
1263 4538 1324 4578 reon
1331 4519 1419 4590 possa

208 4619 339 4686 aliquis.
