3316 5482
421 317 513 367 aran.
532 316 616 366 uxr.
635 315 751 365 ensis.
770 334 817 345 —
831 314 984 365 uersus.
1004 315 1051 364 xo
1068 313 1146 364 coo.
1166 312 1257 364 lusis.
1397 297 1464 364 623

232 498 361 552 sponsam
373 485 520 554 cogebatur
539 485 676 538 deserere.
691 485 778 549 Super
798 495 853 549 quo
871 483 996 536 turbatus
1007 486 1036 534 et
1047 481 1178 536 sollicitus
1199 483 1242 536 cui
1254 482 1464 537 custodiendam

233 585 479 650 recommendaret,
494 597 530 637 ne
541 585 575 637 ab
588 585 647 650 ejus
658 595 752 635 amore
764 587 792 635 et
803 583 863 648 ejus
875 582 1044 647 amplexibus
1062 582 1212 650 aufugeret,
1225 582 1290 648 quia
1301 595 1361 635 eam
1375 588 1465 635 tener·

234 684 302 737 rime
313 682 444 751 diligebat
463 683 551 745 (scivit
570 683 645 735 enim
665 681 740 748 quod
760 682 819 747 ipsa
839 681 997 744 christiana,
1011 680 1142 733 castitatis
1164 686 1191 733 el
1211 680 1359 747 pudicitiae
1377 687 1466 735 secta·

233 782 466 850 trix,gentilitatis
482 794 548 835 suae
558 780 701 848 perfidiam
716 781 864 845 horrebat),
875 781 941 833 dum
950 778 1079 847 equidem
1091 780 1175 833 eundi
1189 785 1296 846 tempus
1310 781 1366 846 jam
1379 780 1466 832 immi-

200 884 218 936 5
235 886 322 946 neret,
335 892 451 934 uxorem
463 893 540 934 suam
551 879 586 932 ad
598 892 629 932 se
638 892 749 945 vocans,
762 883 921 945 secretoque
933 879 962 930 in
972 879 1032 931 loco
1044 891 1104 932 eam
1115 878 1284 932 familiariter
1295 879 1465 944 amplexatus

232 986 284 1045 est,
304 979 402 1033 dicens
424 979 490 1033 :nti
505 992 584 1033 cara
603 978 709 1046 unna,
731 977 815 1031 vitae
835 990 922 1031 meae
935 977 1126 1043 jncunditas
1145 990 1263 1032 rwcnon
1284 977 1463 1032 maestitiae

231 1079 392 1147 solatium,
406 1078 614 1147 suspicionem
625 1079 664 1131 de
680 1080 709 1132 te
727 1078 887 1144 qnondam
899 1076 1003 1144 babeo,
1017 1079 1053 1130 nt
1064 1089 1113 1131 nte
1126 1077 1250 1131 absente
1264 1076 1469 1145 aufugisset

231 1180 279 1235 sic
291 1192 432 1236 maerore
438 1182 590 1248 perpetuo
602 1180 701 1233 vitam
722 1191 823 1232 meam
843 1178 1029 1232 detinendis
1049 1177 1159 1243 auditis,
1172 1179 1253 1231 beata
1275 1178 1387 1232 hiihilda
1399 1190 1464 1245 qua·

233 1280 297 1334 liter
317 1293 347 1334 se
365 1279 521 1334 simulando
539 1283 682 1333 excusaret
702 1279 846 1346 diligenter
867 1290 982 1344 pensare
1003 1276 1112 1344 coepit;
1131 1283 1291 1345 secretaque
1311 1278 1403 1332 cordis
1425 1277 1467 1331 sui

187 1380 215 1435 td
232 1379 382 1435 verborum
399 1385 547 1448 contegens
565 1378 711 1444 velamine,
725 1377 752 1430 id
772 1391 802 1431 se
823 1384 943 1431 acturam
963 1377 1080 1444 negavit,
1093 1378 1177 1431 immo
1197 1390 1318 1431 amorem
1335 1392 1415 1431 suum
1428 1377 1467 1430 iiii

232 1492 284 1547 per
295 1481 387 1534 omnia
399 1480 585 1547 impensurum
599 1479 732 1545 promisit.
745 1481 834 1545 Super
855 1490 910 1544 quo
928 1478 1037 1546 gavisus
1048 1476 1117 1541 dux,
1130 1476 1201 1532 sicut
1215 1490 1292 1531 amor
1305 1483 1345 1532 est
1357 1477 1468 1532 credula

232 1593 291 1646 res,
303 1580 488 1647 suspicionem
510 1582 645 1633 hactenus
665 1580 785 1632 habitam
806 1578 948 1643 deposuit3
962 1581 1060 1631 cuncta
1080 1576 1161 1631 etiam
1183 1591 1253 1644 quac
1266 1576 1423 1644 possederat
1439 1578 1469 1629 in

230 1679 279 1747 jus
289 1680 382 1734 axoris
395 1681 582 1746 committens,
595 1681 648 1734 iter
659 1680 830 1747 propositum
842 1679 963 1746 arripere
977 1681 1088 1745 paravit.

267 1778 378 1833 Lectio
388 1783 495 1833 sexta„
509 1782 587 1833 Beata
599 1785 691 1832 umen
712 1779 847 1844 blihildis,
861 1778 1033 1832 familiariter
1044 1777 1179 1832 accedens
1200 1778 1359 1845 priusquam
1372 1778 1467 1842 abiret,

187 1880 218 1934 tt»
235 1878 275 1932 ita
287 1892 350 1932 eum
361 1878 510 1946 alloquitur
523 1895 530 1931 :
544 1879 672 1933 Domine
683 1878 736 1946 rni,
746 1891 866 1945 parurn
878 1877 958 1932 mibi
967 1879 1068 1932 restat
1079 1878 1118 1930 de
1130 1879 1186 1931 trra
1206 1877 1355 1931 claritate
1374 1876 1469 1944 irnpe-

236 1977 398 2043 trandum,
410 1978 560 2045 quatinus
580 1977 734 2045 Hochepm
755 1978 790 2030 in
808 1978 873 2031 loco
893 1975 972 2029 mibi
991 1977 1098 2030 nativo
1116 1976 1307 2030 mansionem
1321 1975 1469 2030 concedas

236 2073 344 2144 facere
360 2077 456 2131 dorice
476 2077 537 2130 Deo
548 2073 676 2143 favente
695 2076 738 2129 ud
752 2077 889 2144 propria
908 2075 1089 2130 revertaris.
1103 2076 1135 2128 ht
1147 2075 1194 2128 iile
1206 2077 1325 2141 primurn
1337 2074 1400 2129 iicet
1410 2073 1469 2140 plu·

237 2176 307 2229 rima
319 2176 464 2242 obiecisset
474 2188 561 2243 quare
572 2176 733 2242 petitionem
745 2189 822 2229 suam
836 2190 892 2230 non
904 2182 994 2242 posset
1012 2175 1167 2242 admittere,
1182 2175 1217 2228 ad
1228 2175 1356 2228 ultimum
1368 2180 1469 2241 lamen,

237 2288 333 2329 amore
351 2280 378 2329 et
393 2281 488 2343 rogatu
506 2276 566 2342 ejus
586 2282 740 2342 superatus,
754 2275 781 2329 id
801 2275 859 2329 deri
881 2277 988 2342 annuit,
1002 2282 1029 2329 et
1040 2277 1145 2329 cunetis
1157 2274 1292 2341 expeditis
1304 2275 1355 2328 iter
1367 2275 1395 2326 in
1408 2286 1471 2339 pro·

187 2376 220 2429 ab
237 2375 333 2429 cinctu
344 2375 467 2441 arripuit.
481 2377 538 2439 Quo
550 2376 674 2441 absente,
688 2375 768 2429 beata
789 2374 903 2452 illibi-ida
924 2376 969 2428 die
981 2380 1120 2441 noctuque
1142 2378 1197 2428 beo
1209 2373 1413 2442 infatigabiliter
1425 2371 1472 2426 de·

237 2475 371 2539 serviens,
386 2480 493 2540 pactum
507 2474 630 2527 maritale
642 2473 780 2541 quomodo
793 2474 934 2542 aufugeret
951 2474 1100 2540 divinoque
1117 2472 1205 2526 officio
1227 2472 1337 2526 servitio
1349 2470 1473 2525 tenacius

237 2575 404 2639 inhaereret,
418 2572 528 2626 assidue
547 2573 740 2627 meditabatur,
753 2575 899 2627 transiens
920 2574 1012 2640 itaque
1032 2572 1068 2625 de
1089 2572 1149 2626 loco
1171 2572 1267 2639 inquo
1288 2575 1426 2624 manserat
1438 2570 1472 2623 ad

238 2673 333 2728 villam
344 2685 422 2725 suam
436 2673 571 2738 ifochevm
590 2672 691 2736 multis,
706 2675 735 2725 ut
751 2685 781 2726 se
798 2671 921 2737 decebat,
937 2671 1129 2725 comitantibus
1149 2671 1272 2737 pervenit
1283 2688 1291 2736 3
1304 2669 1473 2736 collectaque

239 2770 278 2823 ibi
291 2782 307 2822 a
318 2769 503 2837 sanguinitate
514 2770 728 2836 sanguineorum
749 2767 983 2837 ceterorum[que]
996 2768 1171 2822 multitudine
1189 2769 1350 2833 amicorum,
1365 2772 1473 2821 noctem

188 2871 223 2924 w
240 2868 316 2921 illam
328 2872 545 2935 sequentemque
556 2867 628 2921 diem
640 2868 810 2921 familiariter
822 2865 992 2920 convivando
1004 2864 1126 2919 deduxit.
1136 2866 1342 2932 opportunitate
1354 2864 1474 2931 denique

241 2972 331 3030 nacta,
344 2966 410 3020 dum
420 2967 513 3020 omnia
526 2967 664 3019 silentium
679 2972 803 3020 tenerent
815 2972 842 3020 et
853 2980 974 3034 sequens
987 2980 1041 3020 nox
1054 2966 1083 3018 in
1095 2979 1144 3019 suo
1166 2980 1248 3020 cursu
1260 2966 1312 3018 iter
1324 2967 1473 3031 perageret,

241 3066 322 3119 beata
339 3065 463 3130 Bilhiida,
476 3066 597 3120 collectis
616 3079 710 3119 seeum
731 3067 801 3120 vitae
822 3067 995 3131 necessariis,
1014 3066 1085 3119 facto
1107 3067 1186 3134 signo
1208 3066 1307 3130 erucis,
1329 3062 1423 3131 paucis
1445 3074 1475 3115 se

241 3164 434 3217 comitantibus
455 3177 565 3229 parvam
587 3177 683 3218 navem
704 3165 874 3233 ingreditur3
895 3170 1095 3230 ventorumque
1114 3163 1178 3216 flatu
1198 3163 1321 3216 secundo
1340 3175 1388 3228 per
1406 3159 1475 3227 liogi

242 3261 364 3315 fluminis
384 3263 480 3317 divexa
499 3264 645 3331 remigans,
658 3264 799 3330 sequentis
816 3263 871 3316 diei
891 3277 989 3317 aurora
1011 3264 1141 3317 rutilante
1158 3262 1322 3329 lfoguntiam
1341 3261 1474 3326 pervenit.

191 3364 225 3415 ab
241 3362 291 3415 ubi
304 3361 370 3415 dum
389 3363 495 3428 trepida
514 3368 543 3416 et
563 3364 654 3432 ignota
675 3369 758 3416 staret
771 3364 799 3416 in
812 3363 901 3428 litore,
914 3364 992 3430 quasi
1014 3364 1071 3416 avis
1093 3362 1267 3417 obsidionem
1279 3360 1394 3427 aucupis
1406 3358 1476 3412 edu-

239 3461 410 3531 giens‚quae
421 3461 451 3514 in
462 3463 569 3516 cunctis
581 3463 648 3516 iocis
660 3463 773 3530 laqueos
786 3463 838 3516 sibi
851 3467 940 3517 tentos
952 3462 1115 3528 suspicatur,
1122 3461 1254 3528 sigiberto
1266 3458 1402 3514 avunculo
1414 3470 1475 3523 suo,

241 3557 365 3626 ejusdem
384 3559 500 3612 civitatis
518 3560 732 3628 archiepiscopo,
746 3560 894 3614 adventurn
916 3574 997 3614 suum
1019 3573 1068 3627 per
1084 3560 1201 3628 legatum
1215 3559 1357 3612 nuntiavit.
1374 3557 1433 3623 Qui,
1446 3563 1477 3609 ut

242 3657 284 3711 vir
300 3656 416 3711 devotus
427 3662 454 3712 et
474 3658 587 3711 caritate
608 3660 744 3725 perfusus,
757 3672 819 3712 eam
840 3660 958 3728 benigne
979 3659 1143 3725 suscipiens,
1156 3658 1209 3712 sub
1221 3670 1269 3711 sua
1286 3670 1352 3711 cura
1364 3654 1477 3723 provide

242 3756 348 3822 habuit,
360 3761 387 3810 et
399 3759 427 3809 in
439 3764 574 3824 quantum
586 3758 709 3826 indigere
729 3772 794 3812 cum
806 3761 863 3812 suis
877 3759 1122 3813 contubernalibus
1142 3760 1200 3813 visa
1212 3764 1262 3826 est,
1277 3759 1357 3812 etiam
1372 3756 1478 3824 praesi-

192 3857 228 3910 ab
244 3856 297 3909 diis
310 3861 495 3922 competenter
506 3857 618 3923 adjuvit.
632 3859 736 3911 behinc
748 3871 797 3924 pro
818 3863 894 3912 cerlo
906 3861 1000 3923 partus
1022 3862 1146 3924 tempore
1169 3857 1290 3924 legitimo
1306 3860 1478 3920 occurrente,

246 3956 332 4008 mirae
344 3956 503 4023 elegantiae
524 3970 641 4023 puerum
662 3958 773 4025 genuit;
787 3971 870 4024 quern
888 3955 1068 4024 regenerandi
1091 3956 1199 4010 lavacro
1220 3957 1366 4019 imbutum,
1380 3967 1478 4022 magno

247 4054 368 4107 caritatis
379 4053 478 4108 affectu
490 4056 612 4109 enutrire
633 4057 746 4110 curavit.
760 4055 813 4108 Sed
827 4055 892 4108 dum
914 4054 1006 4108 infans
1022 4054 1073 4107 sub
1091 4068 1139 4120 spe
1151 4054 1240 4108 bonae
1252 4053 1352 4106 indolis
1364 4053 1480 4119 pulinia-

249 4159 300 4220 ret,
313 4155 364 4208 hac
376 4155 405 4206 in
416 4159 504 4208 aetate
517 4156 656 4209 hominem
669 4169 785 4220 exuens,
799 4171 814 4209 e
829 4156 921 4208 medio
936 4155 1063 4208 sublatus
1076 4155 1186 4207 aethera
1199 4154 1288 4220 petiit.

283 4252 404 4320 [Lectio
416 4253 612 4322 V11·.]fieata
635 4256 749 4310 bithilda
770 4262 831 4323 post
851 4255 980 4322 exequias
1001 4255 1144 4322 geniturae
1168 4267 1235 4307 suae
1256 4254 1368 4307 liberius
1380 4264 1480 4305 vacans

200 4352 235 4404 to
252 4350 389 4403 exercitiis
402 4351 511 4419 divinis,
526 4352 651 4418 piurimis
664 4355 793 4407 virtutum
808 4354 986 4407 incrementis
1000 4352 1175 4420 proficiebam
1189 4358 1216 4407 ct
1227 4352 1316 4404 mariti
1329 4352 1370 4404 sui
1384 4351 1481 4402 timore

252 4448 342 4502 adhuc
354 4451 508 4518 perterrita,
522 4452 551 4503 in
563 4452 669 4506 civitate
689 4466 772 4520 quam
792 4453 977 4519 praediximus
994 4466 1045 4519 per
1062 4453 1165 4519 aliquot
1186 4465 1321 4506 annorum
1343 4448 1479 4504 curricula

253 4547 370 4605 latenter
382 4549 517 4603 manebat.
532 4552 637 4614 Quanta
647 4550 782 4605 industria
803 4553 842 4606 ibi
853 4553 968 4620 triplicis
981 4553 1067 4607 hostis
1081 4552 1231 4607 occurrerit
1243 4550 1307 4617 telo,
1321 4549 1410 4603 meriti
1424 4547 1481 4601 lau·
