3316 5482
209 338 275 404 tto
553 355 677 407 aaran.
697 356 799 408 cono.
818 356 992 408 andrean.
1012 358 1092 409 nau.
1132 388 1135 393 -

208 521 333 577 eandam.
346 526 412 576 llam
430 528 505 577 tanta
523 523 667 590 industria,
686 537 752 577 eura
770 537 802 577 ac
813 523 954 591 diligentia
974 537 1124 590 pauperum
1143 537 1240 579 causas
1251 526 1414 594 aurigabatur,

209 626 238 675 ut
250 623 380 690 pleraque
392 623 486 676 civitas
499 624 527 676 ln
540 636 572 677 eo
585 625 730 677 maximam
748 638 824 690 spem
837 630 991 690 reponeret.
1006 625 1082 691 inde,
1100 637 1164 678 cum
1179 624 1416 694 duodevigesimum

209 726 302 789 ageret
313 723 407 774 aetatis
419 735 533 786 annum,
547 722 701 776 medicinae
712 737 825 789 operam
838 723 994 790 impertivit.

242 820 273 873 2.
292 821 343 874 libi
362 826 453 875 autem
471 822 505 875 ad
522 828 638 876 aetatem
663 824 842 876 maturiorem
860 824 994 889 pervenit,
1016 822 1108 876 divina
1129 823 1302 890 providentia
1319 824 1421 879 dueeet

208 926 318 976 auctore
331 923 487 989 huiusmodi
500 936 655 976 sermonem
668 923 771 978 habuit:
789 923 948 978 Credimus
962 922 1044 978 bunc
1056 924 1246 994 imitabilem,
1260 926 1444 980 ineoustoui

209 1024 277 1088 tem,
290 1020 441 1090 fallacem
462 1025 492 1075 et
511 1035 626 1077 cauum
648 1024 802 1076 mucidum
820 1023 964 1090 aliquam
982 1024 1115 1089 quietem
1136 1027 1195 1077 aut
1214 1025 1425 1079 beatiuaiiuan
1486 1006 1488 1027 ²

209 1121 394 1175 mortalibus
413 1124 581 1189 praestare
593 1135 696 1190 posse,
721 1136 791 1177 cum
814 1123 882 1190 ipse
902 1122 973 1189 atio,
996 1124 1234 1190 tranquillitate.
1251 1128 1282 1179 et
1300 1125 1429 1180 munibus

210 1220 341 1287 denique
358 1220 525 1287 commodis
546 1224 654 1274 careat
676 1223 706 1273 et
726 1223 886 1288 tuncquam
910 1225 1151 1289 tcuipestuosum
1171 1236 1262 1278 enare
1280 1223 1431 1280 indomitis

210 1321 308 1374 ematis
325 1319 481 1387 epitetum
503 1320 699 1386 intumescat,
718 1318 849 1388 ferveat,
861 1321 1067 1388 perturbetur
1084 1325 1178 1389 atque
1194 1323 1352 1390 decetueti
1371 1327 1435 1390 Quae

209 1434 272 1473 eum
284 1421 320 1472 ita
333 1424 434 1485 essent,
447 1419 569 1473 decrevit
582 1433 610 1472 se
620 1419 654 1472 ad
668 1421 715 1472 liei
727 1420 880 1487 beataeque
893 1420 1008 1488 virginis
1021 1421 1170 1486 servitium,
1185 1422 1261 1475 omni
1275 1424 1436 1489 patrimonio
1450 1422 1473 1475 lt

209 1519 349 1584 derelicto,
362 1518 499 1572 dedicare.
513 1521 617 1572 Etcum
628 1521 684 1584 jam
697 1523 753 1572 tota
771 1520 979 1587 quadragesima
988 1520 1102 1586 jejuniis
1119 1533 1219 1587 corpus
1231 1520 1355 1576 alliceret
1367 1525 1441 1576 lesu·

210 1621 353 1686 larumque
366 1619 466 1685 templa
478 1620 609 1685 visitaret,
623 1618 709 1671 lertur
720 1618 779 1672 dies
793 1625 942 1685 noctesque
952 1619 1048 1687 vigiles
1060 1620 1223 1688 plerumque
1233 1623 1380 1689 transisse,
1391 1635 1441 1690 qno

211 1721 345 1773 fervorem
358 1718 449 1770 carnis
461 1718 584 1770 domaret
594 1729 627 1770 ac
638 1717 837 1784 exstinguerem
851 1717 926 1769 etita
944 1718 972 1769 in
985 1716 1045 1770 dies
1058 1718 1202 1784 perfectior
1222 1719 1402 1774 reddebatur.
1414 1723 1443 1774 llt

211 1831 273 1872 cum
286 1818 439 1871 mundanas
451 1830 495 1870 res
507 1822 568 1883 post
579 1823 652 1884 terga
670 1816 800 1882 dedisset,
814 1815 883 1869 illud
898 1818 1029 1870 Lactantii
1047 1830 1140 1871 secum
1158 1819 1326 1887 plerumque
1339 1826 1445 1887 reputa·

211 1917 257 1969 bat
270 1931 277 1967 ε
291 1915 434 1983 Frapilia
446 1916 605 1970 etcaduca
613 1915 801 1969 suutamuia
814 1928 893 1982 qliae
904 1916 1007 1968 videri
1015 1918 1072 1969 aut
1081 1917 1326 1984 taupipossuut.
1339 1920 1446 1986 Super-
1461 1922 1487 1972 li

210 2018 256 2071 est
267 2016 368 2082 ipitur
380 2019 417 2069 ut
435 2015 559 2083 aliquid
576 2014 714 2069 homiues
733 2028 773 2068 eac
789 2016 876 2069 caelo
889 2017 1010 2082 paene,
1032 2016 1182 2082 queniam
1198 2017 1232 2069 ia
1254 2019 1346 2072 terra
1367 2018 1448 2073 stibii

211 2116 348 2184 estquod
364 2129 427 2169 uorc
441 2117 484 2169 sit
500 2116 628 2169 carium
644 2118 674 2169 et
690 2114 851 2169 caducum.
865 2118 918 2168 lice
936 2116 1071 2169 immerito
1090 2131 1097 2168 :
1117 2129 1179 2170 cum
1200 2117 1223 2169 is
1241 2117 1363 2173 minime
1375 2121 1448 2173 inter

212 2217 274 2270 illos
298 2217 397 2270 ascribi
417 2221 508 2283 queat,
521 2216 567 2283 qui
588 2217 632 2268 bei
657 2215 773 2283 gratiam
792 2215 931 2280 possidere
949 2214 979 2267 in
1000 2228 1152 2282 eorumque
1170 2217 1264 2270 animo
1286 2219 1370 2272 sitam
1390 2231 1449 2273 esse

212 2315 327 2383 cupiunt
338 2320 365 2369 et
376 2315 486 2368 tandem
500 2314 594 2368 mundi
614 2315 797 2380 voluptatibus
809 2318 891 2380 atque
903 2314 1110 2368 oblectamentis
1128 2328 1224 2368 carere
1243 2329 1303 2370 non
1323 2325 1448 2384 possunt

245 2416 276 2469 8.
294 2416 411 2468 visitatis
433 2416 523 2481 itaque
542 2420 601 2481 post
619 2414 717 2479 paseha
735 2414 894 2467 Fesularum
921 2414 1040 2479 templis,
1060 2415 1111 2467 iter
1133 2413 1256 2482 dirigens
1275 2416 1448 2472 Florentiam
1462 2420 1488 2471 tl

211 2529 314 2581 versus,
328 2516 352 2568 ci
366 2515 441 2568 cordi
454 2514 505 2566 luit
522 2514 638 2580 virginis
650 2513 746 2566 aedem
758 2514 867 2566 visitare
886 2511 922 2578 (id
935 2518 1025 2566 autem
1039 2514 1130 2567 divina
1149 2514 1325 2580 providentia
1347 2516 1449 2570 iactum

211 2614 504 2680 essescimus);ibique
513 2614 635 2667 divinum
644 2614 746 2667 cultum
754 2612 1011 2680 intellegens,llexis
1018 2615 1134 2680 genibus
1150 2614 1449 2670 exorabatliominum.

209 2716 262 2768 sed
274 2715 336 2767 cum
350 2713 445 2766 fratres
457 2713 554 2765 codem
567 2712 612 2766 die
624 2713 782 2780 quintarum
796 2712 924 2764 seriarum
936 2711 1054 2765 odicium
1066 2716 1127 2777 post
1140 2713 1241 2778 pascha
1258 2714 1448 2777 celebrarent,

213 2815 352 2881 Philippus
373 2827 435 2866 eum
455 2812 584 2878 epistolae
604 2812 695 2864 locum
719 2811 823 2876 accepit
838 2827 844 2862 :
860 2810 1012 2879 Philippa,
1030 2811 1142 2865 accede
1158 2813 1188 2864 et
1202 2811 1341 2881 adjuupe
1357 2817 1389 2868 te
1407 2816 1450 2869 ad

211 2927 342 2968 marnam
352 2912 456 2965 istum.
465 2911 566 2976 Quibus
576 2911 665 2964 verbis
673 2911 819 2976 perceptis,
829 2910 1070 2975 perterrefactuset
1080 2911 1447 2980 mentevolutansquidnam
1462 2915 1488 2967 ii

213 3012 240 3065 id
254 3016 334 3077 esset,
347 3016 441 3075 raptus
453 3015 495 3062 est
507 3009 720 3074 spiritusejusin
733 3007 841 3060 eaelum
855 3013 883 3060 el
895 3007 967 3060 velut
979 3009 1114 3060 exanimis
1124 3007 1210 3060 iactus
1222 3014 1272 3061 est.
1282 3010 1363 3064 Unde
1375 3012 1445 3064 hane

213 3114 345 3166 visionem
364 3111 498 3174 habuerit,
520 3107 625 3162 nemini
638 3109 753 3161 dubium
774 3108 858 3161 videri
872 3113 970 3175 potest,
987 3110 1052 3175 quin
1074 3109 1184 3174 abipso
1205 3110 1332 3163 omnium
1354 3125 1444 3165 rerum

213 3217 323 3266 auctore
336 3216 512 3276 creaturaque
524 3214 628 3261 tantum
643 3208 792 3262 sanctitatis
802 3209 910 3260 initium
923 3209 1067 3274 acceperit.
1081 3208 1228 3260 Videbatur
1241 3209 1317 3262 enim
1334 3210 1385 3264 sibi
1398 3225 1445 3277 per

214 3310 352 3379 quandam
360 3309 431 3361 viam
442 3312 548 3360 senium
558 3308 690 3373 eaenique
703 3307 810 3372 plenam
818 3306 905 3373 gradi,
916 3320 986 3373 quae
994 3306 1104 3372 quidem
1118 3320 1133 3359 a
1143 3308 1319 3372 serpentibus
1330 3309 1444 3376 aliisque

212 3407 376 3463 animalibus
388 3408 497 3459 obsessa
511 3410 578 3471 erat,
591 3410 622 3457 ut
633 3407 657 3457 ei
671 3406 840 3470 exploratum
853 3410 925 3457 esset
937 3405 1051 3457 ulterius
1063 3404 1123 3458 cedi
1137 3418 1193 3459 non
1206 3418 1295 3471 posse.
1309 3408 1443 3476 Flagitans
1456 3408 1483 3458 ib

213 3510 304 3575 itaque
315 3520 395 3573 opem
406 3507 457 3558 sibi
481 3506 554 3570 icrri,
568 3505 739 3571 supradictae
757 3504 888 3570 epistolae
907 3504 982 3555 loeus
1002 3504 1114 3557 auribus
1134 3505 1252 3558 intonuit
1268 3505 1440 3574 :Philippa

212 3607 322 3662 accede
334 3608 364 3658 et
374 3604 510 3670 adjuupe
526 3606 555 3656 te
567 3602 609 3656 ad
625 3615 756 3656 erearum
770 3603 872 3655 istum.
887 3603 1011 3667 Quicum
1031 3604 1146 3657 levasset
1164 3604 1270 3670 oculos,
1284 3618 1349 3659 ecce
1371 3606 1441 3672 plau·

213 3713 298 3760 strum
311 3719 434 3768 aureum,
447 3707 575 3770 quattuor
589 3703 692 3755 habens
704 3708 787 3763 roias
801 3704 915 3756 intuitus
928 3708 979 3768 est,
992 3717 1073 3770 super
1082 3704 1155 3770 quod
1167 3705 1243 3757 beata
1254 3707 1335 3773 Virgo
1348 3717 1442 3774 magna

213 3822 275 3861 cum
287 3805 447 3872 angelorum
465 3808 571 3855 caterva
584 3802 730 3854 eminebat.
745 3806 859 3855 Tantum
879 3804 951 3855 enirn
971 3803 1125 3869 splendoris
1142 3809 1224 3870 atque
1242 3805 1396 3858 sanctitatis
1410 3806 1441 3857 ab

216 3907 277 3959 diva
298 3903 496 3972 egrediebatur,
511 3906 540 3954 ut
560 3902 600 3953 vir
618 3903 663 3953 bei
682 3902 833 3967 plaustrum
847 3902 924 3969 nigro
943 3908 1105 3955 ornamento
1124 3904 1337 3968 circumseptum
1350 3917 1440 3958 ascen·
1454 3901 1479 3953 ii

215 4007 279 4059 dere
292 4009 446 4058 conaretur.
460 4003 614 4056 trahebant
626 4010 716 4055 autern
730 4003 819 4068 ipsum
838 4002 896 4054 oris
908 4007 935 4054 et
948 4001 999 4067 lea,
1024 4016 1038 4054 a
1057 4002 1183 4056 columba
1196 4016 1261 4056 vero
1274 4004 1304 4056 in
1318 4005 1441 4071 simpliei-

215 4106 275 4158 latis
288 4105 395 4170 signum
413 4102 593 4155 ambiebatur.
613 4103 683 4154 llaec
701 4100 766 4154 dum
788 4108 915 4168 aguntur,
937 4101 970 4153 ad
992 4099 1074 4153 linem
1097 4101 1187 4154 divina
1203 4101 1292 4156 olllcia
1315 4103 1441 4170 perducta

217 4211 313 4267 erant;
328 4208 429 4258 eterra
442 4201 475 4255 ad
487 4201 596 4253 beatum
607 4200 761 4266 Philippum
775 4200 962 4252 thesaurarius
975 4198 1110 4267 [accessit]
1123 4199 1219 4253 dicens
1233 4217 1240 4252 ι
1259 4202 1390 4269 Teuapus
1402 4203 1443 4255 est

209 4304 280 4369 jam
293 4306 327 4355 ut
339 4301 440 4368 adeas,
455 4301 579 4367 piltruda
592 4300 734 4352 (ticinum
748 4299 881 4366 officium
899 4299 1076 4352 absolutum
1089 4302 1144 4352 est.
1159 4301 1206 4351 Cui
1221 4301 1367 4368 Philippus
1379 4302 1441 4355 nihil

218 4402 367 4469 respondit,
381 4415 413 4454 eo
425 4402 498 4467 quod
511 4401 607 4466 spiritu
619 4413 721 4452 vacuus
739 4404 818 4452 essct.
834 4402 857 4451 ls
877 4400 923 4452 ubi
943 4414 1005 4452 oum
1025 4400 1091 4450 nihil
1112 4399 1328 4464 respondentem
1348 4402 1439 4464 cernit,
1457 4396 1476 4448 lt

219 4503 317 4555 iterum
331 4501 451 4553 stimulat
465 4516 471 4551 :
485 4501 568 4553 Herus
589 4503 633 4565 tu,
658 4504 882 4566 erperpr‘semu’.
896 4501 950 4552 Est
968 4500 1049 4552 euim
1070 4502 1238 4566 temperat
1258 4499 1345 4567 fores
1357 4503 1439 4556 clau·

218 4601 347 4655 daretur.
360 4601 462 4665 Quibus
482 4600 572 4666 (lictis,
594 4600 718 4667 spiritum
743 4600 899 4665 resumpsit,
922 4601 1015 4665 sicque
1033 4613 1062 4651 se
1083 4600 1245 4652 excitantem
1267 4598 1367 4654 aliatus
1384 4607 1439 4654 est:
