3316 5482
215 336 283 404 288
564 352 688 406 ceren.
707 354 811 406 cono.
830 352 1006 405 usercen.
1025 352 1106 404 nar.

214 522 316 577 athleta
332 523 513 590 consiliando,
527 525 613 579 evasit
625 537 765 578 carcerem
781 537 832 592 per
849 523 999 578 fenestram
1011 521 1065 591 e[x]
1077 521 1133 575 alto
1144 538 1152 588 ;
1163 524 1267 575 etcum
1278 518 1421 588 pervenisset

214 621 249 675 ad
260 627 371 688 terram,
385 621 424 677 nil
434 624 516 691 buius
527 624 613 678 saltus
626 624 689 678 mali
703 637 810 692 passus,
825 637 918 678 secum
931 623 1120 690 supradictum
1131 621 1237 676 ferrum
1249 619 1371 674 deferens
1379 628 1420 671 nor

217 721 307 777 adbuc
319 735 419 777 exuna
431 724 553 778 crurium
573 736 725 792 egressum,
738 725 830 790 coepit
845 727 877 777 ut
892 723 1019 790 primitus
1036 723 1166 776 invocare
1186 724 1312 775 sanctum
1329 720 1422 773 Moru·

215 820 292 889 dum,
304 826 335 876 ut
352 835 416 876 eum
428 836 462 876 ex
473 827 530 877 toto
542 823 672 877 liberaret
683 824 720 877 ibi
742 836 776 877 ex
798 828 872 877 tanta
894 823 1050 891 fatigatione
1072 820 1205 888 ponderis
1226 819 1352 874 immanis
1366 816 1422 871 ferrl.

214 920 274 974 lior
287 933 352 975 vero
373 926 404 975 ut
424 934 535 989 precem
553 922 686 990 adiunxit,
708 925 807 976 cuncta
827 921 962 989 captionis
988 919 1111 987 pericula
1136 920 1251 974 omnino
1268 919 1351 974 evasit
1365 912 1446 972 eladi

215 1019 329 1074 domum
341 1034 428 1089 suam,
440 1019 588 1088 adjurante
599 1023 666 1088 beo,
678 1023 753 1075 tutus
766 1020 900 1087 pervenit,
913 1019 1074 1087 ferrumque
1091 1018 1279 1086 supradictum
1301 1017 1336 1072 ad
1352 1026 1425 1071 monr-

217 1121 331 1174 sterium
344 1121 433 1175 sancti
442 1119 577 1175 beonardi
586 1120 726 1188 bajulavit,
734 1120 783 1174 ubi
791 1119 972 1188 glorificatum
984 1124 1027 1174 est
1038 1132 1141 1175 nomen
1153 1118 1262 1174 bomini
1276 1113 1428 1186 semper,cti

216 1218 305 1273 bonor
319 1224 347 1272 et
357 1218 443 1288 gloria
455 1232 504 1286 per
515 1218 688 1275 saeculorum
700 1217 820 1274 saecula.
833 1220 930 1273 Amen.

798 1425 861 1485 v1.

251 1612 278 1663 l.
291 1611 358 1676 Quia
378 1611 488 1679 saepius
508 1613 672 1680 scriptorum
692 1612 799 1681 ignauia
812 1616 970 1666 sanctorum
985 1611 1054 1665 facta
1075 1611 1206 1667 oblivioni
1219 1611 1376 1680 traduntur,
1388 1622 1441 1679 nos,
1453 1607 1476 1661 lt

217 1711 342 1779 quamtm
359 1725 443 1766 sensu
455 1717 483 1766 et
500 1712 593 1779 pusilli
609 1714 728 1780 actione,
742 1726 778 1767 ne
790 1725 805 1766 a
818 1713 950 1767 memoria
967 1711 1091 1766 fidelium
1109 1712 1181 1766 elabi
1193 1712 1289 1780 possit,
1304 1711 1378 1780 quod
1393 1712 1445 1779 jan

222 1810 384 1864 miraculum
395 1810 475 1865 valde
486 1812 660 1880 perspicuum
678 1812 809 1867 Dominus
821 1810 855 1866 ad
874 1813 1008 1867 bonorem
1020 1816 1048 1865 et
1058 1811 1170 1867 laudem
1183 1811 1372 1879 pretiosissimi
1388 1822 1448 1865 eon·

221 1909 334 1964 fessoris
346 1911 388 1965 sui
401 1912 534 1965 leonardi
546 1912 653 1979 operari
671 1911 853 1980 dignatusest
868 1911 1026 1966 describere
1038 1911 1204 1966 studuimus.
1216 1908 1294 1976 Quod
1314 1910 1395 1977 nulli,
1406 1908 1451 1978 qui

222 2021 320 2063 sanum
332 2011 410 2078 sapit,
423 2011 547 2065 uideatur
558 2011 730 2079 incredibile,
743 2011 894 2081 qu[oni]am
907 2011 986 2080 [illud
1001 2012 1158 2076 referimus]
1170 2011 1241 2065 sicut
1252 2010 1305 2078 ipsi
1318 2014 1454 2064 testantur

221 2109 269 2176 qui
281 2123 329 2164 eos
343 2110 378 2164 de
390 2111 491 2179 quibus
503 2112 578 2180 loqui
591 2112 784 2179 proposuimus
795 2114 975 2178 praesenteis]
987 2111 1115 2167 uiderunt
1131 2116 1159 2165 et
1175 2111 1210 2165 ab
1222 2111 1263 2166 eis
1276 2123 1337 2165 rem
1349 2114 1452 2179 gestam
1468 2109 1495 2162 tt

221 2207 376 2263 didicerunt
388 2225 395 2262 ε
409 2223 527 2277 quorum
539 2210 665 2279 religioni
677 2215 704 2265 et
714 2211 821 2265 ueritati
833 2211 986 2279 credentes,
999 2211 1149 2277 scripturae
1161 2221 1256 2263 sacrae
1264 2209 1391 2263 inserere
1399 2221 1456 2262 non

222 2307 386 2363 distulimus,
409 2312 492 2364 lirant
519 2311 601 2378 igitur
621 2312 650 2364 in
671 2312 818 2379 arverniae
838 2310 958 2366 confinio
978 2311 1034 2365 duo
1055 2311 1166 2378 milites,
1188 2309 1324 2378 praeclari
1342 2322 1456 2379 genere,

155 2467 163 2485 ‚
223 2407 370 2463 mundanis
382 2411 464 2464 rebus
478 2411 638 2477 locupletes,
651 2413 783 2465 uxorum*
797 2416 824 2464 ct
834 2411 954 2465 filiorum
968 2411 1157 2478 procreatione
1169 2409 1302 2464 sublimes
1314 2423 1324 2463 s
1336 2422 1457 2476 quorum

220 2519 294 2560 unus
311 2508 480 2575 Guilielmus,
494 2510 562 2564 alter
576 2514 629 2576 tho
642 2511 752 2577 proprio
764 2510 974 2575 nuncupabatur
991 2510 1134 2565 vocabulo.
1147 2509 1204 2575 ilis,
1221 2509 1371 2578 instigante
1392 2507 1457 2584 [ini-

220 2605 302 2670 mico]
315 2606 427 2660 humani
440 2610 557 2677 generis,
570 2610 641 2662 sicut
653 2622 713 2662 mos
732 2613 774 2663 est
793 2610 975 2663 saecularium
995 2609 1138 2663 bominum
1156 2610 1258 2675 probos
1270 2608 1366 2676 probis
1383 2607 1456 2662 insi·
1470 2608 1495 2661 ss

221 2701 297 2771 dere,
310 2705 340 2757 in
352 2719 478 2775 magnam
490 2707 656 2761 discordiam
668 2708 741 2761 inter
752 2721 782 2761 sc
794 2707 966 2763 devenerunt
978 2724 986 2760 :
998 2692 1068 2776 quae
1086 2707 1120 2761 ad
1134 2710 1238 2761 tantmn
1248 2719 1381 2776 guerram
1395 2720 1458 2774 per·

221 2799 297 2853 venit
316 2806 346 2855 ut
365 2803 481 2870 quilibet
493 2816 587 2858 eorum
607 2804 720 2859 alterius
740 2803 867 2858 homines
878 2809 985 2871 poterat
996 2805 1130 2873 accipere,
1144 2817 1201 2858 non
1219 2804 1308 2871 pretio
1325 2804 1388 2857 auri
1407 2808 1460 2859 aut

221 2903 327 2968 argenti
339 2904 452 2971 cogebat
464 2916 512 2957 cos
525 2904 671 2971 redimere,
687 2918 793 2972 uerum,
807 2905 880 2972 quod
892 2918 1029 2974 paganum
1041 2910 1120 2959 estet
1131 2904 1314 2958 admiratione
1327 2902 1458 2973 dignum,

223 3000 334 3066 capitali
347 3004 489 3069 subjacere
504 3005 666 3057 sententiae.

255 3099 287 3155 2.
309 3103 428 3166 Quadam
449 3117 515 3158 vcro
536 3103 581 3158 die
602 3104 709 3158 fortuna
734 3105 879 3172 ingruente
901 3106 1014 3174 contigit
1037 3110 1067 3158 ut
1088 3119 1161 3159 unus
1181 3117 1264 3171 super
1283 3105 1371 3157 aliurn
1393 3107 1495 3160 cumi.¹

222 3201 340 3255 maxima
360 3205 438 3269 copia
461 3205 578 3257 militum
591 3204 777 3272 depraedandi
799 3218 881 3259 causa
900 3207 1024 3267 veniret;
1038 3206 1082 3259 cui
1095 3207 1165 3259 alter
1176 3206 1378 3271 superveniens
1395 3218 1461 3259 cum

224 3301 299 3353 omni
312 3314 360 3355 sua
372 3308 462 3370 gente,
473 3304 520 3356 diu
533 3304 666 3357 bellantes
678 3309 705 3357 ct
717 3305 851 3372 sanguine
864 3305 1069 3359 interfectorum
1086 3309 1204 3372 uterque
1215 3304 1334 3357 infectus
1352 3309 1381 3357 et
1394 3317 1461 3359 oon·

40 3417 205 3462 *Admodum
226 3398 350 3454 flictuum
366 3403 481 3456 verbere
501 3402 598 3469 lassus,
620 3403 731 3457 tandem
748 3417 764 3456 a
784 3404 932 3458 Guilelmo'
947 3409 1070 3458 retentus
1092 3408 1133 3457 est
1153 3407 1218 3472 ligo.
1232 3407 1317 3468 Quem
1328 3404 1462 3458 Guilelmi

27 3469 214 3568 mm&
227 3497 328 3552 milites
349 3499 506 3554 avidissimo
526 3501 602 3554 vultu
622 3502 770 3567 intuentes,
784 3502 842 3568 pari
859 3507 922 3556 voto
942 3504 1056 3570 parique
1069 3503 1184 3556 consilio
1202 3514 1299 3555 omnes
1309 3503 1463 3557 unanimes

26 3565 214 3660 mmm
228 3597 338 3652 nudatis
356 3598 454 3667 gladiis
476 3613 559 3666 super
580 3603 671 3668 Ugone
692 3606 891 3667 cucurrerunt,
913 3603 1029 3669 quisquc
1049 3602 1145 3657 uolens
1167 3601 1253 3656 videri
1274 3600 1409 3656 audacior
1431 3604 1495 3656 eti

38 3668 214 3710 ''mmm'‘
227 3697 338 3751 domino
358 3699 447 3752 carior
468 3703 494 3752 et
514 3698 577 3752 dom

26 3817 37 3839 ·
50 3818 117 3873 coa·
129 3831 198 3873 non,
228 3798 380 3864 inspirante
402 3799 599 3865 misericordia,
612 3800 761 3854 Guilelmus
785 3803 838 3854 ne·
860 3800 938 3854 fleret
957 3801 1106 3867 prohibuit,
1118 3801 1214 3854 volens
1226 3812 1290 3853 eum
1302 3798 1462 3854 durissimis

221 3902 310 3950 artare
330 3898 483 3964 suppliciis.
506 3901 598 3966 Ugcne
617 3903 708 3952 autem
730 3900 895 3953 militaribus
913 3901 996 3953 armis
1017 3900 1120 3953 nudato
1143 3904 1171 3952 et
1190 3898 1316 3966 diligenti
1338 3898 1462 3952 militum

222 3996 346 4052 custodia
364 3997 577 4063 circumvallato,
590 3999 732 4053 wilelmus
754 4012 817 4052 curn
839 3999 943 4067 ingenti
963 4000 1102 4065 triumpho
1123 3997 1245 4051 dormire
1267 3997 1394 4052 vertitur.
1409 3999 1461 4064 Qui

222 4109 358 4163 reversus,
373 4097 458 4164 tigoni
470 4097 585 4163 pedibus
606 4098 661 4151 duo
682 4100 757 4165 paria
778 4099 942 4166 compedum
961 4100 1100 4165 imposuit,
1115 4098 1259 4166 ligatisque
1277 4103 1339 4165 post
1350 4103 1461 4167 tergum
1479 4102 1495 4153 ³

85 4213 95 4234 ·
130 4211 136 4225 ·
153 4249 162 4268 .
225 4196 354 4250 manibus
365 4196 463 4250 ferreis
474 4196 599 4261 vinculis,
610 4197 644 4250 ad
656 4196 783 4251 ultimum
797 4199 825 4251 in
834 4198 928 4251 infima
940 4211 1005 4252 suae
1015 4199 1110 4265 turris,
1120 4211 1204 4265 quam
1213 4197 1310 4251 calcis·
1323 4202 1351 4251 et
1361 4197 1462 4265 lapidi·

224 4294 276 4347 bus
288 4296 392 4348 obstrui
405 4295 517 4361 fecerat,
529 4295 637 4348 detrudi
649 4298 798 4363 praecepit,
812 4298 849 4350 ibi
862 4311 922 4351 esse
934 4298 994 4350 sine
1014 4297 1074 4350 cibo
1094 4302 1120 4349 et
1141 4301 1209 4362 potu
1221 4296 1274 4349 nisi
1285 4296 1329 4349 bis
1342 4296 1371 4349 in
1392 4296 1461 4351 neb·

224 4393 352 4448 domada.
365 4395 508 4449 foramine
520 4401 612 4448 autem
624 4396 727 4464 clauso,
741 4410 790 4462 per
802 4397 875 4464 quod
896 4397 1066 4450 miserrimus
1084 4396 1130 4449 ille
1149 4396 1277 4449 detrusus
1297 4395 1328 4449 in
1345 4408 1460 4451 carcere

222 4493 320 4560 fuerat,
334 4500 361 4547 et
372 4493 536 4548 firmissimis
548 4496 632 4548 serris
642 4497 759 4563 munito,
770 4500 824 4564 tigo
839 4497 955 4550 consilio
968 4501 997 4550 et
1007 4495 1111 4551 auxilio
1129 4497 1273 4550 bominum
1285 4495 1461 4565 destituitur,

224 4592 309 4647 solius
321 4593 367 4648 bei
381 4593 482 4649 auxilio
494 4597 522 4649 et
532 4595 619 4650 sanmi
631 4594 766 4650 leonardi
779 4594 963 4663 adjuvandus.
1479 4599 1495 4652 t
