<?xml version="1.0" encoding="UTF-8"?>
<!DOCTYPE html PUBLIC "-//W3C//DTD XHTML 1.0 Transitional//EN"
    "http://www.w3.org/TR/xhtml1/DTD/xhtml1-transitional.dtd">
<html xmlns="http://www.w3.org/1999/xhtml" xml:lang="en" lang="en">
 <head>
  <title>
</title>
<meta http-equiv="Content-Type" content="text/html;charset=utf-8" />
  <meta name='ocr-system' content='tesseract 3.04.00' />
  <meta name='ocr-capabilities' content='ocr_page ocr_carea ocr_par ocr_line ocrx_word'/>
</head>
<body>
  <div class='ocr_page' id='page_1' title='image "./cataloguscodicu02manugoog_0419.png"; bbox 0 0 3316 5482; ppageno 0'>
   <div class='ocr_carea' id='block_1_1' title="bbox 242 325 1123 393">
    <p class='ocr_par' dir='ltr' id='par_1_1' title="bbox 242 325 1123 393">
     <span class='ocr_line' id='line_1_1' title="bbox 242 325 1123 393; baseline -0.003 -1"><span class='ocrx_word' id='word_1_1' title='bbox 242 325 310 393; x_wconf 84' lang='grc'>394</span> <span class='ocrx_word' id='word_1_2' title='bbox 581 337 709 390; x_wconf 73' lang='lat' dir='ltr'>curm.</span> <span class='ocrx_word' id='word_1_3' title='bbox 727 336 829 389; x_wconf 86' lang='lat' dir='ltr'>cono.</span> <span class='ocrx_word' id='word_1_4' title='bbox 849 337 1024 389; x_wconf 76' lang='lat' dir='ltr'>meroen.</span> <span class='ocrx_word' id='word_1_5' title='bbox 1042 337 1123 390; x_wconf 75' lang='lat' dir='ltr'>nur.</span> 
     </span>
    </p>
   </div>
   <div class='ocr_carea' id='block_1_2' title="bbox 238 505 1501 1871">
    <p class='ocr_par' dir='ltr' id='par_1_2' title="bbox 238 505 1501 1871">
     <span class='ocr_line' id='line_1_2' title="bbox 241 505 1466 580; baseline 0 -17"><span class='ocrx_word' id='word_1_6' title='bbox 241 509 306 580; x_wconf 90' lang='lat' dir='ltr'>quid</span> <span class='ocrx_word' id='word_1_7' title='bbox 314 509 629 577; x_wconf 89' lang='lat' dir='ltr'>vicissimloquerentur,</span> <span class='ocrx_word' id='word_1_8' title='bbox 637 507 728 561; x_wconf 85' lang='lat' dir='ltr'>inians</span> <span class='ocrx_word' id='word_1_9' title='bbox 737 505 772 560; x_wconf 92' lang='lat' dir='ltr'>de</span> <span class='ocrx_word' id='word_1_10' title='bbox 781 511 861 562; x_wconf 93' lang='lat' dir='ltr'>utero</span> <span class='ocrx_word' id='word_1_11' title='bbox 867 508 1041 575; x_wconf 86' lang='lat' dir='ltr'>praegnantis</span> <span class='ocrx_word' id='word_1_12' title='bbox 1051 507 1142 562; x_wconf 92' lang='lat' dir='ltr'>emisit</span> <span class='ocrx_word' id='word_1_13' title='bbox 1149 520 1256 576; x_wconf 87' lang='lat' dir='ltr'>vocem,</span> <span class='ocrx_word' id='word_1_14' title='bbox 1266 522 1355 578; x_wconf 82' lang='lat' dir='ltr'>quam</span> <span class='ocrx_word' id='word_1_15' title='bbox 1361 512 1466 577; x_wconf 83' lang='lat' dir='ltr'>uterquc</span> 
     </span>
     <span class='ocr_line' id='line_1_3' title="bbox 242 605 1464 678; baseline -0.002 -14"><span class='ocrx_word' id='word_1_16' title='bbox 242 623 341 678; x_wconf 88' lang='lat' dir='ltr'>parens</span> <span class='ocrx_word' id='word_1_17' title='bbox 354 609 465 664; x_wconf 89' lang='lat' dir='ltr'>audivit.</span> <span class='ocrx_word' id='word_1_18' title='bbox 487 608 574 662; x_wconf 80' lang='lat' dir='ltr'>Ambo</span> <span class='ocrx_word' id='word_1_19' title='bbox 594 605 679 674; x_wconf 89' lang='lat' dir='ltr'>igitur</span> <span class='ocrx_word' id='word_1_20' title='bbox 700 607 933 673; x_wconf 76' lang='lat' dir='ltr'>obstupescentes,</span> <span class='ocrx_word' id='word_1_21' title='bbox 954 610 1053 660; x_wconf 87' lang='lat' dir='ltr'>vocant</span> <span class='ocrx_word' id='word_1_22' title='bbox 1072 606 1282 675; x_wconf 75' lang='lat' dir='ltr'>cubiculariam,</span> <span class='ocrx_word' id='word_1_23' title='bbox 1303 612 1337 661; x_wconf 93' lang='lat' dir='ltr'>ut</span> <span class='ocrx_word' id='word_1_24' title='bbox 1356 606 1464 663; x_wconf 80' lang='lat' dir='ltr'>adhibito</span> 
     </span>
     <span class='ocr_line' id='line_1_4' title="bbox 242 704 1463 775; baseline -0.002 -12"><span class='ocrx_word' id='word_1_25' title='bbox 242 709 347 763; x_wconf 90' lang='lat' dir='ltr'>lumine</span> <span class='ocrx_word' id='word_1_26' title='bbox 366 707 532 775; x_wconf 84' lang='lat' dir='ltr'>disquireret</span> <span class='ocrx_word' id='word_1_27' title='bbox 554 705 576 734; x_wconf 84' lang='lat'>¹⁸</span> <span class='ocrx_word' id='word_1_28' title='bbox 596 719 716 774; x_wconf 89' lang='lat' dir='ltr'>quonam</span> <span class='ocrx_word' id='word_1_29' title='bbox 737 705 828 759; x_wconf 85' lang='lat' dir='ltr'>inians</span> <span class='ocrx_word' id='word_1_30' title='bbox 850 705 995 759; x_wconf 87' lang='lat' dir='ltr'>sonuisset.</span> <span class='ocrx_word' id='word_1_31' title='bbox 1007 707 1040 759; x_wconf 78' lang='lat' dir='ltr'>tt</span> <span class='ocrx_word' id='word_1_32' title='bbox 1062 704 1118 772; x_wconf 90' lang='lat' dir='ltr'>illa,</span> <span class='ocrx_word' id='word_1_33' title='bbox 1141 718 1205 758; x_wconf 90' lang='lat' dir='ltr'>cum</span> <span class='ocrx_word' id='word_1_34' title='bbox 1224 705 1334 760; x_wconf 88' lang='lat' dir='ltr'>lumine</span> <span class='ocrx_word' id='word_1_35' title='bbox 1352 706 1463 773; x_wconf 79' lang='lat' dir='ltr'>veniens,</span> 
     </span>
     <span class='ocr_line' id='line_1_5' title="bbox 242 803 1463 875; baseline -0.001 -13"><span class='ocrx_word' id='word_1_36' title='bbox 242 809 332 863; x_wconf 91' lang='lat' dir='ltr'>locum</span> <span class='ocrx_word' id='word_1_37' title='bbox 352 806 585 875; x_wconf 83' lang='lat' dir='ltr'>perscrutabatur.</span> <span class='ocrx_word' id='word_1_38' title='bbox 608 807 639 858; x_wconf 83' lang='lat' dir='ltr'>tlt</span> <span class='ocrx_word' id='word_1_39' title='bbox 661 819 724 859; x_wconf 91' lang='lat' dir='ltr'>cum</span> <span class='ocrx_word' id='word_1_40' title='bbox 748 805 854 859; x_wconf 91' lang='lat' dir='ltr'>nullum</span> <span class='ocrx_word' id='word_1_41' title='bbox 879 805 1011 859; x_wconf 80' lang='lat' dir='ltr'>infantem</span> <span class='ocrx_word' id='word_1_42' title='bbox 1032 803 1054 832; x_wconf 80' lang='lat'>¹¹</span> <span class='ocrx_word' id='word_1_43' title='bbox 1078 804 1176 859; x_wconf 91' lang='lat' dir='ltr'>adesse</span> <span class='ocrx_word' id='word_1_44' title='bbox 1198 809 1362 873; x_wconf 81' lang='lat' dir='ltr'>testaretur,</span> <span class='ocrx_word' id='word_1_45' title='bbox 1387 807 1463 861; x_wconf 81' lang='lat' dir='ltr'>inians</span> 
     </span>
     <span class='ocr_line' id='line_1_6' title="bbox 243 904 1485 973; baseline -0.002 -11"><span class='ocrx_word' id='word_1_46' title='bbox 243 906 366 963; x_wconf 86' lang='lat' dir='ltr'>secundo</span> <span class='ocrx_word' id='word_1_47' title='bbox 379 907 480 961; x_wconf 89' lang='lat' dir='ltr'>sonuit.</span> <span class='ocrx_word' id='word_1_48' title='bbox 493 908 526 960; x_wconf 81' lang='lat' dir='ltr'>Et</span> <span class='ocrx_word' id='word_1_49' title='bbox 536 911 599 973; x_wconf 93' lang='lat' dir='ltr'>post</span> <span class='ocrx_word' id='word_1_50' title='bbox 619 904 758 959; x_wconf 90' lang='lat' dir='ltr'>modicum</span> <span class='ocrx_word' id='word_1_51' title='bbox 776 905 950 959; x_wconf 89' lang='lat' dir='ltr'>intervallum</span> <span class='ocrx_word' id='word_1_52' title='bbox 963 904 1056 959; x_wconf 91' lang='lat' dir='ltr'>sonuit</span> <span class='ocrx_word' id='word_1_53' title='bbox 1066 906 1147 959; x_wconf 90' lang='lat' dir='ltr'>etiarn</span> <span class='ocrx_word' id='word_1_54' title='bbox 1159 905 1250 972; x_wconf 84' lang='lat' dir='ltr'>tertio,</span> <span class='ocrx_word' id='word_1_55' title='bbox 1269 904 1399 960; x_wconf 85' lang='lat' dir='ltr'>videlicet</span> <span class='ocrx_word' id='word_1_56' title='bbox 1408 905 1485 960; x_wconf 73' lang='lat' dir='ltr'>sicuti</span> 
     </span>
     <span class='ocr_line' id='line_1_7' title="bbox 242 1003 1462 1075; baseline -0.001 -13"><span class='ocrx_word' id='word_1_57' title='bbox 242 1021 340 1062; x_wconf 89' lang='lat' dir='ltr'>recens</span> <span class='ocrx_word' id='word_1_58' title='bbox 351 1012 431 1061; x_wconf 90' lang='lat' dir='ltr'>natus</span> <span class='ocrx_word' id='word_1_59' title='bbox 443 1006 534 1075; x_wconf 80' lang='lat' dir='ltr'>vagire</span> <span class='ocrx_word' id='word_1_60' title='bbox 546 1005 625 1060; x_wconf 87' lang='lat' dir='ltr'>solet.</span> <span class='ocrx_word' id='word_1_61' title='bbox 637 1008 695 1058; x_wconf 87' lang='lat' dir='ltr'>lam</span> <span class='ocrx_word' id='word_1_62' title='bbox 708 1006 834 1074; x_wconf 90' lang='lat' dir='ltr'>ignorare</span> <span class='ocrx_word' id='word_1_63' title='bbox 845 1017 902 1059; x_wconf 92' lang='lat' dir='ltr'>non</span> <span class='ocrx_word' id='word_1_64' title='bbox 914 1008 1040 1071; x_wconf 87' lang='lat' dir='ltr'>poterant</span> <span class='ocrx_word' id='word_1_65' title='bbox 1052 1003 1125 1072; x_wconf 94' lang='lat' dir='ltr'>quod</span> <span class='ocrx_word' id='word_1_66' title='bbox 1137 1004 1184 1058; x_wconf 89' lang='lat' dir='ltr'>illa</span> <span class='ocrx_word' id='word_1_67' title='bbox 1195 1017 1249 1059; x_wconf 88' lang='lat' dir='ltr'>vox</span> <span class='ocrx_word' id='word_1_68' title='bbox 1261 1005 1294 1058; x_wconf 91' lang='lat' dir='ltr'>in</span> <span class='ocrx_word' id='word_1_69' title='bbox 1306 1005 1403 1060; x_wconf 82' lang='lat' dir='ltr'>matris</span> <span class='ocrx_word' id='word_1_70' title='bbox 1411 1007 1462 1061; x_wconf 83' lang='lat' dir='ltr'>alm</span> 
     </span>
     <span class='ocr_line' id='line_1_8' title="bbox 241 1103 1462 1174; baseline -0.002 -13"><span class='ocrx_word' id='word_1_71' title='bbox 241 1106 380 1174; x_wconf 83' lang='lat' dir='ltr'>sonuerii3</span> <span class='ocrx_word' id='word_1_72' title='bbox 394 1105 468 1174; x_wconf 89' lang='lat' dir='ltr'>quod</span> <span class='ocrx_word' id='word_1_73' title='bbox 481 1105 582 1160; x_wconf 89' lang='lat' dir='ltr'>idcirco</span> <span class='ocrx_word' id='word_1_74' title='bbox 603 1105 703 1159; x_wconf 91' lang='lat' dir='ltr'>mirum</span> <span class='ocrx_word' id='word_1_75' title='bbox 716 1109 758 1158; x_wconf 89' lang='lat' dir='ltr'>est</span> <span class='ocrx_word' id='word_1_76' title='bbox 777 1105 841 1172; x_wconf 89' lang='lat' dir='ltr'>quia</span> <span class='ocrx_word' id='word_1_77' title='bbox 854 1144 862 1171; x_wconf 92' lang='lat'>,</span> <span class='ocrx_word' id='word_1_78' title='bbox 875 1103 1038 1171; x_wconf 81' lang='lat' dir='ltr'>disponente</span> <span class='ocrx_word' id='word_1_79' title='bbox 1059 1117 1152 1157; x_wconf 91' lang='lat' dir='ltr'>rerum</span> <span class='ocrx_word' id='word_1_80' title='bbox 1163 1108 1277 1158; x_wconf 87' lang='lat' dir='ltr'>auctore</span> <span class='ocrx_word' id='word_1_81' title='bbox 1298 1106 1365 1172; x_wconf 81' lang='lat' dir='ltr'>lieo,</span> <span class='ocrx_word' id='word_1_82' title='bbox 1377 1110 1462 1159; x_wconf 82' lang='lat' dir='ltr'>contra</span> 
     </span>
     <span class='ocr_line' id='line_1_9' title="bbox 240 1203 1459 1271; baseline -0.001 -11"><span class='ocrx_word' id='word_1_83' title='bbox 240 1211 354 1261; x_wconf 88' lang='lat' dir='ltr'>naturae</span> <span class='ocrx_word' id='word_1_84' title='bbox 366 1205 479 1261; x_wconf 91' lang='lat' dir='ltr'>modum</span> <span class='ocrx_word' id='word_1_85' title='bbox 491 1208 598 1260; x_wconf 90' lang='lat' dir='ltr'>constat</span> <span class='ocrx_word' id='word_1_86' title='bbox 607 1204 750 1259; x_wconf 89' lang='lat' dir='ltr'>accidisse.</span> <span class='ocrx_word' id='word_1_87' title='bbox 764 1205 863 1269; x_wconf 82' lang='lat' dir='ltr'>Quinto</span> <span class='ocrx_word' id='word_1_88' title='bbox 875 1209 936 1271; x_wconf 92' lang='lat' dir='ltr'>post</span> <span class='ocrx_word' id='word_1_89' title='bbox 956 1205 1025 1258; x_wconf 90' lang='lat' dir='ltr'>lraec</span> <span class='ocrx_word' id='word_1_90' title='bbox 1037 1203 1081 1257; x_wconf 93' lang='lat' dir='ltr'>die</span> <span class='ocrx_word' id='word_1_91' title='bbox 1093 1209 1179 1257; x_wconf 89' lang='lat' dir='ltr'>mater</span> <span class='ocrx_word' id='word_1_92' title='bbox 1191 1217 1312 1271; x_wconf 89' lang='lat' dir='ltr'>puerum</span> <span class='ocrx_word' id='word_1_93' title='bbox 1326 1205 1407 1259; x_wconf 84' lang='lat' dir='ltr'>enixa</span> <span class='ocrx_word' id='word_1_94' title='bbox 1417 1209 1459 1259; x_wconf 85' lang='lat' dir='ltr'>est</span> 
     </span>
     <span class='ocr_line' id='line_1_10' title="bbox 274 1303 1465 1373; baseline -0.003 -13"><span class='ocrx_word' id='word_1_95' title='bbox 274 1307 305 1360; x_wconf 74' lang='lat'>2.</span> <span class='ocrx_word' id='word_1_96' title='bbox 318 1310 401 1361; x_wconf 80' lang='lat' dir='ltr'>llatus</span> <span class='ocrx_word' id='word_1_97' title='bbox 413 1307 504 1373; x_wconf 87' lang='lat' dir='ltr'>itaque</span> <span class='ocrx_word' id='word_1_98' title='bbox 517 1311 544 1360; x_wconf 90' lang='lat' dir='ltr'>et</span> <span class='ocrx_word' id='word_1_99' title='bbox 563 1305 722 1368; x_wconf 80' lang='lat' dir='ltr'>ablactatus,</span> <span class='ocrx_word' id='word_1_100' title='bbox 735 1317 797 1357; x_wconf 92' lang='lat' dir='ltr'>cum</span> <span class='ocrx_word' id='word_1_101' title='bbox 818 1303 854 1357; x_wconf 90' lang='lat' dir='ltr'>ad</span> <span class='ocrx_word' id='word_1_102' title='bbox 866 1303 940 1357; x_wconf 89' lang='lat' dir='ltr'>illam</span> <span class='ocrx_word' id='word_1_103' title='bbox 960 1304 1130 1371; x_wconf 83' lang='lat' dir='ltr'>pervenisset</span> <span class='ocrx_word' id='word_1_104' title='bbox 1147 1307 1264 1358; x_wconf 87' lang='lat' dir='ltr'>aetatem</span> <span class='ocrx_word' id='word_1_105' title='bbox 1278 1305 1309 1357; x_wconf 92' lang='lat' dir='ltr'>in</span> <span class='ocrx_word' id='word_1_106' title='bbox 1327 1317 1384 1373; x_wconf 90' lang='lat' dir='ltr'>qua</span> <span class='ocrx_word' id='word_1_107' title='bbox 1397 1303 1465 1372; x_wconf 87' lang='lat' dir='ltr'>pueri</span> 
     </span>
     <span class='ocr_line' id='line_1_11' title="bbox 241 1400 1501 1471; baseline -0.007 -9"><span class='ocrx_word' id='word_1_108' title='bbox 241 1407 331 1462; x_wconf 90' lang='lat' dir='ltr'>solent</span> <span class='ocrx_word' id='word_1_109' title='bbox 343 1406 423 1461; x_wconf 90' lang='lat' dir='ltr'>irasci</span> <span class='ocrx_word' id='word_1_110' title='bbox 434 1405 477 1460; x_wconf 87' lang='lat' dir='ltr'>vel</span> <span class='ocrx_word' id='word_1_111' title='bbox 490 1403 617 1460; x_wconf 84' lang='lat' dir='ltr'>inridere</span> <span class='ocrx_word' id='word_1_112' title='bbox 629 1403 675 1457; x_wconf 84' lang='lat' dir='ltr'>et·</span> <span class='ocrx_word' id='word_1_113' title='bbox 691 1403 760 1458; x_wconf 89' lang='lat' dir='ltr'>velle</span> <span class='ocrx_word' id='word_1_114' title='bbox 773 1403 869 1458; x_wconf 92' lang='lat' dir='ltr'>ulcisci</span> <span class='ocrx_word' id='word_1_115' title='bbox 883 1406 906 1471; x_wconf 83' lang='lat'>¹,</span> <span class='ocrx_word' id='word_1_116' title='bbox 920 1416 1028 1458; x_wconf 91' lang='lat' dir='ltr'>morum</span> <span class='ocrx_word' id='word_1_117' title='bbox 1042 1403 1158 1458; x_wconf 81' lang='lat' dir='ltr'>dulcedo</span> <span class='ocrx_word' id='word_1_118' title='bbox 1170 1403 1309 1470; x_wconf 83' lang='lat' dir='ltr'>quaedam</span> <span class='ocrx_word' id='word_1_119' title='bbox 1321 1404 1352 1458; x_wconf 93' lang='lat' dir='ltr'>in</span> <span class='ocrx_word' id='word_1_120' title='bbox 1362 1402 1467 1458; x_wconf 80' lang='lat' dir='ltr'>deraldo</span> <span class='ocrx_word' id='word_1_121' title='bbox 1479 1400 1501 1453; x_wconf 86' lang='lat' dir='ltr'>lt</span> 
     </span>
     <span class='ocr_line' id='line_1_12' title="bbox 238 1502 1468 1574; baseline -0.003 -13"><span class='ocrx_word' id='word_1_122' title='bbox 238 1507 294 1573; x_wconf 88' lang='lat' dir='ltr'>jam</span> <span class='ocrx_word' id='word_1_123' title='bbox 316 1507 471 1574; x_wconf 83' lang='lat' dir='ltr'>apparebat,</span> <span class='ocrx_word' id='word_1_124' title='bbox 484 1510 515 1558; x_wconf 90' lang='lat' dir='ltr'>ut</span> <span class='ocrx_word' id='word_1_125' title='bbox 535 1518 585 1572; x_wconf 92' lang='lat' dir='ltr'>per</span> <span class='ocrx_word' id='word_1_126' title='bbox 605 1505 677 1572; x_wconf 93' lang='lat' dir='ltr'>ipsos</span> <span class='ocrx_word' id='word_1_127' title='bbox 690 1503 828 1558; x_wconf 84' lang='lat' dir='ltr'>infantiles</span> <span class='ocrx_word' id='word_1_128' title='bbox 849 1507 926 1558; x_wconf 90' lang='lat' dir='ltr'>actus</span> <span class='ocrx_word' id='word_1_129' title='bbox 948 1502 1149 1571; x_wconf 90' lang='lat' dir='ltr'>quodammodo</span> <span class='ocrx_word' id='word_1_130' title='bbox 1167 1502 1258 1571; x_wconf 93' lang='lat' dir='ltr'>qualis</span> <span class='ocrx_word' id='word_1_131' title='bbox 1275 1508 1351 1557; x_wconf 88' lang='lat' dir='ltr'>esset</span> <span class='ocrx_word' id='word_1_132' title='bbox 1368 1504 1468 1557; x_wconf 84' lang='lat' dir='ltr'>rutumr</span> 
     </span>
     <span class='ocr_line' id='line_1_13' title="bbox 240 1602 1466 1671; baseline -0.003 -11"><span class='ocrx_word' id='word_1_133' title='bbox 240 1607 369 1661; x_wconf 89' lang='lat' dir='ltr'>innueret</span> <span class='ocrx_word' id='word_1_134' title='bbox 378 1605 398 1659; x_wconf 83' lang='lat'>⁸.</span> <span class='ocrx_word' id='word_1_135' title='bbox 410 1605 512 1660; x_wconf 80' lang='lat' dir='ltr'>Dehinc</span> <span class='ocrx_word' id='word_1_136' title='bbox 524 1604 678 1659; x_wconf 87' lang='lat' dir='ltr'>litterarum</span> <span class='ocrx_word' id='word_1_137' title='bbox 688 1602 785 1657; x_wconf 87' lang='lat' dir='ltr'>studiis</span> <span class='ocrx_word' id='word_1_138' title='bbox 793 1602 944 1671; x_wconf 89' lang='lat' dir='ltr'>applicatus</span> <span class='ocrx_word' id='word_1_139' title='bbox 951 1608 1001 1670; x_wconf 91' lang='lat' dir='ltr'>est,</span> <span class='ocrx_word' id='word_1_140' title='bbox 1012 1602 1059 1657; x_wconf 90' lang='lat' dir='ltr'>tali</span> <span class='ocrx_word' id='word_1_141' title='bbox 1069 1602 1209 1656; x_wconf 88' lang='lat' dir='ltr'>voluntate</span> <span class='ocrx_word' id='word_1_142' title='bbox 1220 1602 1307 1669; x_wconf 88' lang='lat' dir='ltr'>patris</span> <span class='ocrx_word' id='word_1_143' title='bbox 1316 1606 1348 1656; x_wconf 89' lang='lat' dir='ltr'>ut</span> <span class='ocrx_word' id='word_1_144' title='bbox 1358 1602 1466 1656; x_wconf 84' lang='lat' dir='ltr'>decurro</span> 
     </span>
     <span class='ocr_line' id='line_1_14' title="bbox 241 1700 1465 1773; baseline -0.004 -15"><span class='ocrx_word' id='word_1_145' title='bbox 241 1704 370 1773; x_wconf 89' lang='lat' dir='ltr'>psalterio</span> <span class='ocrx_word' id='word_1_146' title='bbox 382 1703 566 1758; x_wconf 89' lang='lat' dir='ltr'>saecularibus</span> <span class='ocrx_word' id='word_1_147' title='bbox 578 1704 674 1756; x_wconf 90' lang='lat' dir='ltr'>studiis</span> <span class='ocrx_word' id='word_1_148' title='bbox 694 1715 756 1757; x_wconf 88' lang='lat' dir='ltr'>mox</span> <span class='ocrx_word' id='word_1_149' title='bbox 770 1702 934 1756; x_wconf 88' lang='lat' dir='ltr'>erudiretur.</span> <span class='ocrx_word' id='word_1_150' title='bbox 949 1702 1002 1757; x_wconf 90' lang='lat' dir='ltr'>sed</span> <span class='ocrx_word' id='word_1_151' title='bbox 1024 1702 1127 1769; x_wconf 87' lang='lat' dir='ltr'>divina,</span> <span class='ocrx_word' id='word_1_152' title='bbox 1145 1707 1174 1756; x_wconf 92' lang='lat' dir='ltr'>ut</span> <span class='ocrx_word' id='word_1_153' title='bbox 1194 1701 1346 1769; x_wconf 88' lang='lat' dir='ltr'>credimus,</span> <span class='ocrx_word' id='word_1_154' title='bbox 1358 1700 1465 1769; x_wconf 87' lang='lat' dir='ltr'>disposi-</span> 
     </span>
     <span class='ocr_line' id='line_1_15' title="bbox 242 1799 1467 1871; baseline -0.003 -15"><span class='ocrx_word' id='word_1_155' title='bbox 242 1803 316 1856; x_wconf 90' lang='lat' dir='ltr'>tione</span> <span class='ocrx_word' id='word_1_156' title='bbox 328 1803 440 1871; x_wconf 89' lang='lat' dir='ltr'>contigit</span> <span class='ocrx_word' id='word_1_157' title='bbox 458 1808 490 1856; x_wconf 91' lang='lat' dir='ltr'>ut</span> <span class='ocrx_word' id='word_1_158' title='bbox 501 1801 637 1869; x_wconf 77' lang='lat' dir='ltr'>frequenti</span> <span class='ocrx_word' id='word_1_159' title='bbox 658 1799 816 1855; x_wconf 80' lang='lat' dir='ltr'>infirmitate</span> <span class='ocrx_word' id='word_1_160' title='bbox 833 1802 1023 1870; x_wconf 77' lang='lat' dir='ltr'>languesceret</span> <span class='ocrx_word' id='word_1_161' title='bbox 1044 1801 1065 1855; x_wconf 79' lang='lat'>⁴.</span> <span class='ocrx_word' id='word_1_162' title='bbox 1087 1801 1163 1867; x_wconf 83' lang='lat' dir='ltr'>Quod</span> <span class='ocrx_word' id='word_1_163' title='bbox 1181 1801 1295 1855; x_wconf 90' lang='lat' dir='ltr'>intuens</span> <span class='ocrx_word' id='word_1_164' title='bbox 1316 1804 1395 1868; x_wconf 85' lang='lat' dir='ltr'>pater</span> <span class='ocrx_word' id='word_1_165' title='bbox 1406 1800 1467 1866; x_wconf 86' lang='lat' dir='ltr'>ejus,</span> 
     </span>
    </p>
   </div>
   <div class='ocr_carea' id='block_1_3' title="bbox 145 1896 1502 1983">
    <p class='ocr_par' dir='ltr' id='par_1_3' title="bbox 145 1896 1502 1983">
     <span class='ocr_line' id='line_1_16' title="bbox 145 1896 1502 1983; baseline -0.004 -26"><span class='ocrx_word' id='word_1_166' title='bbox 145 1974 150 1983; x_wconf 28' lang='lat'>&#39;</span> <span class='ocrx_word' id='word_1_167' title='bbox 240 1903 318 1970; x_wconf 90' lang='lat' dir='ltr'>jubet</span> <span class='ocrx_word' id='word_1_168' title='bbox 328 1907 359 1956; x_wconf 90' lang='lat' dir='ltr'>ut</span> <span class='ocrx_word' id='word_1_169' title='bbox 369 1903 520 1956; x_wconf 89' lang='lat' dir='ltr'>litterarum</span> <span class='ocrx_word' id='word_1_170' title='bbox 532 1901 801 1969; x_wconf 88' lang='lat' dir='ltr'>disciplinisplenius</span> <span class='ocrx_word' id='word_1_171' title='bbox 812 1900 822 1926; x_wconf 81' lang='lat'>⁸</span> <span class='ocrx_word' id='word_1_172' title='bbox 833 1902 1027 1968; x_wconf 87' lang='lat' dir='ltr'>instrueretur,</span> <span class='ocrx_word' id='word_1_173' title='bbox 1035 1901 1174 1969; x_wconf 72' lang='lat' dir='ltr'>quatinus,</span> <span class='ocrx_word' id='word_1_174' title='bbox 1185 1901 1207 1954; x_wconf 87' lang='lat' dir='ltr'>si</span> <span class='ocrx_word' id='word_1_175' title='bbox 1217 1900 1354 1954; x_wconf 89' lang='lat' dir='ltr'>saeculari</span> <span class='ocrx_word' id='word_1_176' title='bbox 1362 1899 1468 1953; x_wconf 83' lang='lat' dir='ltr'>militiae</span> <span class='ocrx_word' id='word_1_177' title='bbox 1480 1896 1502 1951; x_wconf 80' lang='lat' dir='ltr'>tt</span> 
     </span>
    </p>
   </div>
   <div class='ocr_carea' id='block_1_4' title="bbox 243 1999 1472 2267">
    <p class='ocr_par' dir='ltr' id='par_1_4' title="bbox 243 1999 1472 2267">
     <span class='ocr_line' id='line_1_17' title="bbox 243 1999 1472 2069; baseline -0.002 -14"><span class='ocrx_word' id='word_1_178' title='bbox 243 2016 301 2056; x_wconf 94' lang='lat' dir='ltr'>non</span> <span class='ocrx_word' id='word_1_179' title='bbox 314 2007 387 2056; x_wconf 91' lang='lat' dir='ltr'>esset</span> <span class='ocrx_word' id='word_1_180' title='bbox 397 2006 487 2069; x_wconf 88' lang='lat' dir='ltr'>aptus,</span> <span class='ocrx_word' id='word_1_181' title='bbox 499 2001 533 2055; x_wconf 87' lang='lat' dir='ltr'>ad</span> <span class='ocrx_word' id='word_1_182' title='bbox 552 2001 765 2055; x_wconf 86' lang='lat' dir='ltr'>ecclesiasticum</span> <span class='ocrx_word' id='word_1_183' title='bbox 787 1999 906 2055; x_wconf 80' lang='lat' dir='ltr'>odicium</span> <span class='ocrx_word' id='word_1_184' title='bbox 918 1999 1018 2055; x_wconf 76' lang='lat' dir='ltr'>tieret·</span> <span class='ocrx_word' id='word_1_185' title='bbox 1039 2000 1243 2056; x_wconf 91' lang='lat' dir='ltr'>accommodus.</span> <span class='ocrx_word' id='word_1_186' title='bbox 1258 2004 1316 2067; x_wconf 84' lang='lat' dir='ltr'>Qua</span> <span class='ocrx_word' id='word_1_187' title='bbox 1336 1999 1472 2055; x_wconf 81' lang='lat' dir='ltr'>occasione</span> 
     </span>
     <span class='ocr_line' id='line_1_18' title="bbox 243 2095 1472 2168; baseline -0.002 -12"><span class='ocrx_word' id='word_1_188' title='bbox 243 2101 345 2156; x_wconf 79' lang='lat' dir='ltr'>lactum</span> <span class='ocrx_word' id='word_1_189' title='bbox 358 2103 398 2154; x_wconf 89' lang='lat' dir='ltr'>est</span> <span class='ocrx_word' id='word_1_190' title='bbox 409 2106 440 2155; x_wconf 93' lang='lat' dir='ltr'>ut</span> <span class='ocrx_word' id='word_1_191' title='bbox 448 2105 476 2154; x_wconf 90' lang='lat' dir='ltr'>et</span> <span class='ocrx_word' id='word_1_192' title='bbox 484 2104 595 2154; x_wconf 88' lang='lat' dir='ltr'>cantum</span> <span class='ocrx_word' id='word_1_193' title='bbox 605 2099 723 2154; x_wconf 89' lang='lat' dir='ltr'>disceret</span> <span class='ocrx_word' id='word_1_194' title='bbox 733 2104 759 2154; x_wconf 89' lang='lat' dir='ltr'>et</span> <span class='ocrx_word' id='word_1_195' title='bbox 769 2099 882 2166; x_wconf 92' lang='lat' dir='ltr'>insuper</span> <span class='ocrx_word' id='word_1_196' title='bbox 895 2100 1098 2167; x_wconf 86' lang='lat' dir='ltr'>grammaticam</span> <span class='ocrx_word' id='word_1_197' title='bbox 1108 2104 1195 2153; x_wconf 90' lang='lat' dir='ltr'>artem</span> <span class='ocrx_word' id='word_1_198' title='bbox 1207 2099 1392 2167; x_wconf 79' lang='lat' dir='ltr'>praelibaret3</span> <span class='ocrx_word' id='word_1_199' title='bbox 1406 2095 1472 2168; x_wconf 86' lang='lat' dir='ltr'>quod</span> 
     </span>
     <span class='ocr_line' id='line_1_19' title="bbox 243 2196 1472 2267; baseline -0.001 -14"><span class='ocrx_word' id='word_1_200' title='bbox 243 2200 269 2254; x_wconf 95' lang='lat' dir='ltr'>ei</span> <span class='ocrx_word' id='word_1_201' title='bbox 281 2203 374 2267; x_wconf 89' lang='lat' dir='ltr'>postea</span> <span class='ocrx_word' id='word_1_202' title='bbox 386 2199 502 2252; x_wconf 89' lang='lat' dir='ltr'>multum</span> <span class='ocrx_word' id='word_1_203' title='bbox 514 2198 624 2266; x_wconf 87' lang='lat' dir='ltr'>proluit,</span> <span class='ocrx_word' id='word_1_204' title='bbox 638 2212 700 2252; x_wconf 91' lang='lat' dir='ltr'>cum</span> <span class='ocrx_word' id='word_1_205' title='bbox 713 2211 791 2251; x_wconf 91' lang='lat' dir='ltr'>mens</span> <span class='ocrx_word' id='word_1_206' title='bbox 802 2198 875 2252; x_wconf 89' lang='lat' dir='ltr'>illius</span> <span class='ocrx_word' id='word_1_207' title='bbox 886 2199 960 2252; x_wconf 89' lang='lat' dir='ltr'>velut</span> <span class='ocrx_word' id='word_1_208' title='bbox 981 2198 1088 2252; x_wconf 87' lang='lat' dir='ltr'>elimata</span> <span class='ocrx_word' id='word_1_209' title='bbox 1106 2196 1142 2251; x_wconf 90' lang='lat' dir='ltr'>ad</span> <span class='ocrx_word' id='word_1_210' title='bbox 1155 2211 1188 2252; x_wconf 90' lang='lat' dir='ltr'>ea</span> <span class='ocrx_word' id='word_1_211' title='bbox 1200 2211 1271 2267; x_wconf 89' lang='lat' dir='ltr'>quae</span> <span class='ocrx_word' id='word_1_212' title='bbox 1282 2198 1368 2254; x_wconf 88' lang='lat' dir='ltr'>vellet</span> <span class='ocrx_word' id='word_1_213' title='bbox 1378 2199 1472 2252; x_wconf 85' lang='lat' dir='ltr'>instru-</span> 
     </span>
    </p>
   </div>
   <div class='ocr_carea' id='block_1_5' title="bbox 140 2295 1469 2367">
    <p class='ocr_par' dir='ltr' id='par_1_5' title="bbox 140 2295 1469 2367">
     <span class='ocr_line' id='line_1_20' title="bbox 140 2295 1469 2367; baseline -0.001 -14"><span class='ocrx_word' id='word_1_214' title='bbox 140 2295 148 2312; x_wconf 71' lang='lat'>⁸</span> <span class='ocrx_word' id='word_1_215' title='bbox 244 2299 312 2353; x_wconf 91' lang='lat' dir='ltr'>ctior</span> <span class='ocrx_word' id='word_1_216' title='bbox 324 2297 403 2352; x_wconf 88' lang='lat' dir='ltr'>fleret</span> <span class='ocrx_word' id='word_1_217' title='bbox 415 2303 442 2352; x_wconf 92' lang='lat' dir='ltr'>et</span> <span class='ocrx_word' id='word_1_218' title='bbox 453 2298 583 2352; x_wconf 92' lang='lat' dir='ltr'>memoria</span> <span class='ocrx_word' id='word_1_219' title='bbox 595 2295 730 2351; x_wconf 89' lang='lat' dir='ltr'>sensatior</span> <span class='ocrx_word' id='word_1_220' title='bbox 743 2297 777 2350; x_wconf 93' lang='lat' dir='ltr'>ad</span> <span class='ocrx_word' id='word_1_221' title='bbox 791 2297 987 2351; x_wconf 90' lang='lat' dir='ltr'>retinendum:</span> <span class='ocrx_word' id='word_1_222' title='bbox 1000 2310 1065 2351; x_wconf 91' lang='lat' dir='ltr'>uam</span> <span class='ocrx_word' id='word_1_223' title='bbox 1077 2297 1142 2351; x_wconf 93' lang='lat' dir='ltr'>inde</span> <span class='ocrx_word' id='word_1_224' title='bbox 1152 2298 1267 2367; x_wconf 88' lang='lat' dir='ltr'>contigit</span> <span class='ocrx_word' id='word_1_225' title='bbox 1278 2302 1311 2352; x_wconf 89' lang='lat' dir='ltr'>ut</span> <span class='ocrx_word' id='word_1_226' title='bbox 1321 2298 1352 2352; x_wconf 90' lang='lat' dir='ltr'>in</span> <span class='ocrx_word' id='word_1_227' title='bbox 1364 2296 1469 2364; x_wconf 67' lang='lat' dir='ltr'>scriptr-</span> 
     </span>
    </p>
   </div>
   <div class='ocr_carea' id='block_1_6' title="bbox 205 2392 1511 4161">
    <p class='ocr_par' dir='ltr' id='par_1_6' title="bbox 243 2392 1504 3164">
     <span class='ocr_line' id='line_1_21' title="bbox 243 2392 1503 2466; baseline -0.004 -13"><span class='ocrx_word' id='word_1_228' title='bbox 243 2412 335 2453; x_wconf 89' lang='lat' dir='ltr'>rarum</span> <span class='ocrx_word' id='word_1_229' title='bbox 348 2398 501 2465; x_wconf 78' lang='lat' dir='ltr'>cognitione</span> <span class='ocrx_word' id='word_1_230' title='bbox 522 2397 622 2452; x_wconf 91' lang='lat' dir='ltr'>multos</span> <span class='ocrx_word' id='word_1_231' title='bbox 642 2397 823 2451; x_wconf 84' lang='lat' dir='ltr'>clericorum&#39;</span> <span class='ocrx_word' id='word_1_232' title='bbox 840 2398 966 2464; x_wconf 85' lang='lat' dir='ltr'>praeiret.</span> <span class='ocrx_word' id='word_1_233' title='bbox 989 2399 1134 2451; x_wconf 70' lang='lat' dir='ltr'>transacta</span> <span class='ocrx_word' id='word_1_234' title='bbox 1146 2397 1274 2466; x_wconf 85' lang='lat' dir='ltr'>pueritia,</span> <span class='ocrx_word' id='word_1_235' title='bbox 1293 2411 1359 2452; x_wconf 92' lang='lat' dir='ltr'>cum</span> <span class='ocrx_word' id='word_1_236' title='bbox 1373 2398 1428 2465; x_wconf 81' lang='lat' dir='ltr'>jam</span> <span class='ocrx_word' id='word_1_237' title='bbox 1444 2392 1503 2449; x_wconf 63' lang='lat' dir='ltr'>in!</span> 
     </span>
     <span class='ocr_line' id='line_1_22' title="bbox 243 2495 1470 2562; baseline -0.002 -10"><span class='ocrx_word' id='word_1_238' title='bbox 243 2497 321 2552; x_wconf 87' lang='lat' dir='ltr'>virile</span> <span class='ocrx_word' id='word_1_239' title='bbox 333 2498 417 2551; x_wconf 90' lang='lat' dir='ltr'>robur</span> <span class='ocrx_word' id='word_1_240' title='bbox 429 2500 606 2562; x_wconf 87' lang='lat' dir='ltr'>excresceret,</span> <span class='ocrx_word' id='word_1_241' title='bbox 617 2495 760 2549; x_wconf 84' lang='lat' dir='ltr'>infirmitas</span> <span class='ocrx_word' id='word_1_242' title='bbox 773 2495 819 2550; x_wconf 89' lang='lat' dir='ltr'>illa</span> <span class='ocrx_word' id='word_1_243' title='bbox 831 2496 957 2562; x_wconf 88' lang='lat' dir='ltr'>cessavit,</span> <span class='ocrx_word' id='word_1_244' title='bbox 968 2500 995 2549; x_wconf 91' lang='lat' dir='ltr'>et</span> <span class='ocrx_word' id='word_1_245' title='bbox 1004 2495 1123 2549; x_wconf 88' lang='lat' dir='ltr'>eruditio</span> <span class='ocrx_word' id='word_1_246' title='bbox 1132 2496 1331 2562; x_wconf 91' lang='lat' dir='ltr'>scripturarum</span> <span class='ocrx_word' id='word_1_247' title='bbox 1346 2495 1390 2550; x_wconf 86' lang='lat' dir='ltr'>rel</span> <span class='ocrx_word' id='word_1_248' title='bbox 1401 2506 1470 2550; x_wconf 84' lang='lat' dir='ltr'>amor</span> 
     </span>
     <span class='ocr_line' id='line_1_23' title="bbox 244 2592 1469 2664; baseline -0.001 -14"><span class='ocrx_word' id='word_1_249' title='bbox 244 2598 274 2650; x_wconf 94' lang='lat' dir='ltr'>in</span> <span class='ocrx_word' id='word_1_250' title='bbox 286 2597 466 2652; x_wconf 89' lang='lat' dir='ltr'>adolescentis</span> <span class='ocrx_word' id='word_1_251' title='bbox 477 2594 702 2650; x_wconf 85' lang='lat' dir='ltr'>corderemansit</span> <span class='ocrx_word' id='word_1_252' title='bbox 718 2603 738 2650; x_wconf 86' lang='lat'>¹.</span> <span class='ocrx_word' id='word_1_253' title='bbox 755 2599 787 2650; x_wconf 86' lang='lat' dir='ltr'>Et</span> <span class='ocrx_word' id='word_1_254' title='bbox 798 2597 862 2664; x_wconf 89' lang='lat' dir='ltr'>quia</span> <span class='ocrx_word' id='word_1_255' title='bbox 879 2596 983 2649; x_wconf 89' lang='lat' dir='ltr'>viribus</span> <span class='ocrx_word' id='word_1_256' title='bbox 994 2595 1115 2662; x_wconf 91' lang='lat' dir='ltr'>corporis</span> <span class='ocrx_word' id='word_1_257' title='bbox 1127 2600 1156 2649; x_wconf 91' lang='lat' dir='ltr'>et</span> <span class='ocrx_word' id='word_1_258' title='bbox 1166 2592 1469 2663; x_wconf 73' lang='lat' dir='ltr'>&#39;velocitate&#39;satisprae</span> 
     </span>
     <span class='ocr_line' id='line_1_24' title="bbox 245 2695 1469 2767; baseline -0.003 -14"><span class='ocrx_word' id='word_1_259' title='bbox 245 2699 393 2764; x_wconf 87' lang='lat' dir='ltr'>eminebat,</span> <span class='ocrx_word' id='word_1_260' title='bbox 403 2699 437 2751; x_wconf 88' lang='lat' dir='ltr'>ad</span> <span class='ocrx_word' id='word_1_261' title='bbox 446 2702 577 2751; x_wconf 88' lang='lat' dir='ltr'>armatam</span> <span class='ocrx_word' id='word_1_262' title='bbox 588 2698 710 2751; x_wconf 89' lang='lat' dir='ltr'>mititiam</span> <span class='ocrx_word' id='word_1_263' title='bbox 721 2698 923 2765; x_wconf 89' lang='lat' dir='ltr'>quaerebatur;</span> <span class='ocrx_word' id='word_1_264' title='bbox 937 2696 985 2750; x_wconf 89' lang='lat' dir='ltr'>sed</span> <span class='ocrx_word' id='word_1_265' title='bbox 997 2696 1113 2764; x_wconf 86' lang='lat' dir='ltr'>dulcedo</span> <span class='ocrx_word' id='word_1_266' title='bbox 1130 2697 1341 2765; x_wconf 89' lang='lat' dir='ltr'>scripturarum,</span> <span class='ocrx_word' id='word_1_267' title='bbox 1354 2710 1433 2767; x_wconf 88' lang='lat' dir='ltr'>quam</span> <span class='ocrx_word' id='word_1_268' title='bbox 1445 2695 1469 2749; x_wconf 92' lang='lat' dir='ltr'>il·</span> 
     </span>
     <span class='ocr_line' id='line_1_25' title="bbox 246 2795 1471 2864; baseline -0.001 -13"><span class='ocrx_word' id='word_1_269' title='bbox 246 2797 298 2852; x_wconf 87' lang='lat' dir='ltr'>lius</span> <span class='ocrx_word' id='word_1_270' title='bbox 308 2810 388 2850; x_wconf 92' lang='lat' dir='ltr'>mens</span> <span class='ocrx_word' id='word_1_271' title='bbox 396 2798 452 2864; x_wconf 83' lang='lat' dir='ltr'>jam</span> <span class='ocrx_word' id='word_1_272' title='bbox 462 2797 616 2861; x_wconf 88' lang='lat' dir='ltr'>imbiberat,</span> <span class='ocrx_word' id='word_1_273' title='bbox 627 2796 700 2849; x_wconf 88' lang='lat' dir='ltr'>bunc</span> <span class='ocrx_word' id='word_1_274' title='bbox 710 2796 739 2848; x_wconf 93' lang='lat' dir='ltr'>in</span> <span class='ocrx_word' id='word_1_275' title='bbox 748 2796 915 2863; x_wconf 92' lang='lat' dir='ltr'>spiritalibus</span> <span class='ocrx_word' id='word_1_276' title='bbox 925 2796 1025 2849; x_wconf 85' lang='lat' dir='ltr'>iecerat</span> <span class='ocrx_word' id='word_1_277' title='bbox 1037 2795 1220 2849; x_wconf 90' lang='lat' dir='ltr'>voluntarium</span> <span class='ocrx_word' id='word_1_278' title='bbox 1233 2800 1261 2849; x_wconf 90' lang='lat' dir='ltr'>et</span> <span class='ocrx_word' id='word_1_279' title='bbox 1273 2795 1303 2848; x_wconf 92' lang='lat' dir='ltr'>in</span> <span class='ocrx_word' id='word_1_280' title='bbox 1315 2795 1471 2850; x_wconf 82' lang='lat' dir='ltr'>militaribus</span> 
     </span>
     <span class='ocr_line' id='line_1_26' title="bbox 246 2888 1504 2967; baseline -0.005 -17"><span class='ocrx_word' id='word_1_281' title='bbox 246 2898 348 2952; x_wconf 84' lang='lat' dir='ltr'>rebus·</span> <span class='ocrx_word' id='word_1_282' title='bbox 362 2898 439 2964; x_wconf 87' lang='lat' dir='ltr'>quasi</span> <span class='ocrx_word' id='word_1_283' title='bbox 452 2898 571 2967; x_wconf 86' lang='lat' dir='ltr'>pigrum.</span> <span class='ocrx_word' id='word_1_284' title='bbox 585 2896 671 2950; x_wconf 83' lang='lat' dir='ltr'>credo</span> <span class='ocrx_word' id='word_1_285' title='bbox 685 2909 804 2963; x_wconf 86' lang='lat' dir='ltr'>namque</span> <span class='ocrx_word' id='word_1_286' title='bbox 813 2897 871 2963; x_wconf 89' lang='lat' dir='ltr'>jam</span> <span class='ocrx_word' id='word_1_287' title='bbox 888 2895 1058 2949; x_wconf 88' lang='lat' dir='ltr'>intellexerat</span> <span class='ocrx_word' id='word_1_288' title='bbox 1069 2895 1134 2963; x_wconf 89' lang='lat' dir='ltr'>quia</span> <span class='ocrx_word' id='word_1_289' title='bbox 1146 2894 1243 2948; x_wconf 88' lang='lat' dir='ltr'>melior</span> <span class='ocrx_word' id='word_1_290' title='bbox 1255 2901 1298 2948; x_wconf 88' lang='lat' dir='ltr'>est</span> <span class='ocrx_word' id='word_1_291' title='bbox 1310 2893 1335 2924; x_wconf 81' lang='lat'>⁴⁸</span> <span class='ocrx_word' id='word_1_292' title='bbox 1347 2888 1504 2964; x_wconf 64' lang='lat' dir='ltr'>sapientia!</span> 
     </span>
     <span class='ocr_line' id='line_1_27' title="bbox 246 2992 1469 3065; baseline 0 -15"><span class='ocrx_word' id='word_1_293' title='bbox 246 3011 328 3065; x_wconf 90' lang='lat' dir='ltr'>quam</span> <span class='ocrx_word' id='word_1_294' title='bbox 340 2998 411 3050; x_wconf 84' lang='lat' dir='ltr'>vires</span> <span class='ocrx_word' id='word_1_295' title='bbox 424 3004 450 3050; x_wconf 88' lang='lat' dir='ltr'>et</span> <span class='ocrx_word' id='word_1_296' title='bbox 463 2996 531 3048; x_wconf 89' lang='lat' dir='ltr'>nibil</span> <span class='ocrx_word' id='word_1_297' title='bbox 544 2995 759 3062; x_wconf 86' lang='lat' dir='ltr'>est-locupletius</span> <span class='ocrx_word' id='word_1_298' title='bbox 769 2995 824 3049; x_wconf 92' lang='lat' dir='ltr'>illa.</span> <span class='ocrx_word' id='word_1_299' title='bbox 839 2998 909 3048; x_wconf 88' lang='lat' dir='ltr'>ilaec</span> <span class='ocrx_word' id='word_1_300' title='bbox 920 2996 1011 3061; x_wconf 87' lang='lat' dir='ltr'>igitur,</span> <span class='ocrx_word' id='word_1_301' title='bbox 1024 3000 1054 3047; x_wconf 90' lang='lat' dir='ltr'>ut</span> <span class='ocrx_word' id='word_1_302' title='bbox 1066 2996 1124 3061; x_wconf 88' lang='lat' dir='ltr'>ipsa</span> <span class='ocrx_word' id='word_1_303' title='bbox 1137 2993 1276 3062; x_wconf 85' lang='lat' dir='ltr'>sapientia</span> <span class='ocrx_word' id='word_1_304' title='bbox 1289 2993 1368 3062; x_wconf 90' lang='lat' dir='ltr'>dicit,</span> <span class='ocrx_word' id='word_1_305' title='bbox 1378 2997 1404 3050; x_wconf 91' lang='lat' dir='ltr'>ei</span> <span class='ocrx_word' id='word_1_306' title='bbox 1415 3008 1442 3049; x_wconf 88' lang='lat' dir='ltr'>se</span> <span class='ocrx_word' id='word_1_307' title='bbox 1451 2992 1469 3021; x_wconf 81' lang='lat'>¹¹</span> 
     </span>
     <span class='ocr_line' id='line_1_28' title="bbox 246 3092 1106 3164; baseline -0.002 -15"><span class='ocrx_word' id='word_1_308' title='bbox 246 3099 322 3164; x_wconf 93' lang='lat' dir='ltr'>prior</span> <span class='ocrx_word' id='word_1_309' title='bbox 333 3097 491 3150; x_wconf 90' lang='lat' dir='ltr'>ostenderat</span> <span class='ocrx_word' id='word_1_310' title='bbox 503 3101 530 3148; x_wconf 93' lang='lat' dir='ltr'>et</span> <span class='ocrx_word' id='word_1_311' title='bbox 543 3103 601 3148; x_wconf 89' lang='lat' dir='ltr'>erat</span> <span class='ocrx_word' id='word_1_312' title='bbox 613 3095 701 3148; x_wconf 91' lang='lat' dir='ltr'>dulcis</span> <span class='ocrx_word' id='word_1_313' title='bbox 714 3095 841 3148; x_wconf 91' lang='lat' dir='ltr'>allocutio</span> <span class='ocrx_word' id='word_1_314' title='bbox 854 3092 1026 3162; x_wconf 87' lang='lat' dir='ltr'>cogitationis</span> <span class='ocrx_word' id='word_1_315' title='bbox 1039 3095 1106 3161; x_wconf 85' lang='lat' dir='ltr'>ejus.</span> 
     </span>
    </p>

    <p class='ocr_par' dir='ltr' id='par_1_7' title="bbox 205 3191 1511 4161">
     <span class='ocr_line' id='line_1_29' title="bbox 279 3191 1471 3262; baseline -0.003 -14"><span class='ocrx_word' id='word_1_316' title='bbox 279 3196 310 3248; x_wconf 81' lang='grc'><strong>3.</strong></span> <span class='ocrx_word' id='word_1_317' title='bbox 330 3193 528 3249; x_wconf 80' lang='lat' dir='ltr'>decedentibus</span> <span class='ocrx_word' id='word_1_318' title='bbox 541 3192 548 3218; x_wconf 89' lang='lat'>¹</span> <span class='ocrx_word' id='word_1_319' title='bbox 564 3198 655 3247; x_wconf 90' lang='lat' dir='ltr'>autem</span> <span class='ocrx_word' id='word_1_320' title='bbox 676 3194 844 3262; x_wconf 86' lang='lat' dir='ltr'>parentibus,</span> <span class='ocrx_word' id='word_1_321' title='bbox 857 3206 920 3246; x_wconf 90' lang='lat' dir='ltr'>cum</span> <span class='ocrx_word' id='word_1_322' title='bbox 932 3194 991 3259; x_wconf 86' lang='lat' dir='ltr'>ejus</span> <span class='ocrx_word' id='word_1_323' title='bbox 1009 3192 1131 3247; x_wconf 92' lang='lat' dir='ltr'>dominio</span> <span class='ocrx_word' id='word_1_324' title='bbox 1143 3205 1189 3245; x_wconf 92' lang='lat' dir='ltr'>res</span> <span class='ocrx_word' id='word_1_325' title='bbox 1199 3205 1297 3247; x_wconf 91' lang='lat' dir='ltr'>eorum</span> <span class='ocrx_word' id='word_1_326' title='bbox 1311 3191 1471 3249; x_wconf 83' lang='lat' dir='ltr'>hereditario</span> 
     </span>
     <span class='ocr_line' id='line_1_30' title="bbox 243 3291 1474 3364; baseline -0.003 -15"><span class='ocrx_word' id='word_1_327' title='bbox 243 3297 325 3364; x_wconf 87' lang='lat' dir='ltr'>jure¹</span> <span class='ocrx_word' id='word_1_328' title='bbox 340 3292 528 3361; x_wconf 88' lang='lat' dir='ltr'>pervenirent,</span> <span class='ocrx_word' id='word_1_329' title='bbox 540 3306 605 3360; x_wconf 90' lang='lat' dir='ltr'>non,</span> <span class='ocrx_word' id='word_1_330' title='bbox 616 3297 647 3346; x_wconf 92' lang='lat' dir='ltr'>ut</span> <span class='ocrx_word' id='word_1_331' title='bbox 657 3293 746 3347; x_wconf 91' lang='lat' dir='ltr'>solent</span> <span class='ocrx_word' id='word_1_332' title='bbox 755 3293 953 3359; x_wconf 87' lang='lat' dir='ltr'>adolescentes,</span> <span class='ocrx_word' id='word_1_333' title='bbox 963 3293 1108 3345; x_wconf 88' lang='lat' dir='ltr'>immatura</span> <span class='ocrx_word' id='word_1_334' title='bbox 1120 3291 1311 3347; x_wconf 90' lang='lat' dir='ltr'>dominatione</span> <span class='ocrx_word' id='word_1_335' title='bbox 1319 3294 1474 3362; x_wconf 74' lang='lat' dir='ltr'>superbivit,</span> 
     </span>
     <span class='ocr_line' id='line_1_31' title="bbox 246 3389 1511 3461; baseline -0.004 -13"><span class='ocrx_word' id='word_1_336' title='bbox 246 3408 297 3448; x_wconf 90' lang='lat' dir='ltr'>nec</span> <span class='ocrx_word' id='word_1_337' title='bbox 316 3394 496 3447; x_wconf 86' lang='lat' dir='ltr'>bumilitatem</span> <span class='ocrx_word' id='word_1_338' title='bbox 516 3393 607 3446; x_wconf 88' lang='lat' dir='ltr'>cordis</span> <span class='ocrx_word' id='word_1_339' title='bbox 629 3393 731 3446; x_wconf 90' lang='lat' dir='ltr'>dudum</span> <span class='ocrx_word' id='word_1_340' title='bbox 754 3398 915 3459; x_wconf 87' lang='lat' dir='ltr'>conceptam</span> <span class='ocrx_word' id='word_1_341' title='bbox 935 3391 1092 3445; x_wconf 85' lang='lat' dir='ltr'>demutavit.</span> <span class='ocrx_word' id='word_1_342' title='bbox 1106 3393 1208 3445; x_wconf 82' lang='lat' dir='ltr'>Dehinc</span> <span class='ocrx_word' id='word_1_343' title='bbox 1226 3404 1277 3459; x_wconf 93' lang='lat' dir='ltr'>pro</span> <span class='ocrx_word' id='word_1_344' title='bbox 1299 3389 1511 3461; x_wconf 85' lang='lat' dir='ltr'>disponendistt</span> 
     </span>
     <span class='ocr_line' id='line_1_32' title="bbox 246 3492 1477 3561; baseline -0.004 -13"><span class='ocrx_word' id='word_1_345' title='bbox 246 3493 344 3548; x_wconf 91' lang='lat' dir='ltr'>iisdem</span> <span class='ocrx_word' id='word_1_346' title='bbox 357 3494 439 3547; x_wconf 88' lang='lat' dir='ltr'>rebus</span> <span class='ocrx_word' id='word_1_347' title='bbox 459 3499 541 3561; x_wconf 88' lang='lat' dir='ltr'>atque</span> <span class='ocrx_word' id='word_1_348' title='bbox 562 3493 672 3546; x_wconf 88' lang='lat' dir='ltr'>tuendis</span> <span class='ocrx_word' id='word_1_349' title='bbox 685 3492 833 3560; x_wconf 87' lang='lat' dir='ltr'>cogebatur</span> <span class='ocrx_word' id='word_1_350' title='bbox 854 3492 956 3544; x_wconf 88' lang='lat' dir='ltr'>invitus</span> <span class='ocrx_word' id='word_1_351' title='bbox 975 3492 1113 3558; x_wconf 91' lang='lat' dir='ltr'>occupari,</span> <span class='ocrx_word' id='word_1_352' title='bbox 1134 3497 1163 3544; x_wconf 94' lang='lat' dir='ltr'>ut</span> <span class='ocrx_word' id='word_1_353' title='bbox 1175 3493 1261 3545; x_wconf 90' lang='lat' dir='ltr'>otium</span> <span class='ocrx_word' id='word_1_354' title='bbox 1283 3496 1442 3547; x_wconf 90' lang='lat' dir='ltr'>contereret</span> <span class='ocrx_word' id='word_1_355' title='bbox 1452 3495 1477 3546; x_wconf 88' lang='lat' dir='ltr'>et</span> 
     </span>
     <span class='ocr_line' id='line_1_33' title="bbox 246 3591 1476 3660; baseline -0.003 -12"><span class='ocrx_word' id='word_1_356' title='bbox 246 3595 362 3648; x_wconf 91' lang='lat' dir='ltr'>aliorum</span> <span class='ocrx_word' id='word_1_357' title='bbox 375 3607 434 3647; x_wconf 90' lang='lat' dir='ltr'>sese</span> <span class='ocrx_word' id='word_1_358' title='bbox 453 3591 618 3647; x_wconf 91' lang='lat' dir='ltr'>utilitatibus</span> <span class='ocrx_word' id='word_1_359' title='bbox 631 3592 792 3658; x_wconf 89' lang='lat' dir='ltr'>impertiret.</span> <span class='ocrx_word' id='word_1_360' title='bbox 814 3593 952 3645; x_wconf 88' lang='lat' dir='ltr'>llordaces</span> <span class='ocrx_word' id='word_1_361' title='bbox 974 3591 1055 3660; x_wconf 90' lang='lat' dir='ltr'>igitur</span> <span class='ocrx_word' id='word_1_362' title='bbox 1067 3604 1147 3644; x_wconf 86' lang='lat' dir='ltr'>curas</span> <span class='ocrx_word' id='word_1_363' title='bbox 1168 3597 1250 3659; x_wconf 89' lang='lat' dir='ltr'>atque</span> <span class='ocrx_word' id='word_1_364' title='bbox 1262 3591 1476 3648; x_wconf 88' lang='lat' dir='ltr'>domestioomm</span> 
     </span>
     <span class='ocr_line' id='line_1_34' title="bbox 245 3690 1479 3761; baseline -0.002 -12"><span class='ocrx_word' id='word_1_365' title='bbox 245 3695 438 3761; x_wconf 87' lang='lat' dir='ltr'>occupationes</span> <span class='ocrx_word' id='word_1_366' title='bbox 459 3693 574 3746; x_wconf 90' lang='lat' dir='ltr'>moleste</span> <span class='ocrx_word' id='word_1_367' title='bbox 595 3692 709 3754; x_wconf 86' lang='lat' dir='ltr'>ferebat,</span> <span class='ocrx_word' id='word_1_368' title='bbox 731 3692 861 3758; x_wconf 89' lang='lat' dir='ltr'>quoniam</span> <span class='ocrx_word' id='word_1_369' title='bbox 883 3691 935 3743; x_wconf 80' lang='lat' dir='ltr'>in⁸</span> <span class='ocrx_word' id='word_1_370' title='bbox 956 3697 1060 3744; x_wconf 90' lang='lat' dir='ltr'>secreto</span> <span class='ocrx_word' id='word_1_371' title='bbox 1081 3690 1172 3744; x_wconf 92' lang='lat' dir='ltr'>cordis</span> <span class='ocrx_word' id='word_1_372' title='bbox 1192 3691 1307 3744; x_wconf 88' lang='lat' dir='ltr'>timebat</span> <span class='ocrx_word' id='word_1_373' title='bbox 1330 3693 1432 3760; x_wconf 79' lang='lat' dir='ltr'>expelli</span> <span class='ocrx_word' id='word_1_374' title='bbox 1453 3696 1479 3746; x_wconf 86' lang='lat' dir='ltr'>et</span> 
     </span>
     <span class='ocr_line' id='line_1_35' title="bbox 246 3787 1478 3858; baseline 0.002 -15"><span class='ocrx_word' id='word_1_375' title='bbox 246 3794 362 3845; x_wconf 90' lang='lat' dir='ltr'>terrenis</span> <span class='ocrx_word' id='word_1_376' title='bbox 374 3791 606 3858; x_wconf 89' lang='lat' dir='ltr'>implicationibus</span> <span class='ocrx_word' id='word_1_377' title='bbox 629 3789 739 3842; x_wconf 91' lang='lat' dir='ltr'>involvi.</span> <span class='ocrx_word' id='word_1_378' title='bbox 753 3791 852 3842; x_wconf 86' lang='lat' dir='ltr'>Verum</span> <span class='ocrx_word' id='word_1_379' title='bbox 864 3802 927 3842; x_wconf 92' lang='lat' dir='ltr'>cum</span> <span class='ocrx_word' id='word_1_380' title='bbox 940 3787 1014 3842; x_wconf 92' lang='lat' dir='ltr'>bunc</span> <span class='ocrx_word' id='word_1_381' title='bbox 1034 3788 1183 3856; x_wconf 88' lang='lat' dir='ltr'>aliquando</span> <span class='ocrx_word' id='word_1_382' title='bbox 1195 3789 1310 3857; x_wconf 90' lang='lat' dir='ltr'>grandis</span> <span class='ocrx_word' id='word_1_383' title='bbox 1327 3791 1478 3845; x_wconf 83' lang='lat' dir='ltr'>necessitas</span> 
     </span>
     <span class='ocr_line' id='line_1_36' title="bbox 247 3888 1511 3959; baseline 0.002 -16"><span class='ocrx_word' id='word_1_384' title='bbox 247 3895 413 3959; x_wconf 87' lang='lat' dir='ltr'>perurgeret,</span> <span class='ocrx_word' id='word_1_385' title='bbox 425 3896 456 3943; x_wconf 93' lang='lat' dir='ltr'>ut</span> <span class='ocrx_word' id='word_1_386' title='bbox 467 3891 601 3944; x_wconf 89' lang='lat' dir='ltr'>violentos</span> <span class='ocrx_word' id='word_1_387' title='bbox 613 3890 660 3956; x_wconf 92' lang='lat' dir='ltr'>qui</span> <span class='ocrx_word' id='word_1_388' title='bbox 672 3888 783 3955; x_wconf 90' lang='lat' dir='ltr'>praedia</span> <span class='ocrx_word' id='word_1_389' title='bbox 793 3889 803 3914; x_wconf 79' lang='lat'>⁸</span> <span class='ocrx_word' id='word_1_390' title='bbox 815 3888 860 3942; x_wconf 91' lang='lat' dir='ltr'>vel</span> <span class='ocrx_word' id='word_1_391' title='bbox 871 3902 1005 3956; x_wconf 86' lang='lat' dir='ltr'>pagenses</span> <span class='ocrx_word' id='word_1_392' title='bbox 1017 3889 1076 3955; x_wconf 89' lang='lat' dir='ltr'>ejus</span> <span class='ocrx_word' id='word_1_393' title='bbox 1094 3888 1209 3942; x_wconf 90' lang='lat' dir='ltr'>nimium</span> <span class='ocrx_word' id='word_1_394' title='bbox 1222 3888 1408 3945; x_wconf 89' lang='lat' dir='ltr'>devastabant</span> <span class='ocrx_word' id='word_1_395' title='bbox 1417 3905 1478 3945; x_wconf 90' lang='lat' dir='ltr'>cum</span> <span class='ocrx_word' id='word_1_396' title='bbox 1492 3890 1511 3944; x_wconf 68' lang='grc'><strong>5</strong></span> 
     </span>
     <span class='ocr_line' id='line_1_37' title="bbox 205 3987 1480 4057; baseline 0.001 -13"><span class='ocrx_word' id='word_1_397' title='bbox 205 4000 211 4023; x_wconf 84' lang='grc'><strong><em>·</em></strong></span> <span class='ocrx_word' id='word_1_398' title='bbox 248 3991 331 4044; x_wconf 89' lang='lat' dir='ltr'>armis</span> <span class='ocrx_word' id='word_1_399' title='bbox 342 3991 519 4057; x_wconf 89' lang='lat' dir='ltr'>opprimeret,</span> <span class='ocrx_word' id='word_1_400' title='bbox 533 3990 590 4042; x_wconf 93' lang='lat' dir='ltr'>suis</span> <span class='ocrx_word' id='word_1_401' title='bbox 609 3988 741 4042; x_wconf 87' lang='lat' dir='ltr'>militibus</span> <span class='ocrx_word' id='word_1_402' title='bbox 755 3987 902 4056; x_wconf 90' lang='lat' dir='ltr'>imperiosa</span> <span class='ocrx_word' id='word_1_403' title='bbox 922 4001 989 4041; x_wconf 91' lang='lat' dir='ltr'>voce</span> <span class='ocrx_word' id='word_1_404' title='bbox 1010 3989 1191 4055; x_wconf 81' lang='lat' dir='ltr'>praecepitur</span> <span class='ocrx_word' id='word_1_405' title='bbox 1203 3989 1308 4042; x_wconf 87' lang='lat' dir='ltr'>aversis</span> <span class='ocrx_word' id='word_1_406' title='bbox 1320 3991 1480 4045; x_wconf 89' lang='lat' dir='ltr'>bastiscnm</span> 
     </span>
     <span class='ocr_line' id='line_1_38' title="bbox 249 4089 1482 4161; baseline 0 -15"><span class='ocrx_word' id='word_1_407' title='bbox 249 4093 373 4147; x_wconf 86' lang='lat' dir='ltr'>hostibus</span> <span class='ocrx_word' id='word_1_408' title='bbox 385 4096 546 4161; x_wconf 89' lang='lat' dir='ltr'>pugnarent.</span> <span class='ocrx_word' id='word_1_409' title='bbox 559 4091 611 4145; x_wconf 87' lang='lat' dir='ltr'>sed</span> <span class='ocrx_word' id='word_1_410' title='bbox 624 4093 710 4158; x_wconf 89' lang='lat' dir='ltr'>pietas</span> <span class='ocrx_word' id='word_1_411' title='bbox 722 4105 792 4159; x_wconf 87' lang='lat' dir='ltr'>quae</span> <span class='ocrx_word' id='word_1_412' title='bbox 812 4091 913 4157; x_wconf 89' lang='lat' dir='ltr'>inipso</span> <span class='ocrx_word' id='word_1_413' title='bbox 927 4089 1079 4157; x_wconf 90' lang='lat' dir='ltr'>praeliandi</span> <span class='ocrx_word' id='word_1_414' title='bbox 1091 4091 1208 4144; x_wconf 88' lang='lat' dir='ltr'>articulo</span> <span class='ocrx_word' id='word_1_415' title='bbox 1219 4090 1313 4145; x_wconf 91' lang='lat' dir='ltr'>cordis</span> <span class='ocrx_word' id='word_1_416' title='bbox 1333 4094 1396 4159; x_wconf 82' lang='lat' dir='ltr'>ejus</span> <span class='ocrx_word' id='word_1_417' title='bbox 1417 4091 1482 4146; x_wconf 76' lang='lat' dir='ltr'>ade</span> 
     </span>
    </p>
   </div>
   <div class='ocr_carea' id='block_1_7' title="bbox 247 4271 1489 4676">
    <p class='ocr_par' dir='ltr' id='par_1_8' title="bbox 248 4271 925 4340">
     <span class='ocr_line' id='line_1_39' title="bbox 248 4271 925 4340; baseline 0.003 -16"><span class='ocrx_word' id='word_1_418' title='bbox 248 4275 270 4301; x_wconf 84' lang='lat'>¹⁰</span> <span class='ocrx_word' id='word_1_419' title='bbox 282 4273 433 4340; x_wconf 88' lang='lat' dir='ltr'>inquireret</span> <span class='ocrx_word' id='word_1_420' title='bbox 444 4277 469 4325; x_wconf 89' lang='grc'><strong>5.</strong></span> <span class='ocrx_word' id='word_1_421' title='bbox 484 4300 514 4311; x_wconf 93' lang='grc'>-</span> <span class='ocrx_word' id='word_1_422' title='bbox 527 4271 548 4298; x_wconf 82' lang='lat'>¹¹</span> <span class='ocrx_word' id='word_1_423' title='bbox 561 4271 815 4336; x_wconf 84' lang='lat' dir='ltr'>(locum-infantem)</span> <span class='ocrx_word' id='word_1_424' title='bbox 827 4285 887 4326; x_wconf 88' lang='lat' dir='ltr'>om.</span> <span class='ocrx_word' id='word_1_425' title='bbox 901 4275 925 4326; x_wconf 89' lang='lat' dir='ltr'>l.</span> 
     </span>
    </p>

    <p class='ocr_par' dir='ltr' id='par_1_9' title="bbox 247 4355 1487 4592">
     <span class='ocr_line' id='line_1_40' title="bbox 280 4355 1485 4424; baseline 0.004 -14"><span class='ocrx_word' id='word_1_426' title='bbox 280 4358 373 4410; x_wconf 83' lang='lat' dir='ltr'>Num.</span> <span class='ocrx_word' id='word_1_427' title='bbox 388 4357 418 4410; x_wconf 75' lang='grc'><strong>2.</strong></span> <span class='ocrx_word' id='word_1_428' title='bbox 429 4385 462 4395; x_wconf 91' lang='grc'>-</span> <span class='ocrx_word' id='word_1_429' title='bbox 472 4357 478 4382; x_wconf 85' lang='lat'><strong>⁴</strong></span> <span class='ocrx_word' id='word_1_430' title='bbox 490 4356 532 4410; x_wconf 90' lang='lat' dir='ltr'>vei</span> <span class='ocrx_word' id='word_1_431' title='bbox 542 4360 566 4410; x_wconf 96' lang='grc'><strong>5.</strong></span> <span class='ocrx_word' id='word_1_432' title='bbox 578 4384 608 4395; x_wconf 98' lang='grc'>-</span> <span class='ocrx_word' id='word_1_433' title='bbox 618 4356 627 4382; x_wconf 85' lang='lat'><strong>¹</strong></span> <span class='ocrx_word' id='word_1_434' title='bbox 638 4358 718 4409; x_wconf 90' lang='lat' dir='ltr'>irasci</span> <span class='ocrx_word' id='word_1_435' title='bbox 728 4361 752 4409; x_wconf 90' lang='grc'><strong>5.</strong></span> <span class='ocrx_word' id='word_1_436' title='bbox 765 4385 796 4394; x_wconf 96' lang='grc'><strong>-</strong></span> <span class='ocrx_word' id='word_1_437' title='bbox 807 4355 816 4381; x_wconf 81' lang='lat'>⁸</span> <span class='ocrx_word' id='word_1_438' title='bbox 827 4357 920 4424; x_wconf 92' lang='lat' dir='ltr'>(quod.</span> <span class='ocrx_word' id='word_1_439' title='bbox 929 4385 963 4396; x_wconf 99' lang='lat'>-</span> <span class='ocrx_word' id='word_1_440' title='bbox 972 4357 1042 4422; x_wconf 82' lang='lat' dir='ltr'>inm)</span> <span class='ocrx_word' id='word_1_441' title='bbox 1052 4357 1125 4424; x_wconf 87' lang='lat' dir='ltr'>qual.</span> <span class='ocrx_word' id='word_1_442' title='bbox 1137 4357 1256 4423; x_wconf 80' lang='lat' dir='ltr'>equod.</span> <span class='ocrx_word' id='word_1_443' title='bbox 1272 4357 1291 4410; x_wconf 87' lang='lat' dir='ltr'>i.</span> <span class='ocrx_word' id='word_1_444' title='bbox 1304 4358 1449 4416; x_wconf 75' lang='lat' dir='ltr'>inveniret</span> <span class='ocrx_word' id='word_1_445' title='bbox 1460 4366 1485 4416; x_wconf 88' lang='grc'><strong>5.</strong></span> 
     </span>
     <span class='ocr_line' id='line_1_41' title="bbox 247 4437 1487 4512; baseline 0.004 -17"><span class='ocrx_word' id='word_1_446' title='bbox 247 4443 299 4480; x_wconf 82' lang='lat'>-‘</span> <span class='ocrx_word' id='word_1_447' title='bbox 312 4442 445 4508; x_wconf 85' lang='lat' dir='ltr'>(ut-lang).</span> <span class='ocrx_word' id='word_1_448' title='bbox 461 4440 638 4508; x_wconf 85' lang='lat' dir='ltr'>languescere</span> <span class='ocrx_word' id='word_1_449' title='bbox 649 4444 674 4494; x_wconf 70' lang='grc' dir='ltr'><strong>Ξ.</strong></span> <span class='ocrx_word' id='word_1_450' title='bbox 688 4471 719 4479; x_wconf 98' lang='grc'>-</span> <span class='ocrx_word' id='word_1_451' title='bbox 731 4445 740 4470; x_wconf 78' lang='lat'>⁵</span> <span class='ocrx_word' id='word_1_452' title='bbox 752 4454 811 4495; x_wconf 82' lang='lat' dir='ltr'>om.</span> <span class='ocrx_word' id='word_1_453' title='bbox 824 4445 848 4493; x_wconf 89' lang='grc'><strong>5.</strong></span> <span class='ocrx_word' id='word_1_454' title='bbox 862 4443 914 4479; x_wconf 72' lang='lat'>-0</span> <span class='ocrx_word' id='word_1_455' title='bbox 937 4446 1010 4494; x_wconf 91' lang='lat' dir='ltr'>esset</span> <span class='ocrx_word' id='word_1_456' title='bbox 1021 4445 1046 4493; x_wconf 91' lang='grc'><strong>5.</strong></span> <span class='ocrx_word' id='word_1_457' title='bbox 1059 4437 1111 4478; x_wconf 79' lang='lat'>-&#39;</span> <span class='ocrx_word' id='word_1_458' title='bbox 1136 4441 1250 4495; x_wconf 90' lang='lat' dir='ltr'>clericos</span> <span class='ocrx_word' id='word_1_459' title='bbox 1268 4444 1325 4496; x_wconf 67' lang='lat' dir='ltr'>ab.</span> <span class='ocrx_word' id='word_1_460' title='bbox 1341 4472 1370 4483; x_wconf 94' lang='lat'>-</span> <span class='ocrx_word' id='word_1_461' title='bbox 1385 4444 1395 4470; x_wconf 82' lang='lat'>⁸</span> <span class='ocrx_word' id='word_1_462' title='bbox 1407 4447 1449 4512; x_wconf 91' lang='lat' dir='ltr'>(in</span> <span class='ocrx_word' id='word_1_463' title='bbox 1461 4460 1487 4500; x_wconf 89' lang='lat' dir='ltr'>a.</span> 
     </span>
     <span class='ocr_line' id='line_1_42' title="bbox 248 4525 1173 4592; baseline 0 -14"><span class='ocrx_word' id='word_1_464' title='bbox 248 4538 272 4578; x_wconf 90' lang='lat' dir='ltr'>c.</span> <span class='ocrx_word' id='word_1_465' title='bbox 287 4527 320 4589; x_wconf 85' lang='lat' dir='ltr'>r.)</span> <span class='ocrx_word' id='word_1_466' title='bbox 332 4539 354 4577; x_wconf 90' lang='lat' dir='ltr'>r.</span> <span class='ocrx_word' id='word_1_467' title='bbox 369 4525 397 4576; x_wconf 94' lang='lat' dir='ltr'>in</span> <span class='ocrx_word' id='word_1_468' title='bbox 409 4536 434 4577; x_wconf 89' lang='lat' dir='ltr'>a.</span> <span class='ocrx_word' id='word_1_469' title='bbox 448 4536 471 4576; x_wconf 92' lang='lat' dir='ltr'>o.</span> <span class='ocrx_word' id='word_1_470' title='bbox 485 4527 511 4576; x_wconf 90' lang='grc'>5.</span> <span class='ocrx_word' id='word_1_471' title='bbox 523 4525 575 4563; x_wconf 84' lang='lat'>—⁸</span> <span class='ocrx_word' id='word_1_472' title='bbox 591 4536 650 4578; x_wconf 84' lang='lat' dir='ltr'>om.</span> <span class='ocrx_word' id='word_1_473' title='bbox 663 4528 687 4575; x_wconf 86' lang='grc'><strong>5.</strong></span> <span class='ocrx_word' id='word_1_474' title='bbox 701 4552 732 4562; x_wconf 94' lang='grc'>-</span> <span class='ocrx_word' id='word_1_475' title='bbox 746 4525 768 4550; x_wconf 84' lang='lat'>¹⁰</span> <span class='ocrx_word' id='word_1_476' title='bbox 781 4537 838 4577; x_wconf 79' lang='lat' dir='ltr'>ona.</span> <span class='ocrx_word' id='word_1_477' title='bbox 855 4528 878 4577; x_wconf 89' lang='lat' dir='ltr'>t.</span> <span class='ocrx_word' id='word_1_478' title='bbox 893 4552 923 4563; x_wconf 99' lang='lat'>-</span> <span class='ocrx_word' id='word_1_479' title='bbox 937 4525 956 4551; x_wconf 83' lang='lat'>⁴¹</span> <span class='ocrx_word' id='word_1_480' title='bbox 971 4526 1005 4592; x_wconf 89' lang='lat' dir='ltr'>(ei</span> <span class='ocrx_word' id='word_1_481' title='bbox 1019 4526 1098 4591; x_wconf 90' lang='lat' dir='ltr'>se)se</span> <span class='ocrx_word' id='word_1_482' title='bbox 1111 4525 1135 4577; x_wconf 92' lang='lat' dir='ltr'>ei</span> <span class='ocrx_word' id='word_1_483' title='bbox 1148 4528 1173 4578; x_wconf 89' lang='grc'>5.</span> 
     </span>
    </p>

    <p class='ocr_par' dir='ltr' id='par_1_10' title="bbox 280 4606 1489 4676">
     <span class='ocr_line' id='line_1_43' title="bbox 280 4606 1489 4676; baseline 0.007 -15"><span class='ocrx_word' id='word_1_484' title='bbox 280 4609 373 4661; x_wconf 77' lang='lat' dir='ltr'>Num.</span> <span class='ocrx_word' id='word_1_485' title='bbox 387 4606 417 4658; x_wconf 81' lang='grc'><strong>3.</strong></span> <span class='ocrx_word' id='word_1_486' title='bbox 432 4606 479 4645; x_wconf 86' lang='lat'>-⁴</span> <span class='ocrx_word' id='word_1_487' title='bbox 496 4606 700 4661; x_wconf 79' lang='lat' dir='ltr'>Discedentibus</span> <span class='ocrx_word' id='word_1_488' title='bbox 713 4611 738 4661; x_wconf 92' lang='grc'>5.</span> <span class='ocrx_word' id='word_1_489' title='bbox 757 4634 788 4646; x_wconf 95' lang='grc'><strong>-</strong></span> <span class='ocrx_word' id='word_1_490' title='bbox 799 4606 808 4633; x_wconf 83' lang='lat'>⁸</span> <span class='ocrx_word' id='word_1_491' title='bbox 821 4609 856 4672; x_wconf 81' lang='lat' dir='ltr'>(b.</span> <span class='ocrx_word' id='word_1_492' title='bbox 869 4609 900 4674; x_wconf 87' lang='lat' dir='ltr'>j.)</span> <span class='ocrx_word' id='word_1_493' title='bbox 917 4608 938 4675; x_wconf 71' lang='grc' dir='ltr'>ι’.</span> <span class='ocrx_word' id='word_1_494' title='bbox 953 4609 980 4661; x_wconf 87' lang='lat' dir='ltr'>h.</span> <span class='ocrx_word' id='word_1_495' title='bbox 997 4612 1022 4661; x_wconf 90' lang='grc'><strong>5.</strong></span> <span class='ocrx_word' id='word_1_496' title='bbox 1034 4636 1068 4647; x_wconf 99' lang='grc'>-</span> <span class='ocrx_word' id='word_1_497' title='bbox 1080 4607 1090 4634; x_wconf 86' lang='lat'>⁸</span> <span class='ocrx_word' id='word_1_498' title='bbox 1103 4621 1119 4661; x_wconf 92' lang='lat' dir='ltr'>a</span> <span class='ocrx_word' id='word_1_499' title='bbox 1130 4611 1156 4661; x_wconf 86' lang='grc'><strong>5.</strong></span> <span class='ocrx_word' id='word_1_500' title='bbox 1169 4636 1202 4647; x_wconf 95' lang='grc'>-</span> <span class='ocrx_word' id='word_1_501' title='bbox 1212 4607 1222 4632; x_wconf 80' lang='grc'><strong>’</strong></span> <span class='ocrx_word' id='word_1_502' title='bbox 1234 4608 1297 4676; x_wconf 86' lang='lat' dir='ltr'>ejus</span> <span class='ocrx_word' id='word_1_503' title='bbox 1317 4611 1399 4668; x_wconf 81' lang='lat' dir='ltr'>add.</span> <span class='ocrx_word' id='word_1_504' title='bbox 1418 4617 1445 4668; x_wconf 85' lang='grc'><strong>5.</strong></span> <span class='ocrx_word' id='word_1_505' title='bbox 1456 4640 1489 4655; x_wconf 91' lang='lat'>-·</span> 
     </span>
    </p>
   </div>
   <div class='ocr_carea' id='block_1_8' title="bbox 0 0 1669 5482">
    <p class='ocr_par' dir='ltr' id='par_1_11' title="bbox 0 0 1669 5482">
     <span class='ocr_line' id='line_1_44' title="bbox 0 0 1669 5482; baseline 0 0"><span class='ocrx_word' id='word_1_506' title='bbox 0 0 1669 5482; x_wconf 95' lang='lat' dir='ltr'> </span> 
     </span>
    </p>
   </div>
  </div>
 </body>
</html>
