3316 5482
200 353 267 421 454
547 348 670 419 barm.
690 368 792 419 eoum
811 369 987 421 eamean.
1005 369 1087 422 uir.

192 544 382 610 perpetuum
392 542 557 610 gaudiam.
571 546 679 611 Eosque
691 544 812 611 undem,
820 558 882 599 cum
892 546 922 598 in
935 558 999 599 eum
1008 544 1177 601 laudandum
1190 551 1421 615 prosequerentur,

200 643 239 695 sic
253 642 360 696 loeutus
373 647 435 695 est:
453 643 523 710 Gur,
537 656 554 697 o
569 643 660 711 cives,
683 643 763 697 mibi
783 645 907 698 molesti
929 645 1002 700 estis
1012 647 1026 700 l
1037 647 1115 699 Date
1138 647 1273 714 pieriam
1294 647 1364 710 Deo,
1379 643 1425 713 qui

198 743 337 796 ommium
350 744 499 798 bettormm
511 742 584 811 forts
595 746 650 797 est.
663 744 763 798 Tanta
772 745 855 800 euim
863 744 944 799 mibi
952 745 1103 814 tribuitis,
1114 748 1238 814 quanta
1248 745 1425 813 necpoatuto

198 855 295 909 meque
306 855 436 911 mereor,
450 845 545 908 atque
563 842 700 908 viminis
712 843 834 897 Mariae
843 844 951 910 pratia
964 843 1037 898 binc
1056 844 1200 898 recedite.
1223 844 1328 907 Quibus
1345 843 1424 909 dicta

198 942 330 1008 templum
346 943 466 1007 intravit,
480 947 508 995 et
520 941 664 995 confestim
686 941 720 994 ad
742 943 828 996 altare
839 944 984 1011 accedens,
1009 944 1048 997 sic
1068 945 1126 998 ait:
1149 944 1232 997 Haec
1245 945 1293 997 est
1313 942 1452 1011 requieti

198 1054 266 1095 mcc
280 1041 314 1095 in
326 1043 486 1095 caecatum
495 1041 616 1095 saccati
624 1059 634 1107 ,·
647 1041 697 1095 bic
708 1041 861 1108 habitabo,
877 1041 1025 1109 quoniam
1034 1042 1114 1110 elegi
1123 1055 1204 1096 eam.
1225 1043 1353 1096 lulieres
1369 1052 1427 1095 tero

199 1140 326 1207 sequenti
339 1139 395 1205 die,
408 1152 476 1206 quas
487 1138 522 1192 ad
537 1138 619 1193 iidem
632 1140 731 1193 christi
743 1146 924 1205 converterat,
937 1141 971 1194 ad
984 1143 1130 1195 Servorum
1149 1140 1257 1207 aedem,
1280 1141 1371 1194 virum
1387 1138 1429 1193 bei

198 1241 361 1308 flagitantes,
383 1240 564 1306 devenerunt,
586 1246 616 1294 ut
636 1240 671 1294 dc
692 1253 788 1294 earum
809 1241 918 1310 flagitiis
937 1242 1145 1310 sceleribusque
1166 1242 1276 1296 veniam
1298 1246 1429 1308 peterent,

197 1345 279 1406 atque
290 1337 325 1393 ad
337 1340 397 1406 ejus
405 1338 488 1406 pedes
501 1352 564 1392 eum
576 1339 670 1392 multis
681 1339 801 1393 lacrimis
810 1345 962 1406 prostratae
973 1346 1047 1407 sunt,
1056 1353 1171 1395 suorum
1180 1339 1321 1394 scelerum
1329 1340 1431 1395 venum

196 1442 317 1493 orantes.
1446 1440 1471 1491 tt

228 1540 283 1593 29.
297 1543 395 1594 verum
408 1539 558 1604 enimvero,
571 1553 634 1593 cum
646 1552 742 1593 omnes
754 1540 851 1594 eadem
865 1540 992 1595 condicio
1003 1541 1154 1609 disjungat,
1169 1545 1200 1594 ut
1213 1539 1309 1608 inquit
1321 1542 1433 1605 Seneca,

196 1641 240 1694 cui
253 1640 328 1693 nasci
339 1638 472 1706 contingit
484 1640 553 1692 mori
564 1639 818 1702 restat;intervallo
840 1639 1043 1709 distinguimur,
1067 1642 1141 1694 exitu
1164 1640 1366 1708 adaequamur,
1384 1640 1435 1693 boc

196 1739 269 1806 quod
282 1740 354 1793 inter
366 1741 485 1806 primum
497 1744 524 1792 et
536 1739 663 1793 ultimum
675 1739 749 1793 diem
759 1740 834 1806 jacet
846 1740 951 1793 varium
965 1744 1044 1794 estet
1063 1740 1209 1794 incertum.
1229 1739 1337 1794 Placuit
1355 1739 1435 1808 igitur

195 1840 549 1894 maximoomniumrerum
562 1842 666 1894 auctori
680 1841 770 1907 ipsum
793 1841 864 1894 inter
884 1841 953 1894 alios
973 1846 1084 1894 sanctos
1104 1840 1265 1907 electosque
1282 1850 1435 1892 connume-

197 1956 268 1996 rare.
281 1944 426 2010 Postquam
440 1954 504 1994 vero
517 1943 648 1997 bominac
661 1947 772 1996 nostrae
784 1942 986 2009 assumptionis
998 1942 1057 1995 dies
1078 1933 1197 2004 transiit,
1214 1941 1309 1995 sciens
1329 1938 1429 2005 Philip·
1448 1937 1476 1991 tt

197 2056 290 2109 pusse
302 2043 331 2095 in
351 2046 444 2095 octava
459 2042 631 2109 moriturum,
655 2055 704 2095 cor
724 2042 759 2095 ad
782 2045 867 2096 licum
888 2042 988 2096 direxit
1009 2048 1037 2096 et
1056 2044 1113 2096 ait:
1131 2019 1301 2109 Optarent,
1315 2037 1431 2094 maadi

197 2144 292 2209 sator,
304 2143 396 2209 atquc
406 2140 571 2193 mitissime
583 2141 671 2209 Deus,
686 2140 768 2195 batte
779 2142 922 2195 amimam
942 2144 1135 2209 mentemque
1155 2140 1198 2195 ad
1215 2140 1354 2195 mettere
1366 2149 1435 2193 ceu-

197 2243 290 2296 oertc.
304 2239 442 2304 liaaudi,
464 2252 577 2307 quaeso
589 2257 598 2307 ,·
609 2241 640 2292 si
655 2240 788 2308 dcaiqae
804 2243 891 2295 tanta
904 2241 1009 2308 pietas
1027 2243 1177 2313 tacitaque
1197 2238 1369 2295 clementia
1389 2238 1435 2290 est

197 2343 349 2411 quautam
370 2340 517 2394 mtortales
546 2341 739 2394 immortates
764 2353 900 2408 pausare
919 2343 1084 2409 nequeant,
1105 2352 1234 2408 superos
1254 2338 1435 2407 faciemque

130 2466 132 2470 ⁴
199 2446 285 2497 icam
297 2444 327 2495 et
337 2453 436 2509 regma
448 2440 554 2493 uidere
568 2453 751 2508 precamur.
773 2443 805 2493 Et
825 2454 858 2494 eo
880 2441 1021 2508 loquente,
1039 2442 1185 2495 astiterunt
1194 2442 1272 2507 juxta
1284 2439 1366 2493 illum
1378 2436 1433 2490 duo
1448 2435 1476 2487 tl

198 2544 286 2612 angeli
304 2543 332 2595 in
354 2541 522 2595 vestimentis
543 2541 621 2608 albis,
646 2542 692 2608 qui
714 2546 855 2596 cantantes
875 2548 939 2596 ante
959 2543 1160 2596 sanctissimum
1181 2543 1229 2596 liei
1249 2544 1431 2608 conspectum

196 2644 315 2697 animam
328 2640 402 2693 illam
415 2640 577 2693 retulerunt.
591 2640 668 2704 Quod
680 2640 727 2694 ubi
741 2640 908 2709 divulgatum
921 2647 973 2706 est,
994 2646 1079 2695 totam
1100 2640 1187 2695 sancti
1208 2640 1260 2693 viri
1273 2639 1353 2694 obitu
1367 2638 1431 2693 ciri·

197 2747 280 2795 tatem
301 2740 453 2794 conlectam
473 2752 613 2806 cerneres,
638 2739 711 2793 cives
731 2738 959 2807 doloreaffectos,
988 2751 1085 2795 omnes
1112 2745 1205 2794 mente
1228 2743 1431 2797 consternatos.

197 2843 299 2896 etnicos
311 2840 429 2906 plorare,
442 2838 540 2892 iratres
552 2830 655 2905 lugere,
668 2851 765 2893 omnes
777 2839 897 2906 denique
918 2840 1044 2894 lacrimas
1066 2839 1182 2894 tundere
1194 2843 1278 2907 atque
1291 2844 1367 2893 tetus
1377 2844 1432 2893 ter·

198 2954 289 2994 rarum
303 2939 378 2992 orbis
390 2939 458 2992 tanti
470 2939 520 2992 viri
534 2943 620 2991 morte
638 2951 703 3005 prae
725 2951 754 2991 se
772 2939 954 2992 calamitatem
975 2939 1048 2992 ferre
1067 2938 1192 3005 videtur3
1215 2951 1268 2992 nec
1288 2938 1431 2992 tamenab
1446 2937 1476 2991 fl

53 3047 141 3100 tend.
196 3041 278 3095 unico
291 3052 354 3092 cum
365 3038 575 3105 praedicari·,at
586 3037 620 3091 ab
632 3037 770 3103 omnibus,
784 3037 818 3091 de
829 3039 888 3104 ejus
897 3038 1033 3104 doctrina,
1043 3039 1108 3102 vita,
1120 3037 1220 3091 virtute
1231 3050 1263 3092 ae
1272 3038 1431 3104 sanctitate,

8 3112 178 3180 medicare·
197 3152 323 3208 quaeque
335 3137 401 3189 mibi
413 3142 480 3190 nota
493 3143 556 3190 sunt
567 3143 594 3189 et
604 3137 735 3190 memoria
748 3137 831 3207 digna
843 3137 979 3190 videntur.

231 3238 286 3291 80.
298 3236 351 3290 Sed
361 3238 417 3303 jam
429 3235 463 3288 ad
476 3237 535 3302 ejus
544 3235 614 3288 vitae
627 3236 809 3304 integritatem
822 3237 949 3303 devenio,
970 3249 1051 3303 quam
1074 3235 1293 3290 animadvertere
1313 3251 1428 3304 quaeso.

196 3343 289 3407 llagna
303 3337 423 3404 proiecto
437 3349 480 3389 res
503 3340 545 3388 est
566 3342 592 3388 et
613 3336 745 3403 singulari
768 3336 950 3389 admiratione
972 3336 1063 3404 digna,
1085 3336 1241 3403 quempiam
1265 3342 1432 3404 tempestato

196 3443 289 3492 nostra
302 3438 434 3505 integram
445 3441 472 3487 et
481 3436 581 3502 justam
595 3436 677 3488 ultam
689 3434 842 3488 traducere.
857 3438 907 3488 Tot
919 3449 1037 3502 namque
1050 3440 1115 3488 sunt
1130 3435 1211 3502 buius
1231 3435 1335 3489 saeculi
1349 3437 1426 3491 lalla-
1444 3442 1476 3494 bb

197 3540 265 3603 ciae,
278 3542 317 3590 tot
330 3536 430 3603 laquei,
448 3540 488 3588 tot
499 3535 590 3598 luxus,
605 3539 643 3587 tot
655 3535 683 3586 in
697 3534 756 3587 dics
769 3534 885 3588 crimina
898 3539 1050 3602 emergunt,
1064 3539 1095 3588 ut
1114 3535 1155 3588 vir
1179 3535 1269 3588 bonus
1280 3541 1311 3588 et
1324 3536 1432 3605 integer

196 3639 314 3708 ingentis
326 3637 387 3690 loco
400 3636 524 3689 miraculi
538 3635 632 3688 baberi
646 3635 741 3700 possit.
755 3637 840 3688 Tanta
852 3634 1032 3688 nibilominus
1044 3635 1095 3687 luit
1109 3634 1181 3687 vitae
1192 3634 1267 3687 illius
1278 3635 1353 3690 inter
1363 3638 1432 3691 baec

195 3738 448 3805 omniaintegritas,
461 3737 570 3790 bonitas
583 3740 610 3788 et
622 3736 812 3804 sanctimonia,
826 3741 857 3789 ut
879 3736 976 3789 merito
994 3736 1123 3790 omnibus
1143 3735 1238 3788 electis
1255 3736 1303 3789 liei
1317 3750 1432 3805 compa·

195 3840 249 3894 rari
262 3839 387 3907 potuerit,
397 3839 444 3905 qui
457 3839 491 3891 ab
503 3838 577 3891 omni
591 3838 653 3890 labe
666 3838 845 3904 corporisque
854 3837 1007 3904 pollutione
1016 3838 1135 3891 intactus
1147 3838 1321 3892 abscesserit.
1334 3841 1433 3908 ltaque

193 3940 333 4006 Philippus
346 3938 428 3991 nullis
441 3937 612 3999 criminibus,
627 3937 701 3990 nulla
715 3937 795 3990 sorde
808 3938 924 3990 inlectus
937 3951 984 4004 per
997 3938 1078 4005 hujus
1096 3937 1191 3991 mundi
1215 3936 1387 3994 calamitates
1403 3948 1432 3995 et
1448 3942 1476 3994 bi

194 4052 340 4093 aerumnas
352 4050 461 4103 semper
473 4037 538 4090 vixit
549 4054 556 4102 ;
568 4038 680 4104 jamque
692 4043 799 4089 sextum
819 4044 845 4089 et
858 4037 998 4105 sexaginta
1019 4049 1109 4090 annos
1126 4037 1221 4091 aetatis
1232 4049 1328 4105 agens,
1343 4041 1433 4093 nemi·

193 4153 257 4192 nem
269 4152 400 4205 umquam
413 4138 550 4190 lacessens
563 4137 674 4202 injuria,
690 4150 840 4204 numquam
853 4138 955 4205 nocuit,
979 4137 1072 4190 mullis
1085 4143 1176 4190 autern
1197 4137 1312 4204 profuit,
1327 4140 1433 4193 multos

194 4237 327 4295 defendit,
341 4250 475 4303 pauperes
487 4235 613 4302 protexit,
633 4236 862 4302 pumilostutatus
874 4242 916 4289 est
935 4241 1017 4305 atque
1038 4236 1162 4289 intirmos
1185 4235 1302 4290 sanavit.
1321 4240 1432 4294 Tacebo

195 4350 246 4389 nae
260 4337 431 4402 elemosynas
452 4348 520 4402 quas
540 4336 596 4400 ipse
616 4333 846 4399 mendicantibus,
869 4337 961 4402 egenis
983 4337 1146 4402 miserisque
1166 4336 1344 4404 porrigebat3
1367 4340 1433 4393 sub·

193 4440 269 4488 tacco
281 4439 420 4499 practerea
433 4430 617 4485 conscientiae
629 4431 702 4484 illius
714 4432 883 4485 sanctitatem
893 4450 900 4497 ;
910 4438 1052 4499 praetereo
1063 4435 1143 4486 etiam
1154 4435 1239 4486 animi
1250 4435 1431 4504 religionem,
1448 4440 1476 4492 ll

192 4533 238 4600 (qui
252 4533 361 4597 templa,
381 4533 426 4598 qui
447 4530 558 4585 ordines
580 4531 814 4584 sanctissimorum
838 4533 959 4585 virorum
982 4533 1138 4586 imitabatur
1160 4533 1285 4587 divinum
1308 4535 1434 4592 ollirium

192 4632 293 4695 dicere,
312 4636 485 4685 sacrosancta
508 4630 637 4698 {mysteria
658 4631 827 4699 intellegere.
850 4635 942 4700 Neque
962 4633 1035 4686 enim
1056 4633 1229 4688 bebdomada
1251 4640 1436 4705 praeterisset
