3316 5482
225 343 293 409 510
572 354 696 404 cauto.
716 353 818 403 canu.
838 351 1011 402 uuaroon.
1031 350 1111 401 aar.

221 530 338 591 tuaeque
351 522 463 590 virginis
474 521 573 574 llariae
587 521 656 574 miro
668 524 804 587 comptam
816 518 917 573 decore
929 518 1089 586 construxit,
1097 518 1310 586 maximumque
1321 532 1452 573 sacramm

221 621 387 675 feminarum
400 626 510 674 coetum
531 620 599 673 inibi
620 620 752 687 aggessit3
766 619 877 686 quibus,
891 630 1036 685 quousque
1057 615 1167 684 adripit,
1182 616 1252 684 quid
1274 618 1329 672 sibi
1349 619 1451 672 eredere

220 722 297 788 dum,
310 720 411 788 quidve
423 719 601 787 sperandum,
614 719 680 786 quid
693 718 813 786 denique
825 731 907 785 supra
921 719 1012 772 omnia
1023 717 1196 786 diligendum
1209 719 1354 786 existeret,
1364 717 1448 773 sedule

221 819 377 873 inculcavit.

252 918 376 986 V111[1].
390 918 560 985 praeceptori
583 917 762 971 nibilominus
782 931 831 971 suo
850 917 1032 982 sanctissimo,
1047 929 1079 970 eo
1100 916 1129 968 in
1147 917 1218 981 vieo,
1231 917 1282 983 qui
1301 918 1471 971 soliniacust

218 1025 359 1085 censetur,
371 1020 410 1072 uti
431 1019 558 1072 cellulam
580 1019 736 1086 erigeret,a
757 1017 878 1085 praefato
897 1017 1024 1083 praesule
1042 1016 1138 1070 litteris
1159 1017 1329 1082 impetravit.
1341 1020 1445 1072 mmou

220 1133 343 1188 quoque,
357 1119 485 1173 laudabili
500 1120 570 1172 vitae
582 1118 709 1185 explicito
721 1132 814 1184 eursu,
827 1118 926 1185 gaudia
937 1117 1105 1185 sempiterna
1117 1116 1225 1171 bomini
1247 1118 1297 1171 bei
1315 1118 1358 1171 soi
1370 1117 1444 1171 subli-

219 1217 301 1271 miter
316 1218 451 1272 introivit.
464 1219 626 1285 ltigomerus
638 1232 748 1285 quoque
760 1216 944 1283 venerandus,
958 1217 990 1270 ad
1004 1214 1204 1271 conficiendam
1217 1216 1295 1270 illam
1307 1230 1390 1285 quam
1400 1216 1446 1269 sibi

218 1318 351 1371 infulatus
363 1318 485 1383 pontifex
495 1323 670 1372 concesserat
684 1316 810 1371 deificam
823 1330 897 1371 aram
919 1317 1028 1383 penitus
1048 1317 1179 1382 intentus,
1202 1328 1255 1368 nec
1275 1321 1368 1370 nmen
1380 1322 1445 1370 exte

218 1417 291 1470 riore
304 1417 396 1470 labore
409 1417 584 1470 minuebatur
597 1419 644 1470 liei
657 1417 757 1485 cultus,
771 1417 838 1484 quin
851 1416 946 1483 potius
958 1416 1034 1470 omni
1055 1417 1200 1471 conamine
1221 1430 1308 1484 quem
1327 1416 1376 1470 diu
1385 1416 1444 1470 arri·
1457 1416 1479 1468 tt

218 1522 315 1583 puerat
326 1518 495 1585 augmentari
508 1516 675 1581 decertabat,
682 1517 772 1571 sciens
784 1517 881 1570 inutile
893 1516 966 1583 quod
981 1529 1037 1570 non
1048 1524 1164 1570 exornat
1174 1516 1316 1570 bonorum
1327 1516 1444 1570 elaustrra

218 1629 343 1683 operum.
365 1615 514 1684 Siquidem,
538 1617 687 1669 materialis
706 1616 773 1669 dum
793 1617 882 1682 paries
903 1615 1083 1681 increscebat,
1114 1627 1308 1683 quoscumque
1337 1614 1443 1679 valebat,

218 1713 398 1780 obsecrando,
412 1713 591 1780 increpando,
605 1713 755 1782 arguendo,
768 1713 873 1766 tibristo
886 1713 1000 1766 bomino
1015 1712 1216 1778 incorporabat.
1230 1711 1354 1766 Tandem
1371 1724 1444 1779 porro

217 1812 342 1867 aedificio
354 1812 389 1866 ad
402 1818 494 1867 votum
506 1819 625 1879 peracto,
639 1813 779 1881 religiosos
791 1825 917 1880 quosque
929 1812 982 1865 sibi
995 1812 1092 1864 fratres
1103 1813 1185 1864 unire
1193 1811 1302 1865 studuit
1314 1818 1444 1880 atqueeos

216 1917 275 1966 turn
283 1912 427 1980 justissimi
440 1913 562 1966 exercitii
575 1913 699 1979 exemplo
713 1917 770 1965 turn
779 1925 872 1965 sacrae
883 1911 1090 1965 ammonitionis
1098 1911 1182 1964 verbo
1192 1912 1333 1965 tumentia
1340 1911 1444 1980 deprae·
1457 1910 1479 1963 tt

215 2011 306 2065 dantis
317 2011 419 2066 saeculi
432 2011 572 2065 molimina
585 2012 737 2065 lunditusa
755 2011 838 2065 eorde
856 2011 976 2079 abigere,
995 2010 1124 2064 caelestia
1141 2022 1207 2064 vero
1227 2012 1305 2064 omni
1324 2011 1443 2065 instantia

215 2114 353 2176 expetere,
367 2110 570 2178 infatigabiliter
588 2110 708 2164 edocuit.
726 2109 873 2177 Reliquum
895 2113 985 2163 autern
1007 2108 1165 2176 procinetus
1186 2109 1230 2161 sui
1251 2110 1371 2176 spatium
1389 2110 1445 2177 quis

214 2223 345 2277 umquam
357 2210 410 2262 levi
423 2210 609 2278 disputatione
621 2216 753 2265 annotare
768 2211 869 2278 poterit
881 2224 963 2277 quam
986 2216 1089 2276 sancte,
1106 2222 1190 2276 quam
1204 2210 1292 2277 juste,
1306 2224 1390 2278 quam
1406 2211 1445 2278 pie

213 2310 371 2377 peregerit?
383 2312 468 2363 Omne
481 2311 583 2363 etenim
595 2311 789 2377 quodcumque
801 2311 843 2363 sui
854 2311 925 2377 iuris
938 2310 1036 2372 extitit,
1044 2310 1101 2376 jugi
1114 2307 1376 2365 subministratione
1386 2311 1444 2365 bila·

214 2408 279 2460 riter
291 2406 479 2476 indigentibus
491 2410 620 2476 erogavit.
635 2412 665 2462 tlt
677 2410 871 2475 corpusculum
882 2408 994 2476 quidem
1006 2414 1131 2462 sanctum
1150 2409 1211 2474 ejus
1230 2411 1352 2475 perenni
1371 2410 1443 2463 casti·
1457 2408 1482 2461 Ι

214 2507 322 2575 potione
333 2505 423 2571 famis,
435 2507 598 2575 vigiliarum,
613 2508 746 2561 imbribus
758 2508 942 2573 lacrimarum,
955 2507 1089 2561 densitate
1101 2506 1284 2575 singultuum,
1304 2509 1444 2562 contiuua·

214 2605 289 2659 tlone
300 2608 455 2661 orationum
467 2606 653 2672 alliciebatur3
666 2609 775 2661 animus
787 2621 851 2663 vero
864 2608 932 2662 illud
944 2607 1101 2662 bavidicum
1116 2623 1122 2660 :
1139 2606 1270 2668 Quando
1281 2610 1410 2664 veniam
1418 2611 1446 2663 et

215 2704 371 2772 apparebo
382 2708 455 2758 ante
473 2705 588 2772 facicm
601 2706 677 2760 Dei?
690 2707 874 2774 exspectando
892 2708 920 2760 in
939 2707 1045 2773 superis
1063 2707 1196 2760 elevabat.
1209 2708 1295 2774 igitur
1314 2721 1373 2775 quo
1389 2710 1446 2776 elus

212 2804 308 2857 intima
320 2804 450 2871 paulatim
461 2807 634 2874 attingamus,
649 2812 742 2859 nostra
763 2820 937 2873 nequaquam
955 2806 1113 2871 conjectura
1134 2818 1166 2858 ea
1184 2804 1218 2857 ad
1238 2805 1366 2859 medium
1384 2812 1447 2860 suut

213 2902 377 2956 documenta
397 2904 554 2970 digerenda,
568 2906 668 2970 quibus
689 2906 735 2972 qui
757 2907 874 2958 extorris
886 2906 1027 2958 convietus
1048 2904 1130 2956 fuerit
1152 2903 1250 2957 beatus
1269 2905 1349 2959 nullo
1368 2905 1447 2960 modo
1460 2906 1486 2958 fl

212 3015 272 3055 esse
283 3003 381 3068 quibit.
392 3006 460 3056 Sunt
474 3004 574 3070 quippe
587 3004 743 3070 huiusmodi
756 3004 804 3057 :si
815 3004 885 3070 qais
899 3003 954 3056 Dei
962 3005 1066 3058 cultor·
1075 3004 1122 3056 est
1133 3004 1164 3056 et
1173 3003 1374 3059 volantatem
1381 3006 1448 3071 ejice

211 3098 300 3167 facit,
314 3101 397 3155 barte
408 3104 548 3169 exaudit,
557 3107 737 3169 peccatores
749 3107 854 3157 autern
866 3103 1042 3170 disperdet,·
1054 3109 1082 3156 et
1096 3119 1102 3154 :
1117 3104 1198 3155 Deus
1210 3103 1357 3169 superbis
1375 3106 1447 3159 resi-

215 3198 280 3265 stit,
294 3198 466 3253 bantift'bas
479 3215 549 3254 vero
561 3203 617 3256 dat
626 3204 785 3269 probam,-
798 3208 825 3256 et
838 3219 844 3255 :
865 3203 969 3256 Οηιηίε
982 3203 1036 3269 qui
1047 3202 1227 3261 eaetevivit,
1239 3204 1448 3269 ternpfurttest

214 3297 277 3364 Dei,
288 3298 344 3364 qui
355 3312 426 3353 uero
439 3301 495 3352 Dei
506 3303 654 3367 ternplum
667 3303 839 3369 violaverit,
849 3303 916 3370 epse
925 3316 995 3356 eum
1007 3302 1230 3369 disperdet;et:
1241 3301 1302 3360 Qui
1309 3304 1448 3357 voluerit

212 3408 278 3449 esse
290 3398 412 3451 arnicas
433 3398 527 3465 bajus
547 3402 677 3469 saccali,
692 3402 840 3455 irritatores
859 3402 1067 3455 constituetur
1087 3400 1142 3453 Der'
1150 3417 1159 3466 ,·
1172 3405 1255 3465 atque
1269 3401 1393 3456 :Videte
1408 3415 1447 3455 ne
1461 3404 1486 3454 tt

209 3499 382 3561 proveniat·
393 3499 489 3551 corda
502 3503 607 3552 vestra
620 3500 654 3552 in
666 3502 798 3567 crapula
819 3503 848 3553 ei
869 3501 1016 3554 ebrietate
1027 3503 1059 3554 et
1069 3500 1156 3554 curis
1170 3498 1383 3567 hodoeporica,
1401 3508 1446 3554 et:

218 3594 349 3660 Vipttate
368 3598 397 3648 et
418 3599 515 3663 orate,
528 3610 567 3650 ne
588 3598 713 3651 intretis
734 3600 768 3650 in
781 3599 1028 3665 temptationem·
1041 3604 1088 3650 et:
1104 3596 1232 3650 Obedire
1250 3600 1376 3663 oportet
1388 3600 1447 3652 Deo

210 3695 312 3761 mapis
325 3708 418 3760 quam
431 3695 623 3764 homicidam
636 3704 663 3750 et
677 3712 683 3749 :
697 3699 787 3752 Beati
803 3697 860 3765 qui
865 3697 1113 3764 persecutionem
1126 3695 1300 3762 patiuntur
1312 3702 1448 3765 propter

201 3791 374 3859 justitiam,
388 3794 535 3860 quoniam
553 3795 692 3862 epponem
709 3799 755 3850 eei
774 3809 906 3864 rep-rtem
923 3798 1103 3863 caelorum,-
1121 3796 1228 3862 aliaque
1244 3810 1329 3862 quam
1351 3800 1445 3863 multa,

210 3892 270 3944 sine
282 3893 382 3958 quibus
394 3894 524 3959 perfectio
545 3909 601 3948 non
622 3895 780 3962 adipiscitur
800 3898 888 3950 beata.
902 3898 978 3962 Quod
1001 3898 1023 3949 si
1042 3898 1109 3950 baec
1127 3898 1163 3949 ita
1181 3910 1210 3949 se
1231 3897 1344 3963 babent,
1362 3899 1446 3952 immo
1461 3899 1486 3951 ἓ

209 3990 272 4056 quia
286 3990 331 4056 ita,
344 3996 372 4044 et
382 3993 555 4060 Rigomerum
568 3999 693 4047 nostrum
704 3995 813 4049 beatum
827 3996 885 4049 fore
898 3996 1030 4049 miracula
1047 3996 1194 4062 praelibata
1207 4001 1357 4064 testantur,
1372 3997 1448 4065 quod

207 4089 266 4154 ipse
278 4090 495 4155 persecutionem
510 4100 619 4159 propter
625 4094 757 4159 justitiam
768 4096 803 4147 sit
813 4108 918 4160 passus,
927 4097 1002 4163 quod
1025 4099 1078 4150 beo
1092 4096 1236 4158 obedierit,
1243 4097 1320 4162 quod
1331 4104 1449 4165 propter

207 4187 390 4251 phantasticas
403 4191 593 4254 temptationes
605 4192 724 4244 oraverit
736 4198 762 4244 et
775 4192 934 4258 vigilaverit,
950 4192 1024 4259 quod
1046 4192 1260 4246 sollicitudinem
1280 4193 1356 4247 vitae
1369 4197 1446 4248 noci-

206 4297 266 4336 vam
280 4298 336 4338 non
349 4287 484 4355 babuerit,
498 4289 571 4355 quod
582 4289 758 4343 sobrietatem
779 4304 842 4344 cum
866 4290 1020 4359 frugalitate
1041 4295 1159 4345 sectatus
1178 4292 1223 4355 sit,
1247 4292 1325 4357 quod
1338 4296 1447 4347 amicus

203 4384 252 4436 bel
265 4390 292 4437 et
304 4386 389 4437 bostis
400 4388 502 4440 saeculi
515 4402 574 4441 esse
587 4389 711 4455 voluerit,
723 4390 796 4456 quod
809 4395 882 4442 caste
894 4391 1001 4458 vixerit,
1015 4390 1088 4457 quod
1103 4391 1213 4444 bumilis
1232 4404 1441 4461 exsecransque
1459 4395 1486 4446 ll

207 4485 362 4550 superbiam
384 4487 526 4553 exstiterit,
549 4489 621 4554 quod
640 4491 739 4555 justus,
760 4490 834 4556 quod
858 4491 903 4543 bei
924 4490 1012 4543 cultor
1036 4497 1063 4543 ct
1082 4490 1231 4544 voluntatis
1253 4491 1445 4556 ejusefector

207 4582 297 4636 fuerit.
312 4586 380 4637 ltine
391 4586 519 4653 colligere
531 4588 672 4641 verissime
684 4589 804 4642 valemus
817 4588 890 4656 quod
903 4603 965 4642 eum
979 4590 1008 4642 in
1018 4590 1116 4644 talibus
1128 4594 1155 4644 et
1167 4602 1217 4657 pro
1235 4591 1341 4644 talibus
1362 4594 1446 4647 rebus

208 4682 483 4740 misericordissimus
495 4699 604 4752 semper
616 4688 769 4741 exaudierit
781 4692 861 4742 beus.
