3316 5482
406 351 499 400 amu.
519 352 596 404 con.
615 352 732 404 ratus
751 375 797 384 -
812 354 891 406 coo.
911 354 985 405 seor.
1244 341 1311 407 349

71 517 97 570 si
111 517 317 571 sanctissimum
330 533 385 585 quo
402 520 510 586 jacebat
529 520 658 574 valuisset
681 523 815 589 attingere
828 522 928 575 locum.
950 524 1019 591 lior,
1033 522 1099 590 quia
1119 523 1235 590 pedibus
1254 539 1311 579 nou

70 617 192 681 poterat,
205 619 296 669 tractu
313 617 437 684 corporis
455 615 507 670 iter
527 618 653 684 arripuit,
672 618 841 686 tandemque
860 620 990 674 basilicae
1002 634 1057 688 qua
1075 622 1214 691 tendehat,
1228 623 1311 692 longo

72 713 140 767 viae
152 715 239 780 spatio
251 721 389 784 superato,
404 718 568 771 moribunda
582 718 712 772 succedit.
732 721 924 773 Necessitatem
938 721 1011 774 illius
1028 734 1127 788 corpus
1142 724 1233 777 debile
1245 737 1310 790 pau·

73 811 119 864 dit
130 830 139 879 ;
152 813 268 882 ipsoque
280 829 336 883 quo
357 816 431 868 venit
443 816 488 870 dic
500 817 534 869 de
546 817 644 871 collata
665 818 718 871 sibi
732 819 832 872 meruit
853 821 968 873 sanitate
985 821 1116 890 gaudere.
1128 823 1167 876 ild
1184 823 1310 890 patriam,

23 913 49 965 5
73 911 249 969 undecuma
261 919 385 981 venerat,
398 921 472 970 recta
493 917 634 985 remeavit,
649 917 727 984 cujus
747 919 876 985 precibus
888 920 940 973 troc
960 921 1110 975 obtinuerit
1121 923 1227 977 civibus
1240 936 1311 976 uun-

73 1011 168 1068 tiavit.

280 1465 466 1559 coum.
490 1467 615 1557 dodox
634 1469 824 1582 signatus
844 1496 957 1562 num.
984 1471 1109 1560 5361.

107 1699 181 1753 Olim
193 1699 334 1754 philiberti
347 1700 487 1755 uelamare
500 1703 558 1769 578,
571 1700 672 1755 deiude
684 1702 784 1769 liegius
796 1704 824 1755 c.
838 1703 913 1755 stoi.
926 1704 951 1754 l.

109 1802 251 1855 Foliorum
263 1800 377 1854 omniuo
397 1800 454 1868 ὅθ’,
476 1800 550 1854 med.
571 1802 790 1867 (0m‚³l><0,itd;
813 1801 878 1854 tolia
898 1813 963 1854 vero
984 1802 1071 1864 lid-36,
1096 1770 1307 1871 θωβθχὸᾼθδ),
1328 1791 1496 1860 'V01p0fius
1527 1871 1529 1874 .

67 1906 235 1968 compactus
247 1915 281 1954 ex
292 1899 426 1954 codicillis
439 1901 701 1955 exaratissaec.lllll
712 1900 771 1965 (tol.
785 1902 861 1965 ald),
875 1912 947 1953 saec.
959 1902 1013 1953 xlv
1025 1899 1082 1964 (iol.
1096 1900 1191 1970 lida),
1206 1904 1310 1957 saecli
1348 1861 1429 1979 Ἢ
1431 1872 1475 1979 ³1³¹
1591 1938 1594 1944 ·

69 2000 138 2068 (fol.
150 2001 250 2065 55-351)
263 2004 290 2053 ct
302 2012 372 2053 saec.
385 2001 431 2052 llll
445 1999 501 2063 (tol.
514 2000 633 2063 ὅδ’-561).
1336 1989 1488 2044 insiticium

182 2098 220 2174 l⁰
246 2097 330 2176 Vita
348 2096 471 2176 sancti
486 2120 530 2174 ac
547 2096 764 2176 beatissimi
783 2096 1025 2199 Leodcgarii,
1047 2097 1189 2177 Christi
1210 2121 1310 2176 mar·
1336 2059 1491 2191 ‘'iteiinas‘aa'

229 2221 771 2324 tyrisatqucpontificislfol.
793 2221 933 2323 illiti*
1326 2194 1500 2311 iiiiii?

107 2361 229 2412 Auctore
248 2357 357 2421 Ursino,
370 2357 431 2409 stilo
452 2355 624 2422 aliquantum
636 2355 790 2408 immutato.
802 2357 858 2407 om.
875 2356 1012 2424 prologus.
1027 2359 1057 2410 lu
1077 2355 1132 2410 dne
1155 2356 1218 2410 add.
1238 2357 1311 2411 Dies

72 2460 189 2514 autem
201 2456 357 2511 nancitor
369 2456 460 2510 illius
473 2469 511 2510 ac
523 2455 612 2509 sacri
622 2454 772 2521 martyrii
782 2457 831 2509 est
847 2455 896 2508 Vl⁰
907 2468 1009 2510 aomo
1021 2455 1161 2510 octobris.

181 2553 221 2630 2⁰
246 2552 440 2656 [Ejusdem
459 2552 658 2654 miracula]
676 2552 756 2650 (fol.
779 2550 928 2648 8l-ldlt.

110 2687 163 2742 ild.
177 2687 242 2742 Act.
254 2688 311 2752 Sd,
325 2686 359 2740 ad
371 2686 399 2741 d.
412 2689 428 2740 2
441 2688 508 2753 0ct.,
522 2691 587 2740 torn.
602 2688 623 2752 l,
637 2700 663 2752 p.
677 2688 781 2751 478-81,
794 2684 844 2739 sed
857 2700 953 2739 rursus
967 2685 1030 2740 stilo
1042 2687 1144 2753 passim
1156 2691 1269 2741 mutato.

183 2785 222 2864 3⁰
248 2785 447 2887 Scriptura
465 2786 515 2863 de
534 2807 698 2887 corpore
711 2784 833 2864 sancti
848 2782 1090 2885 Leodegarii,
1108 2784 1311 2887 quomodo

229 2908 280 2987 ad
297 2909 501 2988 Ehroilum
518 2909 668 2987 venerit
686 2908 768 3009 (fol.
792 2907 961 3007 ill-lli).

113 3043 273 3097 nocumenti
285 3044 366 3110 liujus
378 3043 564 3108 apographum
584 3055 617 3095 ex
629 3042 688 3107 ipso
700 3042 753 3094 hoc
765 3041 859 3095 codice
881 3043 997 3108 majores
1018 3041 1105 3094 nostri
1117 3041 1183 3094 olim
1195 3054 1306 3108 accepe-

77 3149 155 3209 runt,
168 3142 216 3196 sed
229 3143 368 3196 nescimus
380 3156 432 3209 qua
442 3142 548 3194 ratione
561 3141 645 3207 ducti,
656 3141 715 3207 ejus
725 3140 869 3193 exordium
882 3145 988 3194 tantum
1006 3140 1154 3194 ediderunt
1170 3139 1230 3204 (cti.
1243 3144 1309 3194 tom.

76 3244 138 3310 cit,
161 3257 189 3309 p.
209 3243 268 3304 lto,
289 3254 393 3302 numm.
416 3242 449 3293 ts
469 3244 551 3305 extu,
569 3241 619 3304 lo).
643 3239 876 3305 operaepretium
896 3238 1005 3293 videtur
1024 3239 1091 3291 illud
1109 3238 1153 3292 liic
1173 3238 1309 3305 integrum

77 3342 221 3397 exhibere.
235 3340 294 3394 llid.
306 3340 429 3406 Append.

180 3439 221 3517 10
246 3437 418 3539 Epistola
436 3437 709 3534 consolatoria,
730 3459 850 3538 quam
876 3445 1032 3516 sanctus
1049 3434 1311 3537 Leodegarius

227 3568 316 3664 post
333 3562 485 3641 obitum
514 3563 687 3663 germani
717 3564 777 3641 sui
810 3563 1006 3666 Guaireui,
1028 3571 1116 3664 post
1144 3560 1310 3640 amissos

229 3685 365 3765 oculos
383 3695 421 3764 et
438 3685 543 3763 labia
561 3687 696 3784 incisa,
715 3685 855 3765 direxit
882 3686 932 3764 ad
950 3686 1181 3788 genitricem
1198 3706 1310 3763 suam

227 3808 446 3888 Suessionis
464 3809 503 3884 iu
523 3809 716 3887 coenobio
734 3809 955 3910 puellarum
972 3809 1049 3910 (fol.
1074 3808 1241 3909 ill-tiit).
1340 3809 1343 3816 '

112 3941 162 3996 ud.
176 3947 240 3995 tom.
257 3942 312 4009 cit,
326 3957 353 4008 p.
366 3944 472 4005 itte-lo,
487 3956 514 3994 u.
529 3944 631 3995 alo-al.

179 4041 220 4118 5⁰
249 4035 347 4146 [Vita
364 4040 486 4120 sancti
504 4039 643 4117 Fiacrii
661 4036 858 4148 eremitae]
880 4040 956 4140 (iol.
976 4040 1145 4129 171-181).

110 4177 170 4230 Vita
186 4175 243 4241 illa,
256 4187 289 4227 ex
312 4179 358 4228 lis.
379 4174 484 4226 scilicet
500 4174 607 4226 llomini
624 4172 765 4226 Delamare
788 4176 854 4239 (uon
872 4173 898 4226 le
916 4172 1009 4239 ltaire)
1032 4173 1179 4238 descripta,
1201 4170 1235 4225 de
1256 4185 1310 4238 qua

72 4279 198 4346 majores
210 4278 294 4331 nostri
307 4277 341 4330 ad
354 4276 380 4328 d.
394 4278 427 4329 30
439 4277 519 4343 nup,
531 4278 597 4327 tom.
611 4276 653 4333 vi.
667 4289 693 4340 p.
706 4277 765 4340 602,
780 4288 856 4326 num.
867 4276 908 4327 20.
921 4275 1018 4337 Quam,
1031 4273 1130 4338 adhuc,
1144 4278 1175 4325 ut
1186 4269 1304 4335 videtur,

74 4374 224 4443 ineditam,
237 4375 281 4427 liic
292 4374 458 4443 vulgandam
471 4373 608 4426 duximus.
622 4372 682 4425 llid.
696 4371 821 4438 Appeud.

177 4475 217 4554 6ο
243 4473 440 4575 [Eiusdem
458 4471 657 4573 miracula]
674 4470 751 4570 (fol.
774 4469 948 4570 llil-dil).

111 4611 161 4664 ild.
172 4614 240 4663 torn.
251 4607 307 4672 cit,
318 4621 344 4672 p.
355 4608 404 4660 6l0
417 4620 488 4674 sqq„
502 4607 553 4660 hoc
566 4604 679 4658 ordine:
693 4618 797 4658 numm.
811 4605 844 4657 ὅθ
856 4603 914 4660 tsed
927 4602 956 4656 in
967 4603 1029 4658 cod.
1042 4602 1152 4656 brevius
1165 4606 1191 4655 et
1203 4600 1308 4666 simpli·
