3316 5482
209 305 277 372 280
549 318 674 371 osum.
694 318 795 371 oona.
815 317 990 371 meroen.
1008 318 1090 371 usu.

210 498 244 551 in
256 499 375 567 fratres
386 498 533 562 sicarius,
546 497 581 551 in
593 496 749 552 Christum
762 496 898 551 Herodes
909 495 1159 563 cruentissimus,
1170 496 1227 564 qui
1241 495 1414 552 ebruinum

209 597 356 653 membris
366 598 431 650 suis
438 597 652 664 persequitur,
665 597 842 650 innoeentes
851 598 977 658 mactat,
987 595 1121 662 effundit
1130 596 1316 663 sanquinem
1324 597 1415 651 saido

209 709 282 752 rum
295 700 455 764 tamquam
466 709 592 765 aquam,
601 697 750 764 ponitque
762 695 915 750 mortalia
927 707 1034 749 eorum
1051 707 1138 750 escas
1149 695 1329 751 romaldus
1346 693 1414 751 coeli

211 797 245 850 Si
257 796 443 864 maru‘festus
458 795 575 849 Christi
588 795 685 849 hostis
697 795 753 850 hoo
764 794 892 863 faceret,
907 795 1016 861 utique
1029 794 1225 849 tolerabilius
1245 797 1340 862 esset,·
1354 805 1415 849 nans

210 908 282 951 vero
294 895 382 951 homo
394 895 487 963 quasi
497 895 693 949 christianae
705 895 877 962 reliqionis,
883 893 1078 962 christianis,
1085 896 1121 947 ut
1133 894 1275 963 simulat,
1281 892 1436 948 uncrsinitl
1483 890 1485 901 '

210 999 240 1050 et
251 994 339 1050 homo
346 995 448 1063 pacis,
461 995 570 1048 ducem
582 995 721 1062 spondet,
732 997 761 1048 et
774 995 857 1047 inter
868 994 1042 1048 ducendum
1053 1006 1125 1048 cum
1138 993 1281 1060 poponis
1292 993 1414 1049 consilia·

211 1097 264 1148 tur
275 1094 534 1162 quemadmodum
543 1094 585 1147 ad
597 1106 704 1147 eoram
716 1096 829 1147 nutum
836 1093 939 1161 possit
950 1095 1074 1147 nostros
1080 1093 1226 1160 perdere.
1237 1094 1419 1162 Quapropter,

211 1195 256 1248 mi
267 1193 433 1258 lticliarda
447 1193 581 1246 liostium
592 1193 738 1261 formido,
759 1193 975 1259 ploriapentis
995 1195 1133 1261 hadrae,
1156 1193 1259 1261 mapis
1281 1192 1422 1261 tibiquan

211 1294 350 1347 mihimet
362 1293 465 1346 tirraui.
483 1293 526 1345 Tu
537 1291 622 1345 enim
635 1291 670 1343 iu
677 1292 842 1358 palatinos
855 1291 928 1345 illos
949 1291 1119 1345 traditores
1140 1290 1355 1347 christianum
1370 1302 1425 1346 raa

209 1394 336 1462 quinem
348 1393 498 1459 condiqne
509 1393 596 1445 ultus
609 1391 733 1458 deeras·
747 1394 791 1458 tu,
801 1393 837 1444 ut
846 1390 973 1457 asseris,
979 1390 1430 1459 poeneqainqentorumstraat
1439 1386 1461 1440 ll

210 1495 373 1548 erueritam
385 1490 508 1545 beluam
520 1491 611 1544 illam
623 1503 754 1558 suosque
766 1490 932 1557 complices
945 1473 1144 1557 irritaverat,
1163 1490 1200 1542 in
1212 1493 1340 1545 tantum
1355 1492 1391 1545 ut
1404 1488 1433 1543 ds

209 1597 265 1649 tua
276 1594 377 1647 salute
388 1591 514 1645 oniriino
526 1591 774 1657 desperaremus.
784 1589 896 1656 ltaque
909 1590 1035 1644 laudem
1047 1591 1107 1644 Deo
1129 1594 1237 1644 nostro
1248 1588 1434 1658 referamus,

209 1693 357 1762 quoniam
371 1691 436 1759 ipse
441 1690 581 1758 percutit
592 1693 623 1743 et
634 1692 737 1757 sanat,
751 1690 818 1756 ipse
829 1689 923 1743 solvit
934 1690 1120 1757 compeditos
1132 1689 1261 1759 ipseque
1283 1690 1379 1759 eripit
1390 1689 1437 1744 elt-

209 1793 419 1861 sos31‘deoque
439 1790 502 1858 ipsi
523 1790 584 1844 soli
603 1790 683 1857 laus,
708 1788 815 1856 hortor,
841 1789 942 1843 virtus
959 1792 989 1843 et
1004 1792 1144 1857 potestas
1160 1802 1223 1858 per
1242 1788 1437 1847 immortalia

211 1894 363 1948 saecula..
1455 1888 1480 1942 u

244 1991 276 2045 8.
289 1991 337 2044 iiis
359 1990 449 2056 (lictis,
468 1989 641 2042 sanctissimo
663 1989 807 2042 leonardo
823 1988 1023 2054 patrocinante,
1045 1988 1079 2042 de
1102 1988 1184 2043 bonis
1205 1988 1294 2043 initiis
1313 1988 1441 2043 melioret

209 2097 399 2159 exspectantes
411 2091 509 2155 exitus,
523 2091 611 2157 agitur
624 2091 653 2143 in
666 2090 768 2142 laetitia
781 2095 808 2143 et
820 2089 990 2143 exultatione
1003 2095 1084 2157 atque
1102 2091 1253 2156 gratianum
1275 2090 1388 2145 actione
1400 2090 1444 2143 ille

209 2192 269 2245 dies
281 2198 308 2245 et
320 2192 418 2258 reliqui
431 2191 644 2256 subsequentes.
659 2190 795 2242 Sternitur
807 2189 857 2255 ipsi
872 2189 1024 2243 boimundo
1042 2190 1071 2242 in
1092 2189 1193 2256 medio,
1216 2189 1401 2244 discumbunt
1416 2188 1445 2242 in

210 2291 327 2346 circuitu
339 2292 409 2344 thori
420 2290 611 2356 electilreroes‚
620 2288 771 2342 bichardus
779 2289 882 2341 scilicet
894 2289 1010 2342 eteeteri
1021 2289 1068 2355 qui
1077 2289 1204 2343 visitandi
1212 2289 1300 2355 gratia
1309 2290 1445 2359 insignem

209 2390 298 2446 virum
311 2389 424 2443 admissi
436 2374 602 2442 ineranti'it
614 2389 766 2456 gratissima
776 2400 936 2442 sermonum
944 2388 1063 2451 collatio,
1074 2393 1176 2455 quanta
1186 2389 1325 2443 mirabilia
1337 2386 1447 2443 mimbi·
1461 2389 1485 2443 tt

209 2490 323 2543 lisbeus
341 2489 466 2542 inservis
484 2488 540 2541 suis
551 2494 679 2554 operatus
692 2488 736 2555 sit,
751 2502 833 2554 quam
857 2487 982 2540 miranda
1000 2488 1099 2543 virtute
1112 2501 1213 2554 paucos
1234 2492 1332 2543 oontrs
1345 2489 1448 2543 multos
1470 2534 1474 2543 .

208 2589 416 2655 triumphaverit
427 2606 434 2653 ;
444 2601 518 2641 nuno
531 2588 653 2653 proiecto
668 2587 822 2640 secundum
834 2588 968 2641 visionem
981 2587 1232 2642 Nabuchodonosor
1245 2588 1318 2655 regis
1328 2588 1448 2654 lapidem

209 2689 286 2742 illum
300 2688 436 2742 demente
447 2688 583 2740 abscisum
597 2688 656 2740 sine
672 2688 797 2740 manibus
811 2688 838 2739 in
849 2700 1017 2755 paganorum
1028 2693 1145 2755 stragem
1155 2699 1296 2754 corruere,
1310 2693 1449 2742 nuncsta·

212 2788 369 2842 tuamillam
387 2787 583 2840 multiformem
602 2787 683 2851 hujus
695 2787 793 2852 lapidis
805 2787 927 2852 impulsu
942 2787 1047 2840 conteri
1061 2789 1143 2853 atque
1163 2787 1192 2839 in
1208 2786 1330 2841 iamlam
1351 2787 1448 2857 redigi,

206 2889 319 2951 serrum,
331 2891 438 2947 testam,
449 2900 505 2949 nee,
516 2891 658 2953 argentum
670 2893 697 2938 et
707 2899 804 2938 aarum
816 2903 824 2951 ;
836 2886 949 2939 Nicaeae
962 2891 1044 2953 atque
1057 2887 1221 2940 Antiochiae
1231 2886 1338 2942 terreos
1348 2889 1446 2941 Persas
1463 2888 1485 2941 ¹

207 2987 339 3040 contritos
352 2999 422 3051 osse,
438 2985 608 3037 Hierusalem
629 2991 711 3051 atque
731 2985 864 3037 Ascalone
884 2990 984 3039 testeos
1001 2986 1156 3053 Aegyptios,
1172 2986 1327 3040 Chaldaeos
1349 2999 1449 3042 aereos

209 3091 291 3153 atque
301 3090 454 3152 argenteos,
466 3086 567 3138 Arabes
576 3098 685 3143 aureos,
695 3087 792 3151 partim
802 3085 891 3151 gladio
902 3091 1086 3152 consumptos,
1097 3085 1195 3151 partim
1210 3087 1272 3153 igne
1281 3087 1311 3138 in
1325 3086 1448 3141 iarillam

209 3185 343 3249 redactos,
359 3185 576 3237 innumerabiles
587 3198 651 3237 vcro
665 3183 744 3251 quasi
758 3191 839 3237 vento
853 3184 973 3238 turbinis
986 3186 1014 3236 in
1035 3199 1111 3237 mare
1124 3185 1326 3251 praecipitatos.
1350 3187 1384 3239 itt
1396 3187 1450 3241 hoc

210 3286 317 3350 quare?
330 3285 395 3347 Quia
408 3282 584 3336 offenderunt
596 3284 624 3334 in
650 3283 768 3349 lapidem
790 3283 948 3337 offensionis
970 3285 1017 3351 qui
1041 3284 1102 3336 sine
1123 3284 1251 3337 manibus
1268 3284 1395 3338 abscisus
1408 3289 1451 3339 est

210 3381 424 3445 concidentium,
438 3382 564 3434 videlicet
577 3382 612 3435 de
624 3383 728 3449 vimine
741 3387 821 3435 natus
834 3383 893 3435 sine
906 3383 1034 3436 manibus
1044 3382 1294 3449 complectentium.
1305 3384 1450 3439 llicveris·
1466 3388 1485 3439 s

211 3483 278 3535 sime
291 3481 360 3546 lapis
372 3495 455 3547 super
467 3482 682 3534 innumerabiles
694 3483 755 3534 illas
767 3483 929 3535 bellatorum
943 3483 1064 3549 legiones
1078 3482 1176 3535 cecidit
1185 3487 1214 3536 et
1225 3483 1286 3536 illas
1299 3496 1451 3550 parvorum

211 3584 293 3646 atquc
306 3594 455 3646 paucorum
469 3594 551 3634 manu
564 3582 700 3634 contrivit.
711 3583 748 3634 Et
756 3595 850 3647 nanc,
859 3583 993 3650 Domine,
1004 3583 1170 3637 consilium
1181 3586 1269 3636 tuum
1278 3583 1450 3652 antiquum

211 3691 319 3731 oerum
331 3679 398 3747 fiat.
418 3679 554 3733 Gentiles
566 3682 692 3732 statuas
705 3679 916 3747 multiformes
928 3680 1133 3748 aedificantes
1152 3683 1180 3734 te
1200 3680 1452 3748 reprobaverunt

210 3778 240 3829 et
253 3776 286 3828 ia
299 3778 327 3828 te
339 3776 553 3842 offenderant:
569 3796 578 3826 ι
596 3779 710 3832 Recede
721 3792 741 3831 a
753 3777 840 3831 nobis
852 3795 858 3842 ;
872 3779 1038 3832 scientiam
1059 3780 1186 3835 viarum
1208 3783 1339 3835 tuarum
1357 3783 1449 3837 nolu·

210 3888 291 3928 mus.
307 3892 317 3924 ι
332 3876 395 3929 Nos
407 3889 478 3929 vero
491 3877 653 3943 sequimur
665 3880 695 3930 et
709 3878 852 3931 timetnus
865 3880 903 3931 te.
917 3879 1073 3933 Enattare
1089 3881 1144 3947 qui
1158 3880 1290 3947 judicas
1310 3882 1446 3953 terram,
1465 3886 1485 3938 d

209 3973 304 4025 redde
315 3972 552 4026 retribationem
564 3975 715 4042 superbis.
739 3977 937 4043 improperia
960 3978 1245 4045 improperantium
1257 3979 1314 4033 tibi
1332 3980 1451 4037 cotidie

209 4073 326 4126 cadunt
339 4086 434 4140 super
446 4087 499 4127 nos
514 4090 520 4125 :
535 4092 551 4122 a
568 4076 663 4128 Canes
675 4076 819 4142 irteridici,
841 4078 982 4131 advenae
1003 4079 1103 4146 stulti,
1126 4079 1283 4134 medentes
1299 4080 1333 4132 in
1346 4082 1450 4135 cruci·

211 4171 324 4239 finum,
339 4173 392 4238 qni
413 4186 468 4226 neo
489 4176 688 4241 semetipsam
707 4176 813 4242 potuit
834 4176 978 4244 liberare,
1000 4179 1124 4245 etquid
1144 4178 1229 4233 vobis
1244 4181 1366 4247 poterit
1375 4193 1451 4249 pro·

212 4269 324 4324 desse?
343 4272 401 4323 llic
419 4273 498 4324 Deus
518 4276 626 4337 aester,
646 4274 713 4326 dua
733 4274 930 4343 miserorum,
953 4276 1026 4329 dum
1046 4277 1244 4330 Hierusalem
1269 4277 1452 4335 subvecturi

213 4368 321 4432 uoluit,
334 4369 390 4421 oia
401 4370 527 4423 asisium
541 4369 652 4425 habere
661 4373 776 4439 potuit,
790 4376 820 4426 et
831 4388 925 4440 quam
937 4374 1154 4429 retributionis
1166 4389 1252 4443 spem
1264 4377 1297 4429 in
1312 4390 1346 4431 eo
1355 4379 1451 4446 poni·
1467 4382 1485 4434 i

214 4468 253 4519 tis
264 4468 276 4520 t
288 4468 402 4535 Maria,
416 4472 451 4521 ut
463 4483 545 4522 aanor
558 4484 635 4538 urea,
653 4475 850 4538 paupercula
871 4474 909 4526 de
927 4474 1108 4541 Nazareth,·
1128 4475 1243 4529 Petrus
1264 4479 1294 4530 et
1311 4477 1452 4533 Ioannes

208 4565 391 4632 piscatores.
406 4569 481 4623 Ecce
492 4571 597 4637 quales
606 4573 738 4637 patroni
751 4574 856 4626 vestri.
880 4574 1014 4628 Eveniat
1034 4573 1118 4628 vobis
1135 4577 1235 4642 prout
1247 4576 1304 4630 isti
1310 4582 1451 4645 possunt
