3316 5482
524 363 617 413 amn.
637 362 720 413 nar.
740 363 855 412 rums.
874 383 920 395 -
935 362 1013 412 eoo.
1034 361 1125 412 mass.
1371 343 1435 410 ool

239 534 395 602 capitulum
406 536 448 588 44.
462 532 581 597 Qualiter
599 531 720 585 Herodes
733 537 760 585 et
771 531 865 586 iudaei
878 545 925 585 eos
937 532 1162 599 insequebantur.
1174 534 1261 596 Quare
1281 529 1347 584 dieti
1360 543 1438 599 reges

207 641 272 689 sunt
282 635 371 690 uocati
383 634 464 702 magi.

239 734 394 800 Capitulum
406 733 448 785 ab.
461 730 574 796 Quando
587 737 643 784 tres
655 744 731 799 reges
742 730 776 784 ad
789 731 899 797 propria
912 729 1064 783 redierunt.

240 832 395 899 capitulum
406 833 447 885 26.
460 834 497 884 be
508 829 611 897 capelia
622 831 651 883 in
663 836 757 883 monte
768 833 838 883 vaus
852 830 972 882 lundata.

239 929 395 1003 capitulum
404 931 445 983 ii.
459 928 527 993 Quid
540 929 605 982 iecit
616 930 698 981 Μανία
710 933 771 995 post
791 941 929 981 recessum
951 927 1033 979 trium
1054 939 1158 993 regum.
1183 927 1220 977 be
1239 924 1307 977 laete
1319 924 1436 992 Virginis

206 1031 317 1085 liar-iae.
330 1031 368 1084 lle
379 1028 491 1083 camisia
504 1034 530 1082 et
542 1028 640 1095 pannis
649 1028 749 1096 quibus
761 1027 812 1081 luit
822 1031 900 1081 lesus
912 1026 1061 1080 involutus.
1083 1025 1168 1078 Etiam
1181 1024 1300 1091 capitulo
1320 1024 1435 1090 quadra·

205 1130 310 1200 gesimo
322 1129 428 1196 quinto.
1139 1123 1143 1131 '

239 1225 394 1294 capitulum
405 1227 446 1278 28.
461 1225 581 1290 Qualiter
597 1224 675 1292 virgo
688 1225 770 1277 Maria
788 1228 848 1291 post
869 1223 1074 1290 puriiieationes
1094 1222 1162 1290 bugit
1182 1222 1382 1290 inaegyptum.
1399 1222 1436 1275 lle

206 1327 278 1382 rosis
288 1326 377 1380 lerioo
389 1325 498 1392 quaein
510 1325 569 1392 ipsa
581 1325 623 1378 via
641 1329 777 1377 creseunt.

239 1424 392 1492 capitulum
404 1425 445 1477 iil.
460 1424 508 1477 ilbi
521 1423 604 1476 Μανία
616 1423 644 1476 in
663 1425 783 1489 Aegypto
796 1422 907 1476 habitat.
931 1425 967 1474 ile
986 1421 1094 1476 civitate
1114 1421 1221 1476 blobar.
1235 1422 1272 1473 be
1289 1421 1367 1474 borlo
1388 1418 1435 1472 ubi

204 1526 346 1581 balsamus
359 1524 457 1578 oreseit
468 1528 496 1576 et
508 1525 568 1590 ejus
576 1523 685 1576 virtute.

239 1624 395 1694 Capitulum
418 1627 460 1678 30.
482 1625 532 1678 ilbi
554 1630 581 1677 et
600 1623 674 1676 unde
691 1627 826 1676 venerunt
846 1622 884 1675 illi
903 1622 1014 1690 triginta
1032 1621 1137 1675 denarii
1160 1620 1208 1686 qui
1229 1619 1312 1674 oblati
1325 1619 1438 1672 suerunt

205 1728 322 1781 bomine
335 1729 429 1778 nostro
438 1726 503 1777 lesu
516 1723 632 1777 cnristo.

239 1824 394 1891 capitulum
414 1826 456 1877 ul.
478 1823 553 1888 Quod
576 1823 654 1889 Virgo
676 1822 756 1875 Μανία
770 1821 831 1874 illos
844 1821 954 1889 triginta
975 1819 1102 1873 denarios
1124 1817 1242 1885 perdidit
1265 1822 1293 1871 et
1312 1817 1359 1871 ubi
1373 1822 1437 1870 sunt

205 1925 341 1979 conversi.
356 1925 392 1975 lle
405 1935 469 1990 agro
482 1920 565 1991 ilguli.
580 1924 666 1986 Quare
687 1921 732 1973 isti
745 1920 851 1974 denarii
873 1923 1006 1973 uocantur
1017 1917 1151 1987 argentei.
1173 1920 1211 1972 lie
1223 1918 1315 1970 tunica
1327 1917 1435 1970 bomini

206 2022 364 2077 inconsutili
378 2021 488 2074 'etiam
1492 2016 1580 2071 'ood.
1594 2082 1600 2094 ¹
1614 2081 1620 2094 ο

239 2122 394 2189 capitulum
405 2121 446 2174 32.
461 2120 558 2183 Quales
569 2119 680 2173 luerunt
692 2119 793 2173 milites
805 2118 851 2186 (pai
864 2117 1077 2183 eustodieba[n]t
1088 2116 1257 2183 sepulturam
1269 2115 1385 2172 bomini.
1454 2081 1632 2138 ¹⁰⁰⁰¹¹⁸¹¹¹t¹¹¹·

239 2220 393 2287 capitulum
406 2223 447 2273 55.
461 2219 580 2284 Qualiter
591 2218 670 2287 Virgo
684 2219 766 2271 Μανία
778 2231 888 2272 reversa
900 2218 951 2270 luit
963 2217 991 2269 in
1004 2216 1098 2271 israel.

239 2319 392 2386 capitulum
405 2321 447 2372 bl.
461 2318 580 2382 Qualiter
589 2318 684 2371 beatus
696 2317 813 2371 Thomas
826 2317 964 2384 apostolus
976 2316 1052 2369 uenit
1064 2315 1099 2368 ad
1112 2314 1204 2368 indos.

242 2419 394 2486 Capitulum
406 2419 447 2471 35.
463 2417 511 2470 Ubi
524 2417 620 2470 beatus
630 2418 747 2469 Thomas
758 2421 814 2470 tres
835 2429 914 2483 reges
933 2415 1047 2469 invenit.
1062 2415 1110 2468 Ubi
1133 2414 1259 2480 baptizati
1272 2420 1336 2467 sunt
1349 2427 1435 2481 repes.

210 2518 282 2572 Beati
296 2531 373 2586 reges
385 2522 412 2569 et
424 2518 685 2569 Thomasuenerunt
696 2514 730 2568 ad
743 2520 865 2568 montem
878 2517 958 2568 vaus,

241 2617 393 2683 capitulum
406 2618 447 2668 bil.
461 2615 582 2680 Qualiter
591 2616 686 2668 beatus
697 2615 813 2668 Thomas
825 2627 872 2667 eos
885 2614 913 2666 ln
928 2612 981 2667 lide
993 2619 1022 2668 et
1033 2613 1167 2680 baptismo
1180 2613 1344 2666 informavit.

241 2716 394 2782 Capitulum
406 2717 449 2767 ili.
463 2715 512 2768 ilbi
525 2719 581 2767 tres
593 2727 670 2783 reges
682 2720 743 2780 post
754 2713 920 2780 baptismum
933 2725 1036 2766 moram
1048 2715 1189 2766 traxerunt
1201 2718 1227 2765 ei
1248 2711 1321 2779 quod
1335 2711 1437 2765 fiebant

204 2816 337 2883 episcopi.

241 2912 394 2981 capitulum
407 2914 448 2965 ³8.
462 2911 537 2975 Quod
550 2912 602 2978 ipsi
615 2924 692 2978 reges
704 2916 767 2964 ante
787 2923 882 2964 eorum
904 2916 1021 2964 mortem
1043 2910 1175 2977 populum
1196 2914 1393 2974 convocarunt,
1410 2914 1437 2962 et

205 3018 284 3066 erant
295 3011 422 3078 virgines.

239 3111 393 3178 capitulum
405 3112 446 3164 59.
462 3112 498 3163 be
510 3108 713 3176 praedieatione
725 3110 848 3176 ipsorum
860 3111 941 3163 trium
954 3123 1058 3178 regum.
1074 3107 1215 3176 Qualiter]
1224 3109 1283 3163 lndi
1295 3108 1437 3176 elegerunt

205 3223 293 3264 uuum
307 3209 495 3276 patriarcham,
509 3209 621 3262 nomine
632 3208 773 3261 Tbomam.

239 3308 393 3375 capitulum
405 3310 446 3362 40.
458 3308 522 3371 Quis
535 3308 622 3360 tn'bus
634 3307 744 3376 regilius
764 3309 792 3360 in
813 3321 907 3362 eorum
930 3308 1022 3377 regnis
1045 3308 1185 3362 suecessit.
1199 3308 1283 3371 Quis·
1296 3307 1438 3375 presbyter
1456 3309 1542 3364 ‘cod
1556 3308 1631 3378 quia.

202 3407 354 3460 lohannes.
375 3407 494 3471 Qualiter
513 3407 655 3473 presbyter
672 3408 810 3460 iohannes
832 3407 932 3461 salutat
952 3406 1102 3474 principes.
1117 3410 1154 3460 be
1176 3407 1307 3475 progenie
1319 3408 1353 3460 de
1365 3409 1437 3459 vaus

204 3506 280 3560 venit
292 3505 393 3560 nobilis
408 3506 564 3573 progenies.

236 3604 389 3672 Capitulum
401 3607 442 3656 il.
458 3604 571 3669 Quando
581 3605 631 3680 ipsi
642 3599 719 3673 reges
730 3605 872 3658 obierunt.

239 3702 392 3770 Capitulum
406 3705 448 3756 42.
462 3705 499 3757 lte
511 3704 649 3757 miraculis
661 3716 837 3771 eorumquae
850 3705 919 3759 laeta
933 3711 997 3759 sunt
1009 3711 1070 3772 post
1082 3719 1177 3760 eorum
1189 3711 1314 3760 mortem.

238 3801 392 3869 Capitulum
404 3804 445 3854 43.
457 3802 507 3856 ilbi
519 3815 613 3856 eorum
626 3816 741 3870 corpora
753 3803 858 3870 sepulta
870 3809 943 3872 sunt,
959 3811 987 3857 et
999 3818 1086 3873 quare
1098 3804 1195 3858 divisa.

240 3900 392 3968 capitulum
404 3903 446 3954 44.
457 3900 524 3966 Quid
537 3901 601 3954 feeit
612 3902 715 3954 Helena
727 3901 792 3954 dum
805 3915 912 3955 erucem
927 3903 1040 3957 invenit.

239 4000 392 4067 Capitulum
403 4003 445 4054 45.
458 4001 577 4066 Qualiter
588 4002 663 4053 venit
675 4002 777 4054 lielena
787 4000 821 4054 ad
835 4003 983 4070 tugurium.
995 4005 1032 4056 be
1049 4004 1148 4069 pannis
1170 4009 1198 4056 et
1209 4003 1319 4056 oamlsia
1332 4003 1435 4069 quibus

207 4099 347 4153 involutus
373 4099 423 4152 suit
445 4099 576 4154 chrislus,
598 4100 684 4153 Etiam
704 4100 822 4168 capitulo
845 4101 975 4169 vigesimo
996 4102 1122 4168 septimo.
1145 4104 1182 4155 be
1202 4102 1313 4156 camisia
1339 4103 1435 4155 beatae

207 4199 316 4251 llariae.
442 4200 445 4205 '

241 4296 394 4363 capitulum
407 4299 448 4349 46.
461 4300 498 4350 be
514 4297 629 4350 eeclesia
642 4299 671 4351 in
684 4300 792 4364 tugurio
805 4298 971 4351 lundata....‘
982 4303 1048 4353 llem
1062 4300 1090 4352 in
1112 4299 1156 4353 die
1167 4300 1316 4354 Natiuitatis
1329 4300 1434 4352 bomini
1452 4301 1462 4321 '
1475 4299 1633 4378 monella

208 4408 304 4449 omnes
316 4395 456 4448 christiani
469 4397 646 4449 conveniunt.
1456 4364 1634 4486 {gma-

240 4494 393 4559 Gapitulum
405 4496 447 4546 47.
461 4496 497 4546 be
506 4496 645 4547 Μαναναῑίι.
656 4497 692 4548 lle
706 4502 798 4549 monte
810 4498 904 4550 beatae
913 4498 1064 4551 liariae.iie
1074 4500 1134 4565 ejus
1144 4498 1305 4552 salutatione
1315 4504 1342 4551 et
1354 4499 1429 4553 bora.
1504 4500 1565 4551 tar.

209 4596 245 4647 be
257 4597 350 4645 monte
362 4593 479 4645 Thabor.
