3316 5482
280 359 374 410 aran.
392 359 476 411 aar.
494 359 611 411 raam.
629 379 676 391 —
690 358 844 411 menan.
863 360 911 411 au
928 362 1006 413 con.
1024 360 1100 413 5³5³.
1244 348 1311 417 317

64 526 167 593 aucta
178 539 364 582 mensurum
375 528 630 597 demmaepartis,
643 528 754 585 babeat
766 531 893 585 totidem
902 531 1031 587 cabitos.
1045 535 1185 588 posthaec
1197 540 1308 603 accepta

71 625 414 694 pecuuiearciridiaconus
434 628 588 696 tripliciter,
610 629 695 683 sacris
717 631 798 683 etiam
819 631 993 697 imperatoris
1012 631 1131 686 decretis
1151 634 1305 690 ministerio

72 724 170 780 dinuo
182 726 226 780 rel
237 740 369 781 mensura
381 727 523 796 ecclesiae,
537 741 600 783 cum
612 730 712 798 gaudio
724 730 777 783 iter
789 742 844 797 quo
852 736 967 784 uenerat
978 732 1132 786 reuertitur.

108 826 154 878 11.
163 825 393 892 Operaepretium
400 830 600 879 estmemorare
608 826 742 893 quaedam
752 828 921 895 degermano
929 828 1133 883 domniiiuurtii
1141 832 1306 898 uunorpnic

27 923 51 977 5
68 922 116 976 rel
126 937 258 992 ammana
269 925 356 991 ipsius
367 925 467 986 Cassia,
481 926 528 993 qui
541 928 605 979 ante
617 939 705 980 annos
717 925 899 996 quadraginta
910 929 1037 994 captivati
1051 929 1169 996 merant,
1183 943 1256 998 quac
1265 931 1306 985 eis

67 1021 165 1077 diuina
175 1024 343 1091 praestiterit
358 1025 455 1092 pietas.
469 1026 537 1078 curn
549 1024 595 1080 die
607 1025 725 1094 quadarn
743 1027 888 1094 episcopus
899 1030 1078 1083 suessonicae
1090 1029 1208 1084 civitatis
1220 1042 1304 1084 causa

67 1123 205 1177 orationis
214 1124 249 1177 ad
259 1127 417 1178 sanctorum
424 1124 543 1192 crispini
553 1128 581 1179 et
589 1124 755 1192 crispiniani
766 1132 914 1194 martyrum
921 1128 1043 1183 tumulos
1050 1128 1180 1197 venisset,
1190 1131 1303 1184 intuens

66 1223 164 1276 sirum
175 1228 204 1277 et
214 1223 359 1277 mulierem
371 1223 448 1277 cultu
461 1224 588 1292 religioso
609 1224 731 1292 indutos,
744 1226 779 1280 ad
791 1227 995 1294 praeclarorum
1014 1232 1164 1297 martyrum
1176 1230 1303 1297 sepulcra

68 1334 134 1376 eum
145 1321 266 1376 lacrimis
277 1326 388 1377 orantes
400 1328 427 1377 et
437 1323 562 1378 dieentes
576 1346 582 1375 ι
596 1324 703 1379 Sancti
713 1338 751 1380 ac
762 1326 955 1381 venerabiies
966 1330 1133 1395 martyres,
1138 1331 1302 1396 praestate

10 1422 50 1476 to
67 1420 166 1486 nobis,
176 1424 213 1476 ut
221 1424 296 1477 ante
304 1422 386 1477 diem
392 1422 493 1477 obitus
502 1423 606 1478 nostri
613 1424 720 1479 cidere
730 1437 909 1479 mereamur
915 1427 1062 1494 propriis
1072 1428 1171 1483 ocutis
1182 1429 1301 1484 nostris

65 1519 287 1575 comissimum
303 1533 493 1590 parnassum
503 1525 646 1576 nostrum
658 1523 824 1577 Bourtium
834 1523 1062 1592 subdiaconem,
1075 1526 1138 1580 iilos
1154 1527 1300 1594 diiigenter

65 1620 229 1690 discutiens,
241 1625 429 1689 perscrutatus
441 1627 483 1675 est
495 1623 557 1690 quis
569 1623 615 1677 iile
627 1628 698 1677 esset
709 1625 836 1678 ammius
848 1639 931 1692 quem
944 1625 1139 1680 desiderabant
1150 1626 1254 1682 videre.
1266 1630 1299 1682 it

65 1718 107 1773 illi
119 1732 169 1786 per
180 1719 306 1773 ordinem
317 1725 506 1786 exposuemnt
516 1721 542 1774 ei
554 1722 671 1788 qualiter
682 1721 718 1776 de
730 1723 815 1776 iioma
827 1735 843 1775 a
855 1722 980 1776 barbaris
991 1723 1118 1790 captivati
1131 1724 1258 1790 iuissent,
1271 1729 1300 1779 et

64 1817 187 1886 qualiter
198 1818 228 1872 iu
237 1818 380 1872 seruitium
389 1819 533 1886 cujusdam
541 1823 687 1874 veteranae
698 1820 830 1884 mulieris,
841 1820 1097 1889 nomineiuiianae,
1108 1821 1299 1876 retinebantur

10 1918 47 1973 ir»
65 1917 177 1985 captivi.
198 1920 270 1983 Quos
290 1930 353 1971 cum
373 1919 554 1985 opitulatione
577 1923 734 1973 sanctorum
755 1920 784 1973 in
805 1920 913 1973 civitate
933 1921 1097 1975 suessonica
1121 1922 1296 1990 repperisset,

63 2015 210 2071 beatorum
225 2021 375 2085 martyrum
387 2018 505 2084 crispini
522 2022 549 2070 et
569 2019 734 2085 crispiniani
750 2017 883 2086 reliquias
899 2019 1042 2073 collocavit
1062 2019 1117 2072 illic
1135 2020 1164 2072 in
1183 2020 1295 2075 sinistro

62 2115 160 2183 latere,
169 2117 199 2170 in
211 2117 291 2171 tertio
303 2117 400 2172 altario
412 2118 600 2185 apostolorum
611 2118 743 2185 reliquias
757 2118 830 2172 Petri
843 2123 871 2172 et
883 2119 968 2186 Pauli,
981 2123 1009 2173 et
1018 2118 1166 2173 multorum
1178 2119 1295 2174 aliorum

63 2222 224 2271 sanctorum
244 2216 346 2271 ibidem
365 2217 495 2285 reliquias
518 2217 670 2283 collocavit,
693 2218 739 2271 ubi
761 2220 856 2284 postea
879 2221 1037 2284 praestante
1057 2217 1172 2272 Domino
1195 2219 1295 2273 multas

61 2317 180 2372 virtutes
191 2319 292 2372 scimus
303 2325 429 2385 operatas
451 2331 521 2372 esse.
535 2319 618 2384 Quale
631 2323 722 2372 autem
743 2318 902 2386 mysterium
914 2319 944 2371 in
963 2317 1009 2372 die
1021 2317 1203 2372 dedicationis
1220 2318 1295 2372 iilius

10 2416 41 2471 iu
61 2416 197 2472 ecciesiae
209 2418 329 2485 potentia
342 2419 435 2472 diuina
444 2418 596 2472 ostenderit
608 2417 883 2485 praetermittendum
897 2430 953 2471 non
967 2418 1069 2484 putaui.

98 2516 150 2572 12.
163 2519 275 2573 iactum
286 2523 328 2572 est
339 2522 430 2573 auten
443 2532 505 2572 cum
518 2522 613 2572 sancto
625 2519 737 2571 Evurtio
757 2517 856 2585 reliqui
868 2518 998 2585 episcopi,
1011 2530 1061 2584 pro
1074 2530 1107 2572 eo
1120 2516 1193 2585 quod
1206 2522 1294 2575 aetate

60 2621 91 2671 et
103 2615 203 2670 ordine
214 2616 308 2671 senior
322 2621 393 2671 esset
404 2623 431 2670 ct
442 2617 586 2671 sanctitate
598 2617 725 2684 polleret,
737 2617 939 2684 supplicassent
947 2621 978 2670 ut
990 2615 1148 2670 medianum
1158 2616 1292 2671 ecclesiae

59 2713 189 2770 altarium
201 2716 260 2783 ipse
272 2715 462 2784 sanctificaret,
477 2722 504 2770 ct
515 2717 612 2770 missas
625 2716 683 2783 ipse
705 2716 818 2783 diceret,
833 2715 897 2770 iicet
908 2715 1019 2781 inritus,
1032 2721 1126 2769 tamen
1139 2728 1188 2782 pro
1204 2715 1291 2769 humi·

56 2814 137 2869 litate
146 2813 220 2883 quod
229 2814 594 2883 iniunxerantobcedientcr
604 2813 735 2882 implevit.
745 2817 844 2882 coepta
854 2814 1019 2882 argentam,
1028 2814 1099 2868 lecta
1109 2812 1290 2880 perordinem

10 2917 35 2970 5
55 2913 187 2981 lectione,
207 2920 368 2969 consecrato
388 2914 571 2981 alteriacum
588 2914 623 2967 ad
643 2913 808 2967 celebranda
830 2912 959 2980 mysteria
979 2918 1092 2966 ventum
1114 2912 1218 2981 luisset,
1231 2925 1291 2966 mos

55 3019 119 3068 erat
130 3014 266 3081 episcopis
277 3018 317 3081 ut,
328 3028 392 3067 curn
406 3014 488 3067 missa
499 3014 696 3080 celebraretur,
709 3019 736 3069 et
753 3013 878 3068 diceret:
904 3013 1028 3081 Accepit
1033 3024 1152 3080 punctu
1164 3013 1195 3066 ei
1205 3011 1289 3066 bene·

55 3112 154 3179 dicit,
167 3112 258 3168 oblata
269 3113 312 3166 vel
332 3113 403 3167 calix
415 3114 444 3166 in
457 3112 568 3168 sublimi
581 3111 725 3167 offerretur
738 3113 772 3166 ab
785 3112 852 3180 ipsis
865 3112 893 3164 in
914 3111 1025 3166 caelesti
1038 3110 1240 3165 benedictione.
1258 3111 1291 3163 Et

55 3213 125 3266 dum
138 3214 225 3280 ipsam
241 3213 358 3267 oblatam
371 3213 414 3268 vei
424 3213 548 3279 calicem,
562 3218 593 3266 ut
613 3213 683 3279 dixi,
697 3213 823 3266 liuurtius
837 3212 963 3266 manibus
981 3211 1039 3264 suis
1050 3210 1200 3278 accepisset
1219 3209 1288 3263 etin

55 3312 169 3365 sublimi
190 3312 334 3379 elevasset,
347 3313 404 3367 visa
425 3318 466 3366 est
485 3313 682 3379 superaltaria
703 3325 718 3365 a
741 3311 868 3365 tideiibus
888 3324 987 3364 manus
1007 3309 1125 3376 Domini,
1138 3308 1190 3361 lice
1211 3311 1289 3361 esta

10 3412 36 3465 to
54 3410 150 3465 medio
161 3412 274 3465 brachio
287 3425 348 3466 curn
362 3412 452 3478 palma
473 3416 500 3466 et
512 3412 613 3481 digitis,
626 3424 736 3465 crucem
758 3424 840 3476 super
853 3409 912 3476 ipsa
929 3413 1021 3462 sancta
1040 3404 1173 3461 sacrificia
1186 3406 1289 3459 iaciens

54 3518 84 3564 et
101 3517 144 3564 ter
161 3511 250 3578 ipsum
271 3524 372 3578 corpus
390 3512 497 3566 bomini
522 3519 550 3565 ct
576 3511 737 3579 sanguinem
761 3508 950 3575 benedicens3
969 3515 996 3562 et
1017 3506 1106 3560 donec
1131 3505 1215 3557 missa
1238 3503 1289 3557 iuit

54 3608 173 3677 expleta,
185 3623 284 3664 manus
296 3611 353 3677 ipsa
365 3624 449 3677 super
461 3614 543 3678 caput
555 3609 641 3677 ipsius
653 3609 774 3675 episcopi
786 3608 815 3660 in
836 3620 899 3662 aere
911 3607 968 3660 visa
980 3611 1030 3671 est,
1043 3609 1071 3659 et
1082 3608 1157 3657 tauta
1170 3602 1199 3655 in
1211 3602 1286 3656 nube

55 3707 165 3761 claritas
175 3713 257 3776 caput
265 3708 351 3776 ipsius
363 3707 582 3762 circumdederat
591 3713 621 3761 ut
632 3708 667 3761 ab
678 3707 720 3759 iris
732 3708 779 3774 qui
793 3707 860 3759 hacc
872 3706 964 3760 videre
971 3706 1133 3757 meruerunt
1144 3704 1287 3768 putaretur

54 3808 131 3876 quod
142 3807 236 3861 radius
249 3807 315 3862 solis
326 3815 408 3875 caput
417 3810 503 3875 ipsius
515 3807 748 3863 circumdedisset.
760 3808 823 3859 Post
835 3809 972 3859 transacta
980 3808 1071 3858 autem
1084 3800 1212 3869 mysteria
1221 3798 1288 3852 dicit

10 3904 35 3957 ta
52 3909 164 3959 sanctus
175 3907 301 3961 titurtius
312 3907 447 3974 episcopis
459 3908 506 3975 qui
527 3908 641 3960 aderant
655 3921 661 3959 :
678 3905 811 3971 domimo
822 3915 885 3969 vos,
897 3901 1019 3970 fratres
1032 3901 1103 3966 mci,
1109 3910 1170 3967 per
1181 3897 1282 3952 mmi-

53 4018 132 4060 num
142 4007 177 4059 ut
185 4004 265 4059 mibi
273 4019 335 4060 non
344 4008 434 4073 nepai
445 4005 567 4061 caritas
577 4007 691 4071 oestro,
702 4005 732 4058 si
741 4001 867 4069 aliquid
877 4000 961 4068 acci,
974 4012 1046 4055 cum
1055 3996 1211 4053 celebrato
1221 3994 1286 4065 fue

52 4106 130 4156 runt
141 4103 301 4170 mysteria,
314 4103 468 4157 videritis.
480 4104 530 4168 Qui
551 4103 602 4156 sub
614 4101 806 4156 testificatione
824 4099 911 4152 diuini
924 4097 1046 4151 nominis
1067 4094 1207 4163 protestati
1219 4100 1285 4146 sunt

53 4215 84 4256 se
96 4202 166 4256 ninii
176 4203 294 4269 amplius
306 4215 388 4270 quam
400 4203 617 4257 confractionem
630 4200 761 4255 dominici
776 4198 898 4265 corporis
910 4199 939 4250 in
949 4196 1046 4250 altario
1059 4194 1170 4249 vidisse.
1181 4191 1284 4246 ileinde

52 4301 122 4354 dixit
133 4302 317 4369 presbyteris3
330 4301 426 4369 utique
447 4309 474 4355 et
484 4302 536 4368 ipsi
554 4304 724 4368 negaverunt
744 4312 774 4353 se
786 4298 855 4351 nihil
875 4296 992 4364 amplius
1004 4294 1114 4348 vidisse.
1136 4292 1284 4346 posthaec

10 4401 34 4455 lo
51 4400 240 4455 discutiuntur
251 4401 347 4455 levitae
359 4418 366 4468 ;
380 4406 407 4454 et
418 4402 469 4468 ipsi
491 4402 617 4454 similiter
638 4403 814 4468 negauerunt.
829 4399 896 4451 Cum
917 4396 952 4448 ad
973 4394 1157 4448 subdiaconos
1169 4396 1282 4445 uentum

49 4506 134 4568 esset,
152 4514 226 4554 unus
244 4504 350 4554 lantum
371 4513 404 4553 ex
425 4501 477 4566 iiis,
491 4500 603 4553 nomine
626 4498 769 4564 ilaideiius‚
789 4497 837 4564 qui
853 4496 1006 4549 ministeria
1027 4492 1109 4547 officii
1129 4492 1172 4545 sui
1192 4503 1223 4544 ca
1236 4489 1281 4543 die

48 4599 221 4668 impleverat,
234 4611 291 4653 non
311 4600 418 4668 negavit
430 4613 459 4652 se
471 4612 584 4652 manum
602 4598 708 4652 bomini
730 4609 813 4662 super
824 4599 906 4661 caput
927 4593 1023 4647 domni
1041 4592 1143 4646 Euurtii
1164 4588 1277 4655 uidisse,
