3316 5482
440 348 536 399 amn.
555 348 639 400 usu.
658 346 775 400 ruam.
793 368 839 380 -
854 346 1008 398 seruus.
1028 348 1075 398 sn
1092 346 1170 398 dou.
1190 343 1266 396 sarr.
1410 333 1475 399 165

233 513 349 574 dotoite
355 532 426 574 eam
435 518 474 574 ab
483 519 550 574 illis
559 518 707 573 vinantis.
720 518 761 571 illi
769 523 862 572 autem
869 519 998 572 timentes
1008 519 1167 571 noluerunt.
1177 521 1292 572 Sanctus
1301 532 1364 573 vcra
1371 523 1475 573 Leona-

240 613 299 668 rius
307 618 373 672 dixit
386 620 440 673 :ln
448 617 573 673 nomine
581 617 707 672 Domini
714 615 818 671 nostri
828 618 902 671 Jesn
915 615 1199 684 Christianaecipio
1208 616 1273 684 tibi,
1283 618 1472 686 nequissime

247 711 379 787 daemon,
388 717 540 788 emiseras
549 716 634 772 adea
642 720 673 772 et
684 717 885 772 absolveram
895 730 915 771 a
925 717 1059 772 vineatis
1068 716 1179 785 qnidns
1182 719 1314 785 propter
1327 720 1356 772 tc
1367 718 1469 786 licata

250 816 300 871 est.
311 819 437 875 Nullam
450 819 504 874 rttt
514 831 570 874 aec
581 819 684 874 alicui
701 817 823 873 homini
834 818 955 872 audeas
967 818 1079 872 amodo
1096 830 1190 886 ancre
1209 818 1386 873 laesionem.
1406 823 1472 875 ltac-

226 910 367 974 inanire
385 920 510 985 audieus,
531 917 664 972 ululatum
676 917 753 972 dirae
765 917 839 972 racis
858 918 1029 971 teterrimum
1050 916 1129 984 dans,
1151 918 1211 971 sine
1230 917 1287 971 ulia
1307 931 1385 972 mora
1402 919 1468 972 exiit

258 1013 325 1086 torar,
336 1025 361 1073 et
374 1019 464 1074 statim
476 1019 595 1073 absolvit
606 1018 726 1086 puellam
739 1018 773 1072 ab
785 1017 840 1071 illis
852 1018 953 1085 quibus
964 1023 1022 1071 erat
1033 1018 1115 1086 ligata
1126 1017 1253 1072 vinculis.
1266 1021 1367 1073 Omnes
1379 1024 1470 1074 autem

263 1115 302 1182 qui
311 1118 451 1186 adstabant,
464 1118 589 1173 ridentes
600 1118 741 1172 diabolum
754 1117 899 1172 interillos
917 1116 1081 1186 adstantem,
1095 1117 1220 1184 protinus
1232 1131 1282 1184 pro
1301 1118 1398 1173 timore
1411 1120 1470 1186 ejus

261 1217 395 1274 tacidum
407 1220 435 1273 in
448 1224 552 1273 terram
571 1218 649 1286 quasi
662 1218 777 1285 mortui;
800 1215 927 1271 similiter
948 1221 975 1270 et
987 1217 1079 1284 puella
1096 1215 1191 1271 edecta
1204 1221 1246 1270 est
1262 1217 1332 1271 sicut
1350 1224 1467 1273 mortua.

264 1315 357 1373 Sanctus
365 1332 429 1374 rero
439 1318 603 1385 Leandrius,
614 1318 765 1384 respiciens
782 1330 831 1370 eos
843 1317 871 1369 in
889 1322 962 1370 terra
972 1318 1105 1384 jacentes,
1126 1316 1237 1371 elevans
1258 1329 1370 1371 manum
1391 1331 1469 1372 suam

212 1412 247 1466 to
261 1415 376 1472 benedixit
386 1432 434 1473 eos
455 1423 484 1473 et
495 1417 564 1471 dixit
576 1433 583 1470 ι
596 1417 720 1485 Sancite
730 1419 761 1470 et
781 1416 879 1472 notite
891 1417 1002 1470 timere
1013 1434 1022 1485 ;
1035 1416 1111 1484 qnia
1130 1415 1289 1470 Iohannes
1303 1418 1464 1484 apostatas

258 1515 300 1570 ait
310 1533 315 1570 :
327 1519 377 1579 dni
386 1521 491 1573 annm
500 1517 619 1585 timent,
632 1529 696 1571 non
707 1519 782 1571 snat
787 1515 922 1586 perfecti
933 1516 1121 1571 incantante.
1133 1517 1276 1583 utstatim,
1290 1517 1342 1571 hoc
1352 1515 1465 1571 audien-

258 1617 502 1681 transvadantes
510 1631 527 1671 a
536 1623 619 1683 terra,
630 1621 738 1684 praeter
747 1616 969 1683 puellamsolam.
977 1617 1093 1670 Sanctus
1101 1621 1192 1670 autem
1199 1616 1359 1684 Leandrius,
1368 1621 1468 1672 tenens

260 1727 354 1770 manum
363 1718 467 1787 puellae
478 1717 629 1783 dexteram,
643 1716 758 1771 clevavit
778 1729 839 1770 eam
852 1729 869 1769 a
880 1720 954 1769 tcrra
966 1722 994 1768 et
1013 1715 1081 1769 dixit
1092 1716 1116 1769 ei
1130 1731 1137 1768 :
1151 1716 1280 1784 Respice
1299 1716 1464 1772 inimicam

257 1816 334 1869 taam
343 1820 367 1872 et
376 1818 442 1874 noti
454 1817 563 1872 timere
573 1829 658 1883 enm,·
670 1818 700 1870 et
711 1816 836 1884 quanm
847 1816 886 1869 cte
898 1817 927 1869 te
938 1814 1047 1870 daonii
1054 1817 1250 1885 potestatem,
1265 1816 1361 1871 tatem
1373 1818 1463 1873 modo

203 1912 241 1966 15
255 1910 451 1973 nantonense
452 1929 514 1985 per
521 1915 648 1971 Domim
654 1917 728 1970 Jesn
740 1914 1466 1984 anrnttvirtnan.1naautemexsurgensvnnrrer,

257 2010 358 2068 muium
368 2015 466 2071 confisa
478 2016 507 2069 in
520 2015 635 2069 Domino
648 2020 676 2068 et
687 2015 716 2068 in
726 2014 828 2069 famulo
841 2013 914 2066 illius
926 2017 1020 2068 sancta
1033 2014 1178 2080 Leonnaia,
1191 2014 1309 2082 palmam
1322 2016 1352 2068 in
1368 2015 1465 2070 faciem

258 2109 313 2175 ejus
319 2114 393 2178 prino
399 2115 482 2182 dedit,
493 2120 521 2169 et
529 2114 699 2182 dejeciteum
708 2114 744 2167 ad
753 2118 863 2179 terram,
874 2119 902 2167 ct
910 2113 1033 2181 colaphis
1041 2126 1104 2167 eum
1114 2112 1207 2167 multis
1217 2114 1307 2168 caedit
1315 2119 1341 2168 et
1351 2116 1466 2183 peditius

259 2207 312 2261 suit
320 2215 485 2281 mncdcarit,
498 2213 536 2268 ita
547 2219 578 2269 ut
590 2227 686 2268 ornnes
707 2214 754 2283 qui
767 2213 882 2269 aderant
893 2214 1020 2268 homines
1040 2214 1204 2268 mirarentur
1216 2213 1357 2268 audaciam
1370 2221 1398 2268 ct
1414 2216 1465 2270 vir·

258 2309 335 2364 tutem
344 2320 417 2383 atque
431 2313 620 2369 tonitudinen
632 2314 750 2382 puellae,
763 2320 790 2369 et
802 2313 1044 2382 magnificaverunt
1054 2318 1137 2381 atque
1150 2312 1351 2368 benedixerunt
1362 2328 1465 2369 nomen

204 2411 243 2465 2⁰
258 2408 350 2465 domim
359 2417 417 2470 tesu
425 2415 523 2468 christi
533 2427 583 2481 per
594 2426 675 2468 suum
685 2414 818 2469 famulum
827 2419 952 2468 sanctum
964 2411 1139 2468 Leonorium.
1150 2414 1183 2467 nt
1191 2426 1340 2468 conversus
1352 2420 1462 2469 sanctus

258 2504 390 2568 Leandrius
408 2515 443 2569 ad
456 2513 585 2583 predam,
598 2512 667 2566 dixit
686 2513 712 2567 ei
726 2529 733 2565 ι
746 2513 936 2581 Sinemado,·
958 2512 1034 2567 aicit
1046 2514 1086 2581 te,
1105 2513 1212 2569 vicisti
1229 2527 1309 2567 enin.
1332 2514 1461 2569 diabolus

258 2615 321 2675 tert,
332 2625 417 2669 caesus
429 2619 457 2669 et
468 2614 652 2680 conculcatus,
665 2612 779 2667 renitet
790 2614 864 2668 stetit
875 2618 940 2669 ante
951 2616 1250 2670 sanctumLeanarium
1263 2619 1290 2669 et
1301 2614 1369 2668 dixit
1378 2615 1402 2670 ei
1416 2631 1423 2668 ε
1439 2615 1461 2669 0

258 2703 349 2767 inclite
363 2715 418 2769 Dei
426 2713 532 2769 sancti
543 2713 697 2781 Leonorii,
709 2726 813 2768 nonne
818 2713 973 2781 pietatem
984 2717 1014 2769 et
1026 2714 1279 2769 misericordiam
1291 2715 1377 2769 omni
1387 2717 1460 2768 tem·

255 2815 488 2882 mercediaas
497 2816 509 2870 t
518 2813 643 2870 oosccm
652 2816 746 2882 aper
754 2813 1005 2869 mesericordiam
1014 2814 1140 2868 Domini
1148 2817 1184 2868 at
1192 2828 1241 2870 me
1249 2815 1389 2882 amptius
1398 2828 1462 2870 nore

213 2907 247 2959 ἵ)
258 2906 400 2984 detentas,
410 2928 466 2970 nea
479 2916 569 2970 ittam
579 2916 723 2982 paediam
732 2913 876 2983 furorem
887 2928 981 2969 snam
990 2914 1024 2968 in
1033 2929 1082 2969 me
1099 2915 1210 2970 amodo
1222 2915 1344 2970 saevire
1362 2915 1461 2985 sinas,

257 3013 316 3075 itta
330 3017 461 3070 muttum
480 3017 672 3069 contemnens
693 3015 785 3069 ittam
805 3014 905 3070 timeo.
925 3019 1039 3069 Sanctus
1058 3016 1213 3070 Leonorius
1232 3015 1301 3068 dixit
1321 3015 1356 3068 ad
1378 3028 1462 3069 eum:

260 3107 332 3182 Vade,
342 3117 372 3169 et
382 3114 522 3181 amptius
534 3126 574 3168 ne
585 3112 701 3168 iaicas
706 3116 895 3182 potestatem
906 3115 972 3169 nito
984 3114 1159 3170 christiana
1176 3115 1296 3169 domini
1306 3127 1416 3169 nocere
1427 3115 1462 3168 in

250 3213 345 3268 anima
356 3226 412 3268 nec
432 3214 468 3266 in
487 3224 625 3280 corpore.
644 3215 676 3266 nt
695 3213 787 3266 statim
799 3213 833 3266 ad
854 3214 925 3267 nanc
942 3228 1037 3269 vocem
1049 3214 1175 3269 diabolus
1195 3215 1292 3269 levarit
1304 3227 1334 3269 se
1355 3216 1461 3270 fortiter

244 3307 371 3380 dejurans,
384 3312 413 3364 iu
424 3324 487 3365 acre
497 3311 606 3377 volarit,
619 3315 647 3364 et
658 3324 807 3378 numquam
820 3318 914 3379 postea
926 3314 1087 3380 comparuit.

199 3393 227 3448 ³⁰
269 3412 319 3464 21.
338 3413 402 3465 Post
413 3424 468 3465 non
481 3410 594 3464 multum
607 3422 672 3464 vero
690 3408 819 3476 temporis
837 3416 914 3478 pater
926 3411 1045 3479 puellae,
1058 3413 1154 3467 ridens
1167 3412 1250 3467 itiam
1262 3427 1339 3468 suam
1353 3427 1460 3480 sanam,

236 3507 335 3566 laetam
347 3516 429 3578 atque
441 3511 592 3576 pulchram,
606 3508 753 3579 instigante
766 3516 794 3564 et
806 3512 931 3565 hortante
945 3513 971 3565 ei
983 3511 1102 3581 diabolo,
1116 3514 1251 3580 paenituit
1262 3527 1292 3569 se
1305 3514 1463 3569 hereditatis

233 3624 302 3666 suae
313 3610 422 3665 tertiam
435 3617 539 3677 partem
551 3622 600 3677 pro
612 3610 686 3663 iilius
698 3609 811 3664 sanitate
823 3617 916 3665 sancto
930 3613 1063 3667 Leonorio
1076 3613 1195 3680 dedisse,
1209 3617 1236 3667 ct
1247 3613 1316 3669 dixit
1327 3615 1361 3669 ad
1374 3628 1437 3669 eum
1452 3632 1459 3668 :

235 3712 316 3768 Ovis·
324 3712 382 3766 Dei
394 3711 548 3777 leonorii,
561 3711 630 3765 dico
645 3710 709 3780 tibi,
722 3713 794 3766 noto
805 3724 861 3766 nec
872 3711 1029 3766 consentio
1040 3714 1076 3765 nt
1085 3714 1120 3765 tn
1131 3724 1233 3766 meam
1244 3713 1355 3767 amodo
1361 3713 1463 3780 possi·

229 3813 311 3867 deas
321 3810 533 3878 hereditatem,
543 3811 597 3864 sect
607 3822 725 3865 aarum
741 3813 771 3865 et
783 3814 947 3880 araentnm
965 3810 1052 3866 dado.
1065 3811 1245 3879 despondens
1263 3818 1374 3866 sanctus
1393 3815 1463 3868 Leo·

187 3890 208 3946 3
230 3911 330 3966 narius
341 3910 411 3964 dixit
419 3911 463 3963 ei:
477 3911 600 3964 Aurum
610 3912 640 3963 et
652 3913 817 3978 arcendam
827 3910 869 3965 ad
882 3913 973 3965 tnnm
984 3923 1111 3967 reserva
1123 3912 1275 3966 assimili
1287 3912 1465 3968 inveritate

228 4011 303 4067 dica
319 4009 385 4077 tadi,
397 4009 428 4064 si
439 4012 468 4064 te
485 4011 573 4064 tuam
585 4007 664 4063 mitti
676 4013 795 4064 terram
802 4012 948 4078 poenites
968 4010 1099 4079 dedisse,
1112 4012 1213 4066 mutto
1228 4011 1328 4080 manis
1348 4015 1377 4067 te
1389 4026 1464 4081 pae-

230 4109 344 4165 nitebit
354 4122 375 4164 a
387 4122 437 4163 me
447 4122 518 4163 eam
530 4109 651 4163 iniisse.
664 4111 696 4162 Et
707 4110 775 4163 dixit
787 4110 833 4163 ille
846 4111 928 4164 homo
942 4126 949 4163 :
963 4110 1025 4166 Per
1045 4110 1181 4164 salntem
1196 4110 1358 4165 Gitteoertt'
1368 4113 1461 4181 renis,

232 4222 291 4265 nec
299 4220 418 4263 auram
429 4220 485 4261 saec
497 4209 699 4274 arqentnmet
709 4220 808 4275 neque
819 4210 939 4262 terram
948 4210 986 4263 de
995 4221 1043 4263 me
1051 4207 1465 4264 amodotctedisnecedente

236 4315 326 4363 autem
338 4309 386 4363 iilo
399 4307 434 4360 de
446 4306 517 4373 loco,
529 4311 557 4360 et
568 4320 631 4360 cum
644 4307 694 4360 iter
705 4312 797 4374 ageret
809 4321 872 4361 cum
889 4309 963 4363 omni
976 4310 1105 4362 comitatu
1118 4320 1178 4374 suo,
1191 4320 1255 4361 ecce
1267 4308 1346 4361 turba
1359 4308 1466 4362 daemo-

187 4397 208 4449 ὓ
236 4411 344 4465 ariorum
356 4421 457 4477 magna
478 4407 585 4460 obviarn
608 4408 633 4460 ei
654 4407 783 4471 occurrit,
796 4408 891 4462 dicens
905 4425 912 4462 :
926 4408 1035 4462 Nonne
1055 4408 1105 4462 dic
1126 4410 1172 4463 est
1184 4407 1240 4461 itte
1260 4408 1350 4474 anias
1361 4408 1465 4477 filiam

239 4513 364 4566 sanctas
375 4507 551 4563 Leandrius
569 4507 746 4572 sarzanam
764 4522 864 4561 annm
884 4521 924 4562 aa
946 4508 1038 4563 sociis
1055 4507 1172 4563 nostris
1190 4506 1228 4560 ao
1248 4506 1308 4561 itta
1328 4507 1424 4575 eiecit,
1438 4511 1468 4562 et

243 4610 293 4673 ani
301 4610 392 4668 moda
404 4607 506 4662 irasci
515 4608 624 4661 contra
635 4619 669 4660 se
679 4605 775 4673 fecit?
785 4609 816 4660 Et
827 4621 890 4662 ecce
902 4620 955 4661 vox
964 4607 999 4660 de
1009 4608 1083 4661 nube
1095 4619 1176 4673 super
1186 4620 1233 4661 eos
1243 4608 1342 4673 sonuit,
1354 4606 1467 4660 dicens:
