3316 5482
444 349 536 400 amn.
554 349 638 400 333.
657 350 773 401 nanis.
792 371 838 382 —
852 350 1006 402 apruno.
1025 351 1073 401 33
1090 351 1167 402 coo.
1186 349 1262 401 sam.
1405 336 1473 404 389

239 520 388 574 llartialem
401 520 590 573 Mauritaniam
603 521 638 584 (1)
650 520 686 573 ad
697 518 918 574 adnuntiandum
930 522 1044 576 verbum
1060 523 1194 591 evangelii
1213 527 1335 589 euntem,
1350 525 1470 590 quodam

241 624 365 686 tempore
378 632 428 686 per
435 619 650 686 Engolismensis
660 620 791 673 terminos
801 621 852 673 iter
862 621 960 674 iecisse
972 634 980 673 :
990 621 1037 674 ubi
1047 621 1163 674 ecclesia
1178 623 1206 674 in
1218 623 1277 689 ejus
1289 622 1468 677 veneratione

240 725 305 773 tunc
314 719 448 784 temporis
459 731 475 771 a
487 718 643 771 christianis
656 723 809 773 constructa
822 725 873 786 est,
884 734 955 788 quae
968 722 1099 774 bactenus
1112 725 1263 789 permanet,
1276 722 1400 775 retinens
1410 736 1473 790 pre·

242 820 388 874 tiosissima
401 820 514 887 pignora
527 819 705 886 reliquiamm
717 820 752 874 de
765 822 872 888 capillis
883 822 952 890 ejus,
968 835 1038 889 quos
1050 822 1102 875 sibi
1114 823 1167 875 boc
1178 822 1207 874 in
1225 822 1286 876 loco
1295 820 1472 888 proficiscens

208 924 226 975 b
242 920 370 974 totondit.
386 921 417 972 ln
430 920 488 985 ipsa
500 918 621 985 denique
642 918 758 973 ccclesia
779 920 849 973 mira
869 921 945 989 signa
966 921 1014 974 bei
1031 921 1116 975 virtus
1128 922 1188 989 ejus
1200 920 1304 974 meritis
1316 921 1434 975 ostendit
1447 926 1474 975 et

241 1019 405 1086 innumera;
426 1018 590 1085 dequibus,
613 1018 714 1071 relictis
735 1019 869 1086 plurimis,
890 1033 977 1074 unum
999 1020 1034 1073 ad
1055 1019 1277 1074 aedificationem
1300 1033 1356 1074 non
1371 1021 1474 1089 pigebit

242 1132 406 1173 memorare.
418 1118 533 1183 Quidam
546 1105 620 1171 enim
630 1119 739 1185 juvenis
760 1119 789 1171 in
803 1118 899 1173 militia
911 1124 938 1173 et
950 1120 1045 1174 babitu
1063 1121 1198 1174 saeculari
1210 1120 1384 1186 constitutus,
1400 1125 1474 1174 cete·

242 1219 280 1273 ris
292 1218 405 1287 quidem
418 1217 604 1272 saecularibus
616 1218 762 1285 prudentia
774 1217 877 1272 saeculi
889 1226 916 1272 et
928 1220 1087 1274 innocentia
1098 1219 1279 1286 concordans,
1295 1233 1394 1286 corpus
1406 1233 1473 1275 vero

243 1319 499 1386 suurnavoiuptate
519 1318 610 1372 carnis
630 1331 686 1371 333
707 1319 860 1385 refrenans,
882 1320 998 1374 traditur
1017 1321 1176 1387 gravissime
1194 1319 1334 1374 vexandus
1346 1319 1473 1386 malignis

191 1421 224 1473 lit
243 1418 394 1486 spiritibus.
408 1416 622 1471 bibaccliabatur
633 1428 697 1484 ergo
710 1421 737 1470 et
749 1417 954 1484 discerpebatur
967 1418 1130 1484 miserrime,
1148 1423 1176 1471 et
1193 1418 1408 1486 circumquaque
1421 1431 1470 1484 per

241 1522 349 1572 montes
360 1521 387 1570 et
398 1517 479 1569 silvas
489 1515 535 1570 die
547 1520 684 1582 noctuque
704 1516 778 1570 velut
798 1516 855 1570 iera
874 1518 1035 1583 agitabatur,
1049 1522 1077 1571 et
1094 1517 1211 1586 siquem
1224 1517 1384 1582 invenisset,
1398 1516 1472 1571 velut
1572 1548 1577 1555 -

241 1617 317 1671 canis
328 1615 467 1669 mordicus
486 1628 550 1668 eum
571 1614 728 1681 impetebat.
757 1615 849 1668 Tantis
869 1628 934 1669 vero
952 1616 1031 1669 ibriis
1051 1613 1214 1683 agitabatur,
1234 1618 1264 1669 ut
1281 1614 1401 1681 seipsum
1423 1628 1472 1682 per

240 1717 364 1771 membra
377 1715 517 1780 laceraret,
537 1727 593 1769 non
606 1715 785 1783 requiescens
796 1715 905 1782 penitus
917 1715 951 1768 ab
965 1715 1015 1768 bac
1032 1715 1151 1768 amentia
1170 1715 1223 1768 nisi
1237 1715 1351 1768 strictim
1363 1719 1469 1768 catena-

187 1918 221 1971 15
240 1915 395 1970 crudelitati
407 1914 573 1968 daemonum
586 1914 710 1968 traditus.
725 1914 863 1969 Deductus
871 1914 978 1982 igitura
989 1914 1149 1981 parentibus
1159 1913 1194 1968 ad
1204 1914 1352 1968 multorum
1365 1896 1474 1969 memo-¹

237 2017 307 2070 riam
320 2021 470 2083 martyrum
483 2021 510 2069 et
521 2014 721 2083 confessorum,
735 2028 909 2082 nequaquam
921 2013 1028 2068 restitui
1040 2014 1092 2067 ibit
1103 2014 1210 2068 sanitati
1223 2014 1333 2080 dignus,
1346 2014 1466 2068 claman-

235 2117 312 2170 tibus
325 2129 374 2184 per
386 2129 416 2170 os
429 2116 489 2182 ejus
500 2115 627 2182 malignis
639 2115 797 2181 spiritibus:
811 2113 890 2173 Quid
899 2115 1066 2182 incassum,
1077 2113 1194 2179 miseri,
1203 2126 1264 2181 pro
1277 2114 1336 2168 isto
1346 2112 1470 2168 nornine

239 2215 392 2271 laboratis
401 2214 449 2269 id
462 2215 551 2269 domo
562 2217 671 2280 nostra
683 2213 771 2267 nobis
783 2225 926 2267 concessa
938 2225 1002 2267 non
1018 2212 1222 2281 egrediemur,
1237 2225 1392 2281 quousque
1403 2225 1469 2267 cor-

229 2329 296 2384 pus
319 2314 538 2369 interimamus
560 2316 590 2368 et
610 2312 753 2367 animam
775 2313 843 2378 eius
863 2312 898 2366 in
919 2312 1061 2380 gebenna
1090 2312 1265 2367 nubamus.
1289 2313 1372 2367 Nam
1397 2312 1467 2380 quis

187 2417 217 2470 tt)
234 2416 417 2469 sanctarum
438 2416 489 2468 est.
504 2413 540 2466 in
551 2413 646 2467 totius
657 2412 845 2480 Aquitaniae
857 2412 922 2466 oris
939 2412 993 2480 qui
1004 2425 1025 2466 a
1037 2413 1097 2466 Deo
1109 2415 1236 2480 accepta
1243 2414 1399 2480 potestate
1409 2424 1466 2467 nos

235 2513 387 2569 3331331331
398 2527 419 2568 3
430 2512 554 2567 sedibus
564 2513 693 2578 nastris,
706 2511 772 2566 nisi
794 2511 1007 2565 tantummodo
1027 2524 1119 2579 unm,
1138 2524 1221 2579 prae
1237 2511 1347 2566 ceteris
1359 2512 1467 2579 singu-

238 2613 422 2668 lariterDeo
442 2613 731 2680 dilectustcumque
751 2612 900 2680 presbyteri
922 2612 974 2665 sub
995 2612 1208 2665 comminatione
1226 2610 1346 2665 crucifixi
1361 2624 1464 2665 nomen

235 2714 296 2781 ejus
308 2714 394 2766 sancti
408 2714 580 2781 requirerent
590 2716 619 2765 et
631 2712 681 2778 ipsi
694 2712 810 2765 multum
828 2711 918 2765 celare
936 2709 1046 2778 vellent,
1065 2710 1177 2764 tandem
1194 2711 1220 2764 vi
1233 2711 1354 2765 nominis
1366 2712 1466 2765 Christi

236 2813 395 2879 compulsus
415 2812 533 2866 daemon
554 2812 734 2865 exclamavit:
757 2810 920 2865 Martialis
941 2812 1040 2877 vester
1055 2810 1214 2878 princeps,
1236 2810 1464 2878 quiquoniam

187 2914 218 2965 25
234 2924 364 2965 manens
377 2912 411 2964 in
424 2924 560 2980 corpore,
573 2924 709 2965 nocane
729 2911 821 2965 sociis
840 2910 958 2965 nostris
973 2910 1116 2977 primum
1127 2922 1166 2963 en
1185 2910 1366 2977 Burdepaia
1378 2909 1464 2975 urbe,

237 3011 361 3065 demum
372 3024 412 3065 ear
423 3011 630 3078 Mauritania,
643 3022 684 3064 err
694 3023 801 3064 navem
814 3010 943 3064 obsessis
960 3009 1140 3076 corporibus
1152 3009 1242 3075 eiecit
1258 3011 1288 3063 et
1305 3009 1339 3062 in
1356 3008 1466 3076 gelten-

236 3123 313 3164 nam
324 3111 512 3165 cruciandas
523 3110 610 3163 abire
617 3109 788 3177 praecepit.
803 3109 866 3163 Nos
879 3108 910 3161 in
925 3108 983 3161 isto
1001 3107 1065 3161 solo
1082 3107 1206 3161 bomine
1217 3119 1347 3162 nummo
1359 3119 1466 3161 novun

236 3223 366 3278 snmus,-
378 3210 444 3275 eius
450 3211 626 3278 potentiam
638 3208 822 3263 terribiliter
833 3210 864 3262 et
875 3207 1103 3262 districtionem
1113 3207 1291 3261 metuimus.
1305 3207 1428 3274 cumque
1438 3206 1466 3260 in

236 3310 387 3362 crastinum
400 3308 534 3362 adductus
547 3309 642 3362 diisset
651 3309 781 3362 obsessus
800 3307 834 3360 ad
853 3307 997 3362 ecclesiam
1015 3307 1200 3375 supradictam
1214 3308 1288 3361 beati
1301 3307 1363 3375 viri,
1377 3307 1466 3360 statim
1506 3344 1509 3350 .

187 3410 219 3464 ab
237 3413 301 3461 ante
313 3409 412 3462 ostium
425 3407 558 3463 ecclesiae
571 3410 745 3475 projecemnt
756 3407 906 3461 daemones
918 3408 1057 3461 bominem
1070 3408 1099 3460 13
1111 3408 1209 3461 taciem
1221 3426 1228 3474 3
1242 3406 1335 3474 ibique
1346 3406 1395 3460 diu
1405 3407 1465 3459 sine

237 3510 313 3560 motu
335 3507 457 3573 corporis
476 3506 550 3560 uelut
568 3507 653 3573 jacuit
674 3510 806 3560 mortuus.
829 3507 891 3559 Post
912 3505 1028 3558 duarum
1048 3506 1091 3558 vel
1111 3506 1192 3559 trium
1217 3506 1346 3559 borarum
1368 3506 1465 3573 spatia,

236 3607 409 3674 subrigentes
421 3606 552 3659 miserum
564 3605 713 3659 daemones
724 3605 842 3658 clamare
863 3605 891 3657 in
909 3605 1025 3658 ecclesia
1038 3590 1185 3672 heiulando
1197 3610 1348 3672 coepemnt
1361 3621 1368 3659 ι
1385 3605 1466 3666 Quid

236 3705 333 3774 nobis,
346 3719 363 3761 3
375 3705 504 3761 hebraee
515 3706 684 3774 Martialis,
700 3706 872 3771 cruciatus,
886 3707 1050 3773 tormenta,
1064 3718 1194 3774 poenas,
1213 3705 1363 3761 incendia
1378 3716 1466 3773 spar-

236 3805 309 3873 gis?
324 3804 401 3865 Quia
413 3804 469 3859 tibi
479 3817 640 3859 commune
659 3808 705 3858 est
716 3818 787 3859 curn
807 3817 904 3858 carne
926 3804 1117 3859 incuriosa?
1132 3806 1195 3860 Nos
1208 3818 1342 3873 namque
1355 3805 1467 3873 iocum,

187 3905 223 3959 511
241 3903 276 3956 in
287 3916 346 3970 quo
359 3904 490 3957 castitas
503 3901 635 3971 habitat,
648 3903 773 3956 intrare
786 3902 950 3968 timemns;
964 3903 1076 3956 tacere
1085 3915 1185 3970 quare
1195 3902 1393 3956 immundam
1403 3902 1470 3956 ani·

238 4015 325 4056 mam
338 4001 472 4057 liberare
483 4004 513 4056 et
522 4004 650 4057 salvare
660 4002 825 4070 dignaris?
837 4004 908 4056 llaec
926 4007 953 4055 et
972 4002 1056 4056 multa
1073 4001 1128 4056 alia
1140 4002 1272 4056 terribilia
1284 4003 1466 4057 vociterantes

239 4103 351 4170 maligni
364 4104 464 4170 bostes,
479 4108 505 4157 31
517 4105 646 4170 magnas·
660 4107 756 4156 contra
769 4108 892 4156 sanctum
904 4101 993 4155 rimm
1005 4107 1033 4156 et
1044 4103 1112 4157 alios
1123 4108 1231 4156 sanctos
1244 4108 1270 4156 et
1286 4107 1382 4157 contra
1395 4103 1466 4157 chri·
1528 4109 1538 4130 ·
1574 4106 1581 4118 ·
1599 4144 1607 4160 ,

239 4203 343 4256 stianos
352 4207 378 4256 et
390 4208 545 4267 peccatores
555 4204 717 4270 garrientes,
731 4215 860 4269 magnum
872 4206 1005 4255 terrorem
1018 4201 1194 4256 audientibus
1206 4202 1376 4270 ingerebant.
1387 4203 1467 4255 cum·

239 4315 294 4369 que
305 4307 430 4355 vexatum
442 4316 491 4369 per
503 4300 582 4356 xvcim
600 4303 745 4356 continuos
765 4301 824 4354 dies
846 4301 881 4353 ita
903 4300 1058 4369 fatigarent,
1077 4315 1129 4355 333
1145 4302 1207 4354 cibo
1225 4306 1252 4354 et
1270 4304 1335 4368 potu
1349 4301 1467 4354 recreari

187 4403 221 4456 id
238 4400 370 4465 sinerent,
383 4400 504 4455 velocius
516 4402 586 4454 iame
600 4406 764 4467 temptantes
784 4414 883 4466 corpus
904 4399 1069 4467 interficere,
1093 4400 1193 4453 deinde
1214 4401 1285 4454 circa
1302 4401 1395 4453 boram
1417 4404 1469 4452 ter·

273 4600 308 4661 (1)
320 4599 488 4666 Mortapne.
502 4599 555 4652 Cir.
571 4598 701 4664 Arbellot,
715 4611 760 4664 op.
773 4598 830 4663 cit,
843 4613 870 4664 p.
883 4601 928 4654 til.
