3316 5482
220 351 287 416 450
566 366 692 417 cartu.
712 366 814 416 conn.
834 366 1008 416 unomen.
1028 365 1109 416 nea.

218 539 344 605 precibus
353 544 400 591 aut
409 537 653 604 supplicationibus
663 538 811 604 procedere
820 536 1010 604 cerne[rc]tur,
1019 536 1161 590 miraeum
1170 535 1312 590 anxietate
1321 536 1448 604 atquebi

177 636 181 643 '
217 640 289 693 stitia
297 640 404 706 lugere3
413 639 506 706 sicque
514 638 584 691 send
595 652 687 691 rerum
697 643 836 691 auctorem
845 639 995 691 convertit:
1009 637 1446 705 Oimmettsomomuipotestts

217 739 275 794 Dei
285 740 492 806 concutiam,
506 753 523 792 o
530 739 664 806 pietatis
676 741 769 806 otique
780 738 1017 793 misericordiae
1029 735 1147 804 fontem
1160 736 1295 792 assidue
1305 749 1445 793 ernanus·

216 840 453 902 remacensem
470 838 598 891 maestis
618 841 713 905 atquc
729 838 860 905 oqitotis
875 839 1064 905 perpetuam
1086 838 1232 905 salutem,
1243 849 1308 904 per
1327 835 1359 890 si
1378 835 1445 903 quid

214 937 358 1006 Philippi
364 940 499 1005 possunt
514 938 574 1005 pio
592 940 663 991 voto
676 949 855 1004 precesque,
869 937 997 1005 emottdi,
1011 937 1205 1003 omnipotens
1225 947 1267 990 ac
1279 934 1467 990 emiseno-t

212 1038 292 1091 sime
302 1040 393 1091 Deus.
406 1040 472 1091 cum
485 1038 587 1091 diutius
600 1051 658 1090 rem
671 1038 761 1090 sortiri
775 1034 900 1090 ellectum
922 1049 1098 1103 nequaquam
1121 1040 1259 1101 cerneret,
1273 1037 1386 1099 Romae,
1399 1034 1442 1088 nbi

212 1136 285 1202 apud
298 1136 395 1189 iratres
407 1136 474 1203 nibil
494 1135 628 1202 proficere
640 1137 664 1189 ei
686 1136 858 1202 exploratum
871 1141 939 1204 erat,
950 1137 1092 1190 absolvere
1106 1136 1256 1189 arbitratus
1277 1141 1321 1189 cst
1337 1136 1367 1190 id
1376 1133 1442 1203 qttod

213 1242 355 1302 postquam
364 1241 455 1302 pastor
465 1236 604 1303 totiusque
614 1235 719 1290 ordinis
727 1235 979 1302 generaliscreatus
989 1235 1087 1300 iuerat,
1096 1235 1330 1300 semperoptavil.
1340 1237 1442 1288 Factum

212 1341 253 1388 est
265 1343 356 1388 autem
376 1341 407 1389 ut
419 1349 468 1402 pro
489 1335 654 1401 quibusdam
677 1334 792 1388 fratrum
805 1335 921 1403 negotiis
934 1342 961 1388 et
973 1347 1022 1401 pro
1035 1334 1141 1387 ordinis
1153 1334 1273 1387 utilitate
1288 1335 1318 1388 in
1330 1336 1442 1388 Romana

211 1435 287 1488 ouria
299 1440 463 1489 versaretur.
477 1437 507 1487 ln
529 1436 622 1488 animo
634 1435 729 1487 statuit
749 1439 831 1501 atque
842 1435 964 1487 decrevit
975 1448 1005 1487 se
1018 1433 1053 1486 ad
1072 1438 1210 1501 pastorem
1223 1434 1438 1488 christianitatis
1454 1431 1476 1483 tt

210 1549 264 1603 que
276 1541 410 1589 rectorem
422 1536 558 1602 conferre,
569 1536 749 1602 quamobrem
762 1534 835 1602 quod
849 1534 941 1587 animo
954 1539 1012 1588 orat
1025 1533 1207 1588 obtinendum
1220 1535 1346 1600 putabat.
1358 1531 1440 1588 Comi-

209 1641 264 1687 tem
276 1635 366 1702 itaque
378 1635 430 1688 sibi
443 1648 596 1701 assumens,
611 1634 810 1702 Lothor·ingum
822 1635 945 1701 nomine,
959 1647 1022 1687 cum
1035 1634 1166 1688 omnibus
1174 1632 1285 1687 ordinis
1297 1632 1441 1700 privilegiis

208 1739 314 1788 mature
334 1734 480 1788 adsummi
501 1732 637 1801 pontilicis
657 1733 765 1787 moenia
786 1733 900 1800 proiecti
912 1739 992 1799 sunt;
1017 1746 1108 1800 neque
1125 1739 1219 1787 umen
1230 1732 1328 1787 comiti
1340 1730 1439 1800 aliquid

210 1833 347 1900 aperiens,
362 1834 462 1887 timens
484 1847 519 1886 ne
540 1834 633 1885 omnia
654 1833 744 1898 palam
765 1832 867 1885 iaceret
879 1845 910 1884 ao
931 1830 1051 1897 proinde
1063 1832 1089 1884 ei
1110 1831 1245 1885 obstaret.
1258 1832 1359 1886 comes
1375 1843 1444 1893 tero,

208 1947 271 1987 cum
283 1933 458 1987 Florentinus
471 1939 542 1987 esset
554 1938 581 1986 et
601 1933 730 1985 omnibus
744 1931 773 1982 in
795 1931 878 1984 rebus
891 1930 1129 1998 diligentissimus,
1143 1929 1193 1984 ubi
1216 1930 1386 1985 sanctissimi
1396 1929 1443 1984 tiri
1457 1928 1482 1981 tt

207 2034 469 2100 voluntatematque
489 2032 659 2086 desiderium
678 2031 830 2097 conspexit,
853 2031 892 2084 rei
905 2031 1047 2085 veritatem
1068 2032 1201 2085 continuo
1222 2030 1375 2084 arbitratus
1395 2033 1444 2084 est.

206 2135 245 2188 Ab
258 2147 290 2188 eo
303 2136 376 2188 enim
390 2133 542 2194 audiverat,
558 2133 632 2200 quod
651 2134 679 2185 in
700 2132 836 2199 superiori
859 2138 949 2198 nocte,
963 2146 1026 2187 cum
1045 2134 1168 2200 corporis
1186 2132 1311 2198 quietem
1327 2135 1446 2199 caperet,

204 2234 320 2300 sibiipsi
341 2247 454 2287 manum
477 2238 620 2298 amputare
641 2233 729 2286 visum
751 2232 849 2285 iuerat.
869 2235 900 2284 ttt
920 2233 1032 2294 idcirco,
1053 2246 1116 2285 oum
1136 2230 1171 2284 ad
1193 2231 1297 2284 summi
1310 2230 1447 2298 pontilicis

208 2334 316 2387 moenia
329 2333 498 2392 festinarent,
507 2331 600 2385 dictus
610 2332 793 2397 Lotboringus
805 2331 844 2384 sio
853 2331 904 2384 rari
917 2333 1007 2398 coepit
1017 2348 1024 2384 ε
1035 2332 1132 2384 mum
1141 2332 1239 2384 testor
1251 2330 1447 2385 etcottsct‘ett·

209 2433 285 2486 tiam
298 2445 409 2499 uwom,
422 2432 452 2485 si
463 2445 526 2498 qua
548 2432 673 2486 totidem
685 2429 762 2496 fides
783 2430 969 2484 mortalibus
987 2430 1130 2485 babendo
1149 2433 1205 2498 est,
1219 2443 1284 2486 uon
1306 2431 1445 2485 uouemus
1458 2429 1484 2481 tt

203 2532 362 2601 prosequi,
376 2533 406 2585 si
422 2532 487 2585 uisi
498 2531 536 2586 ob
557 2531 648 2585 initio
667 2530 716 2584 rei
736 2532 856 2585 scivero
877 2531 1058 2599 acuitatem,¹
1071 2530 1139 2584 adeo
1160 2535 1192 2584 ut
1211 2532 1237 2584 ei
1251 2530 1445 2598 obtemperare

208 2634 317 2687 beatum
330 2633 484 2700 Philippum
497 2636 644 2698 oporteret,
658 2644 822 2697 semperque
834 2632 875 2683 vir
887 2632 933 2684 ltei
945 2636 977 2683 ut
988 2631 1040 2684 sibi
1062 2630 1148 2684 favori
1159 2636 1244 2697 atque
1257 2630 1362 2684 auxilio
1374 2634 1446 2684 esset

209 2744 297 2785 orare.
311 2730 415 2796 Quibus
433 2732 526 2785 serbis
538 2731 622 2783 irater
644 2730 828 2797 Lotboringus
840 2730 866 2783 ei
886 2730 1035 2795 subiratus,
1048 2743 1110 2783 oum
1124 2742 1234 2783 summa
1252 2730 1341 2782 animi
1353 2731 1445 2783 anxie·

208 2835 263 2884 tate
275 2836 356 2898 atque
368 2844 493 2885 maerore
504 2836 534 2883 ut
552 2830 620 2882 nibil
632 2842 715 2895 supra
735 2829 807 2883 vires
818 2829 1012 2897 aggrederetur
1032 2830 1183 2882 obtestatus
1195 2832 1252 2894 est;
1265 2832 1355 2896 namo
1372 2828 1443 2882 atati

45 2930 96 2984 ‘iu
107 2930 174 3011 eod.
209 2931 318 2997 incepto
330 2930 462 2984 desistere
475 2930 566 2995 vellet,
580 2930 691 2995 quando
714 2932 783 2983 hoo·
797 2934 893 2982 contra
914 2930 1037 2982 omnium
1057 2928 1226 2982 voluntatem
1248 2934 1341 2996 esset;
1355 2941 1444 2995 neque
1457 2927 1484 2979 Β

38 3001 182 3133 wgfflff
211 3029 245 3082 ad
254 3030 307 3082 tale
321 3031 426 3082 lacinus
439 3028 627 3097 peragendum
649 3044 742 3084 secum
756 3031 858 3082 iturum
879 3029 1026 3082 asserebat.
1038 3030 1071 3081 tt
1092 3028 1231 3094 Philippus
1242 3028 1291 3081 ubi
1304 3027 1444 3081 ineassum

205 3129 296 3180 omnia
309 3129 398 3195 egisse
418 3128 500 3193 videt,
514 3135 616 3181 tantam
628 3131 684 3182 sim
697 3129 872 3182 lacrimarum
892 3127 1012 3194 profudit
1024 3133 1054 3181 ut
1067 3127 1122 3180 illic
1135 3139 1201 3192 prae
1213 3127 1336 3179 maximo
1347 3125 1442 3179 dolore

205 3226 334 3279 recedere
346 3241 401 3279 non
414 3228 549 3292 potuerit3
564 3228 717 3294 lugensque
729 3227 858 3279 comitem
868 3225 967 3278 affatur
980 3241 986 3277 :
1004 3225 1165 3279 Credimus
1178 3223 1321 3289 doctores,
1335 3223 1440 3291 diqni·

206 3327 285 3377 totos
297 3328 354 3378 out
366 3324 548 3379 ambitiones
559 3327 647 3379 uolu's
660 3327 804 3392 ntiquom
816 3326 949 3392 quietem
961 3326 1020 3377 out
1037 3323 1260 3377 beatitudiuem
1273 3326 1443 3390 proestare

202 3424 313 3490 posse?
324 3425 517 3478 rutmortotts
530 3428 558 3478 et
569 3427 716 3479 aeternus
727 3427 807 3478 Deus
819 3437 875 3478 uos
888 3424 923 3475 iu
934 3423 992 3477 ltoc
1005 3423 1214 3477 lacrimarum
1223 3423 1310 3476 crille
1318 3425 1441 3476 tersitem
1454 3422 1481 3471 st

204 3521 312 3590 felices
328 3521 434 3590 facere
454 3526 545 3592 uolet,
559 3539 618 3592 quo
635 3524 718 3577 scibit
734 3523 877 3590 potentio
899 3524 1012 3590 moitis,
1026 3521 1109 3576 nibil
1125 3521 1252 3577 ratione
1264 3519 1440 3589 perfectius

204 3624 262 3674 out
272 3623 420 3676 ctoritate
433 3624 634 3677 tucttlcutius.

238 3721 288 3772 19.
306 3722 393 3788 litque
412 3723 473 3775 ideo
486 3721 547 3788 ipse
566 3728 642 3776 tanta
662 3723 869 3788 compatientia
891 3726 973 3789 alque
995 3719 1128 3773 modestia
1148 3732 1279 3786 quaeque
1301 3720 1399 3788 agebat
1409 3722 1439 3770 ut

203 3820 312 3874 silentio
326 3822 437 3874 minime
458 3824 608 3887 praeterire
630 3823 731 3888 possim
744 3823 811 3888 quin
833 3822 891 3887 eJus
907 3821 1037 3874 miracula
1058 3827 1086 3872 ct
1106 3820 1291 3887 sanctitatem,
1305 3824 1436 3887 quantum

204 3921 315 3988 ingenio
327 3927 432 3987 potero,
445 3923 551 3986 aperire
561 3923 642 3974 nitar.
656 3923 745 3975 Primo
758 3922 830 3974 enim
842 3935 891 3986 per
904 3921 1068 3972 immensum
1080 3919 1241 3972 humilitatis
1254 3925 1366 3973 scutum
1377 3922 1437 3972 octo
1450 3918 1479 3969 ³3

203 4030 300 4086 annos,
312 4021 449 4087 generalis
462 4023 647 4089 magistratum
661 4022 799 4089 aurigans,
813 4020 940 4073 affinibus
952 4020 1096 4073 occultavit
1108 4036 1115 4084 ;
1129 4032 1161 4072 ao
1174 4020 1195 4070 si
1215 4020 1332 4086 quando
1345 4020 1380 4074 ad
1391 4030 1436 4071 eos

202 4117 351 4172 visitandos
364 4121 429 4185 ibat,
450 4125 523 4173 tanta
542 4121 694 4174 bumilitate
717 4126 799 4187 atquo
820 4125 989 4186 paupertate,
1007 4126 1038 4172 ut
1059 4132 1114 4173 non
1136 4118 1218 4173 modo
1240 4119 1392 4187 generalis,
1411 4122 1435 4169 at

202 4218 333 4270 minimus
344 4233 377 4272 es
391 4220 518 4272 omnibus
532 4226 684 4286 appareret.

234 4320 289 4372 20.
309 4322 455 4386 Postquam
478 4333 542 4372 vero
564 4321 703 4386 Philippus
723 4334 771 4387 per
792 4320 941 4373 nonnullos
963 4331 1076 4372 menses
1093 4319 1205 4386 quievit,
1232 4321 1437 4374 atrocissimum

199 4420 301 4474 bellum
315 4433 499 4487 magnumque
520 4425 657 4473 certamen
671 4422 743 4473 inter
764 4419 937 4473 Florentinos
949 4420 1129 4484 aretinosque
1141 4422 1269 4470 exortum
1283 4425 1338 4487 est,
1352 4433 1438 4487 usquc
1453 4420 1480 4469 to

199 4519 268 4571 adeo
292 4525 322 4570 ut
342 4531 448 4571 summo
469 4518 563 4571 laboro
583 4532 745 4585 summaque
767 4521 920 4572 calamitate
944 4518 1077 4579 viverent,
1103 4517 1268 4580 praesertim
1289 4520 1437 4573 &reorum

201 4618 314 4670 sanctae
324 4618 422 4670 llariao
434 4617 541 4683 iratres,
552 4632 614 4671 cum
627 4620 749 4671 omnium
761 4619 896 4672 bonorum
906 4620 1015 4684 penitus
1026 4616 1192 4684 indigerent.
1202 4617 1283 4679 Quod
1293 4626 1438 4688 postquam
