3316 5482
268 369 359 421 amn.
378 367 463 418 nur.
483 365 599 416 ruens.
618 384 664 396 -
679 362 832 413 apruno.
852 362 900 413 ln
916 360 993 412 con.
1011 358 1087 411 caus.
1249 343 1293 410 97
1340 430 1343 436 Α

8 472 15 505 i

78 542 127 595 bum
137 539 300 608 populorum
310 539 398 593 solitis
407 537 590 591 caeremoniis
600 539 779 602 reppererunt
788 533 958 600 praedictum
968 532 1062 586 lanum
1075 536 1292 585 consecrantem.

76 638 239 704 buibusdam
248 630 1294 704 (llrristumpraedicarecoepissent,uterroremvcterissuperstitionisdere·

72 740 217 807 linquerent
229 743 257 792 et
268 736 456 805 supradictum
469 736 563 790 tanum
576 735 751 789 destruerent
769 737 853 800 atque
873 732 908 785 ad
927 733 1023 786 christi
1044 731 1127 784 iidem
1147 731 1181 784 ab
1199 743 1294 784 errore

72 838 164 893 diaboli
174 851 205 893 se
216 841 419 903 converterent,
433 842 498 890 tuuc
511 836 677 889 rusticorum
695 832 842 887 multitudo
860 833 928 886 nihil
940 846 1037 886 eorum
1049 842 1120 899 quse
1132 831 1294 885 dicebantur

39 940 102 993 Fcis
112 942 247 1004 curantes,
260 937 309 991 sed
329 937 502 990 continentes
523 949 603 990 aures
624 949 688 988 suas
710 939 793 1001 atque
815 932 961 986 stridentes
982 931 1113 987 dentibus
1133 933 1162 984 in
1175 945 1232 997 eos,
1246 931 1293 984 alii

65 1038 155 1101 rustes,
167 1036 214 1091 alii
232 1035 338 1104 lapides
360 1037 532 1103 arripientes,
544 1036 663 1104 grauiter
683 1047 730 1088 eos
754 1033 869 1088 caedere
891 1039 1041 1099 coeperunt
1059 1036 1141 1100 atque
1161 1031 1293 1098 lapidare.

63 1140 249 1191 Sanctusuero
262 1135 409 1197 Firminus,
422 1136 496 1189 beati
516 1136 647 1201 Stephani
669 1148 787 1202 sequens
808 1133 973 1200 exemplum,
987 1132 1082 1186 orabat
1101 1131 1217 1186 dicens:
1237 1132 1292 1186 De

60 1237 337 1305 miserescamus
348 1234 417 1289 iilis
437 1233 493 1290 boc
505 1237 682 1302 peccatum,
695 1234 845 1287 aestimans
865 1245 895 1286 se
914 1232 1045 1298 martyrio
1066 1233 1203 1286 coronari.
1217 1236 1293 1286 τηηο

59 1349 132 1390 uuus
143 1336 310 1389 rusticorum
321 1334 369 1401 qui
379 1334 601 1396 circumstabant,
613 1334 745 1387 instinctu
757 1330 911 1397 daemonis,
922 1337 1034 1399 accepto
1052 1331 1141 1398 lapide
1154 1333 1183 1385 iu
1197 1345 1291 1399 manu,

15 1436 44 1487 lo
60 1439 205 1502 percutere
217 1447 281 1487 eum
293 1433 378 1487 uoluit
396 1433 424 1485 iu
437 1434 525 1499 capite
536 1440 566 1487 ut
578 1447 642 1487 eum
655 1433 809 1499 perimeret.
821 1431 875 1486 Sed
884 1432 959 1498 justo
970 1430 1063 1498 iudice
1075 1433 1130 1484 beo
1140 1431 1290 1498 iudicante,

55 1532 126 1599 lapis
136 1531 184 1585 ille
195 1531 225 1584 iu
246 1543 330 1584 manu
345 1532 508 1584 constrictus
529 1531 611 1584 laxari
625 1543 682 1584 non
701 1531 802 1597 potuit;
815 1529 957 1583 bracbium
969 1542 1036 1583 uero
1056 1531 1115 1597 ejus
1127 1531 1216 1582 statim
1228 1543 1290 1583 cur·

54 1636 149 1687 tatum
161 1636 213 1699 cst,
226 1635 309 1698 atque
321 1636 377 1685 toto
389 1644 505 1698 corpore
516 1631 675 1684 vulneratus
688 1635 715 1684 et
731 1630 869 1683 vermibus
881 1629 980 1696 plenus
992 1631 1084 1682 statim
1096 1634 1220 1683 mortuus
1238 1634 1290 1682 est.

55 1731 185 1785 Frdeutes
204 1734 297 1784 autem
317 1736 407 1784 cetera
428 1730 574 1785 multitudo
596 1731 770 1796 rusticorum,
785 1730 935 1783 timuerunt
947 1729 1045 1782 timore
1059 1741 1157 1798 magno
1173 1735 1290 1797 prostra-

53 1832 132 1899 tique
152 1831 182 1883 in
202 1834 276 1884 terra
297 1830 459 1885 clamabant·
472 1831 581 1884 ueniam
603 1829 772 1897 postulantes
792 1834 820 1882 et
841 1829 993 1884 dicebaut:
1015 1828 1163 1883 Miserere
1179 1829 1289 1897 nostri,

9 1932 40 1984 lb
54 1932 165 1985 sancte
183 1928 334 1997 Firmino,
347 1929 422 1997 quia
437 1929 636 1997 peccavimus
656 1929 691 1982 irc
714 1932 751 1983 te.
765 1931 880 1982 Sanctus
896 1941 961 1982 vero
983 1929 1119 1982 Firminus
1140 1929 1224 1982 multo
1237 1941 1291 1981 am·

54 2028 129 2095 plius
141 2027 319 2095 praedicabat
338 2029 377 2081 eis
398 2032 481 2096 atque
494 2041 592 2082 omnes
612 2029 646 2082 ab
664 2042 758 2082 errore
778 2027 945 2081 infidelitatis
965 2028 1099 2081 liberarit.
1112 2030 1145 2082 lit
1166 2029 1234 2081 dans
1252 2029 1291 2081 eis

55 2126 290 2195 benedictionem,
304 2129 408 2183 reversi
429 2135 493 2182 sunt
504 2130 696 2197 unusquisque
707 2129 736 2181 in
749 2128 861 2182 domum
876 2141 954 2182 suum
966 2128 1109 2182 laudantes
1129 2134 1157 2182 et
1178 2126 1290 2182 benedi·

55 2233 153 2283 centes
164 2228 311 2282 murinum
323 2230 371 2296 qui
383 2241 432 2282 eos
444 2230 544 2296 eripuit
556 2230 590 2282 dc
603 2242 696 2284 errore
708 2228 863 2283 diabolico'.
876 2232 938 2282 Fosi
947 2231 1014 2282 llaec
1031 2235 1142 2282 sanctus
1154 2228 1289 2283 Firminus

55 2340 183 2382 mersus
195 2332 237 2381 est
249 2327 443 2381 Firmiuiacum
461 2328 553 2383 uillam
575 2329 662 2395 pridie
684 2328 814 2382 kalendas
832 2329 1006 2394 septembris,
1020 2328 1067 2382 ubi
1087 2328 1161 2398 graui
1175 2326 1289 2380 infirmi·

10 2426 40 2479 to
55 2430 156 2481 tate...
169 2426 244 2493 (Fit.
258 2426 305 2480 ed.
318 2440 405 2481 nem.
420 2429 456 2494 5).

90 2526 122 2578 n
133 2525 180 2590 (l).
193 2526 270 2577 'runc
283 2524 427 2593 religiosus
448 2526 590 2594 presbyter
601 2527 745 2580 Ferreolus
764 2540 827 2579 cum
848 2527 983 2592 coepisset
996 2524 1139 2592 prollcisci,
1152 2527 1181 2578 in
1194 2526 1291 2580 itinere

58 2630 167 2679 mutum
179 2625 294 2678 invenit.
308 2628 340 2679 itt
352 2631 442 2679 autem
455 2625 523 2679 vidit
535 2641 608 2694 eum,
622 2627 707 2680 dixit:
719 2627 752 2681 Si
762 2627 813 2682 bic
825 2626 912 2682 bomo
925 2627 967 2681 ad
979 2626 1100 2681 beatum
1111 2626 1291 2681 Firminum

57 2724 171 2779 ductus
191 2722 312 2792 ficisset,
326 2725 419 2780 credo
438 2727 520 2793 quod
532 2739 593 2794 per
613 2739 704 2781 suem
726 2727 898 2781 orationem
918 2726 949 2780 ei
970 2727 1122 2793 loquelam
1144 2725 1290 2780 Dominus

57 2822 259 2877 reddidisset.
274 2825 425 2892 Statimque
447 2831 477 2878 ut
489 2825 556 2879 baec
577 2826 684 2880 locutus
704 2831 745 2880 est
767 2826 938 2879 beatissimus
959 2825 1109 2891 Ferreolus,
1123 2826 1213 2892 coepit
1233 2826 1291 2891 ipse

10 2923 41 2976 00
58 2928 152 2976 mutus
163 2921 250 2989 loqui.
266 2923 387 2977 Audiens
398 2925 464 2978 baec
477 2926 518 2978 uir
529 2926 575 2978 bei
588 2927 733 2990 Firminus,
746 2926 845 2994 gaudio
857 2926 965 2994 gavisus
976 2929 1026 2979 est.

92 3023 140 3075 m
151 3021 197 3088 (F).
211 3025 387 3076 beatissimus
399 3038 463 3077 uero
479 3025 621 3078 Ferreolus
635 3030 700 3079 tunc
712 3026 749 3079 ibi
763 3039 894 3092 praesens
906 3039 963 3078 ηοη
974 3030 1042 3078 erat.
1057 3026 1209 3092 Presbyteri
1223 3038 1289 3079 vcro

58 3124 87 3173 et
101 3118 211 3172 diaconi
223 3123 250 3172 et
261 3133 358 3172 omnes
373 3121 492 3174 ministri
505 3122 645 3189 ccclesiae,
658 3124 704 3190 qui
724 3137 787 3177 cum
808 3125 866 3190 ipso
889 3123 991 3176 ibidem
1004 3127 1070 3176 tunc
1082 3130 1159 3176 erant
1180 3125 1290 3191 quaudo

57 3218 164 3286 quieuit
185 3219 213 3270 in
230 3232 304 3285 pace,
317 3220 361 3273 vel
383 3221 434 3274 ulia
456 3222 536 3275 turba
554 3223 638 3277 multa
660 3223 834 3289 populorum,
849 3223 993 3292 diligenter
1014 3231 1210 3290 componentes
1228 3238 1290 3278 san·

58 3323 133 3369 etum
155 3317 326 3384 ejuscorpus
347 3320 376 3371 in
398 3320 496 3373 feretro
516 3327 542 3374 et
561 3321 731 3375 celebrantes
751 3321 846 3374 eadem
871 3328 949 3375 nocte
971 3323 1085 3390 vigilias,
1105 3325 1221 3376 crastina
1246 3324 1290 3376 die

11 3418 39 3469 it)
56 3429 142 3469 mane
154 3424 350 3484 componentes
363 3426 488 3472 sanctum
500 3423 560 3488 ejus
572 3435 671 3488 corpus
682 3428 765 3489 atque
778 3424 806 3474 in
819 3436 902 3474 curru
915 3429 1058 3489 ponentes,
1069 3424 1171 3490 junctis
1183 3425 1290 3478 duobus

57 3515 149 3569 bobus
163 3517 211 3584 qui
230 3517 318 3584 ipsum
336 3531 447 3572 currum
466 3521 614 3586 traherent,
628 3523 746 3586 acceptis
764 3523 892 3575 crucibus
909 3527 937 3574 et
955 3523 1082 3575 turibulis
1096 3529 1178 3590 atque
1197 3523 1290 3576 multis

58 3614 257 3682 luminibus,ut
269 3623 393 3670 sanctum
408 3620 599 3686 corpusculum
612 3620 754 3673 deterrent
764 3622 971 3688 praeparabant.
981 3625 1048 3674 bum
1062 3627 1152 3675 autem
1165 3628 1287 3676 sanctum

56 3727 159 3781 corpus
171 3716 230 3781 ejus
241 3724 446 3783 componerent,
461 3719 539 3772 multi
553 3718 665 3781 inirrmi,
678 3721 760 3777 variis
781 3720 985 3774 infirmitatibus
1002 3721 1115 3785 detenti,
1129 3722 1289 3776 accedentes

56 3818 177 3880 elopem
190 3816 277 3868 sancti
290 3817 457 3871 confessoris
469 3819 660 3885 imprecantes,
674 3821 703 3872 in
716 3820 813 3873 virtute
826 3821 882 3888 liei,
898 3821 944 3887 qui
963 3822 1055 3874 omnia
1073 3827 1191 3888 praestat
1205 3822 1289 3876 fideli·

11 3915 38 3966 iii
55 3913 110 3966 bus
123 3913 192 3979 suis,
205 3915 264 3967 sani
283 3922 465 3970 recesserunt.

88 4011 232 4065 Ferreolus
249 4026 313 4067 sero
336 4016 460 4081 antistes,
475 4018 588 4072 iiceciae
610 4018 724 4084 positus,
738 4023 768 4071 ut
787 4019 912 4086 cognovit
933 4033 981 4085 per
1002 4019 1194 4073 revelationem
1213 4020 1287 4087 quod

53 4110 230 4165 beatissimus
252 4113 388 4167 Firminus
402 4116 545 4183 migrasset
564 4119 592 4169 iu
614 4119 739 4183 bouniuo,
765 4119 878 4170 veniens
899 4119 927 4171 in
953 4119 1068 4171 ecelesia
1090 4121 1180 4172 motis'
1204 4121 1287 4189 signis

1343 2225 1352 2244 ·
1364 2222 1429 2277 cod.

1315 2288 1459 2343 diabolica.

1339 4140 1350 4159 ‘
1361 4140 1427 4193 cod.

51 4215 217 4278 congregato
230 4213 305 4264 omni
316 4213 390 4267 clero
403 4221 431 4267 et
452 4216 537 4270 multa
551 4219 629 4270 turba
648 4218 821 4284 populorum,
835 4220 953 4285 acceptis
968 4219 1096 4273 crucibus
1117 4224 1142 4272 et
1156 4220 1242 4272 cereis
1259 4227 1286 4271 et
1324 4207 1445 4260 monilis·

51 4309 183 4362 turibulis
197 4316 224 4363 et
237 4311 321 4365 multa
335 4315 489 4381 frequentia
502 4317 585 4369 exivit
598 4318 637 4370 eis
649 4318 757 4370 obuium
770 4320 816 4384 qui
835 4321 921 4371 sancti
940 4320 1062 4385 corporis
1073 4320 1202 4386 exequias
1213 4319 1285 4372 deie-

12 4409 34 4461 0
52 4407 236 4463 rabanicum
245 4418 335 4464 autem
345 4413 488 4467 uenissent
500 4417 529 4469 in
541 4417 660 4483 quodam
671 4418 742 4482 loco,
756 4419 961 4483 requiescentes
972 4432 1034 4472 cum
1048 4420 1149 4472 sanctis
1162 4418 1285 4485 exequiis

85 4610 121 4670 (l)
132 4608 196 4660 Fost
208 4622 284 4661 num.
297 4612 323 4662 5.
338 4637 369 4648 -
381 4613 416 4675 (F)
429 4613 491 4664 Fost
503 4626 580 4666 num.
594 4618 619 4666 ¹1.

82 4715 182 4759 mutu.
196 4718 284 4761 eurus.
299 4719 324 4760 r.
341 4720 368 4761 u.
