3316 5482
211 311 281 380 312
555 323 681 379 carm.
700 324 802 377 cono.
817 325 994 379 meroen.
1012 324 1096 380 aar.

243 498 275 552 a.
288 500 355 551 curn
368 501 458 551 autern
471 495 543 549 beati
555 494 625 562 tupi
637 507 737 561 corpus
750 494 897 549 ecclesiam
908 496 982 550 beati
997 497 1129 564 stephani
1143 496 1270 567 intraret,
1284 504 1317 554 et
1327 499 1447 569 eiusdem

211 602 373 665 praecentor
384 596 518 650 ecclesiae
532 595 781 651 oamercndum
794 594 968 649 antistitem
979 596 1123 665 inciperet,
1144 603 1309 653 contractus
1327 599 1447 669 quidam

209 699 256 767 qui
269 698 388 763 fereper
401 699 508 762 septem
520 707 661 749 annorum
672 694 792 761 spatium
805 693 969 748 custodibus
989 696 1075 764 ipsius
1096 696 1231 752 ecclesiae
1248 699 1448 768 subservierit

208 800 244 855 de
257 800 317 854 loco
329 800 358 852 in
371 811 425 866 quo
437 798 545 865 jacebat
556 811 641 851 sanus
661 797 791 865 surrexit,
804 802 885 865 atque
906 796 1064 851 videntibus
1082 799 1175 853 multis
1187 799 1224 854 ad
1236 801 1376 857 teretrum
1387 815 1448 857 cur·

208 912 283 967 rens,
297 911 381 952 manu
393 897 541 952 beatissimi
553 897 622 963 Lupi
634 896 746 964 propria
757 910 788 950 se
802 903 925 951 erectum
936 898 1125 965 proclamavit.
1138 898 1215 966 Quod
1226 899 1332 955 videns
1343 901 1475 957 arebla-3

208 999 347 1066 piscopus,
364 997 401 1051 Te
415 997 511 1050 Deum
524 996 694 1050 mutamus
707 996 821 1062 incepit,
841 996 907 1064 quia
927 996 1020 1050 divina
1037 997 1123 1051 virtus
1137 1011 1187 1065 pro
1208 998 1320 1053 meritis
1339 999 1445 1055 beatis·

208 1096 272 1151 simi
280 1097 349 1164 bupi
360 1096 497 1165 geminato
511 1095 644 1149 miraculo
656 1094 766 1161 plebem
782 1095 945 1149 senonicam
959 1094 1123 1163 laetificarit,
1144 1101 1306 1165 praestante
1329 1100 1448 1155 nomino

208 1202 301 1251 nostro
311 1199 376 1250 iesu
388 1196 503 1264 christo,
517 1196 564 1262 qui
577 1208 641 1249 cum
654 1197 732 1249 Patre
751 1198 778 1249 et
790 1194 891 1261 Spiritu
914 1199 1010 1250 sancto
1028 1195 1095 1250 sirit
1117 1201 1144 1250 et
1162 1200 1261 1266 regnat
1282 1210 1337 1265 per
1355 1199 1448 1255 omnia

208 1296 317 1350 saccula
330 1295 513 1349 saeculorum.
527 1296 624 1349 Amen.

241 1395 273 1448 3.
290 1397 358 1449 cum
369 1400 462 1448 autem
475 1393 587 1462 quidam
598 1394 744 1463 religiosus
756 1393 885 1449 sacerdos
908 1394 982 1462 apud
995 1395 1161 1463 cersiacum,
1176 1408 1234 1450 non
1246 1396 1332 1466 longe
1346 1410 1364 1452 a
1377 1397 1448 1453 iosi-
1461 1398 1486 1451 ii

208 1495 287 1550 niaco
296 1500 395 1559 castro,
409 1496 438 1548 in
452 1494 571 1562 quadarn
584 1494 656 1548 beati
665 1494 735 1560 bupi
747 1494 863 1548 ecclesia
875 1496 991 1550 bomino
1011 1495 1171 1564 deseniret,
1194 1509 1246 1551 nec
1257 1496 1371 1565 aliquid
1383 1498 1448 1552 reii-

204 1575 335 1660 'quiscum
358 1593 535 1647 sacratissimi
553 1593 677 1660 corporis
699 1592 741 1646 rel
763 1593 990 1646 vestimentorum
1017 1595 1077 1661 ejus
1106 1594 1229 1663 liaberet,
1242 1595 1289 1662 pia
1311 1594 1450 1663 religione

209 1697 308 1759 motus,
320 1692 455 1746 domnum
467 1692 593 1746 abbatem
606 1694 721 1745 Sanctae
732 1691 882 1746 columbae
894 1691 962 1745 adiit
971 1698 1053 1761 atque
1066 1705 1164 1760 pamm
1175 1693 1211 1747 de
1220 1693 1352 1761 sepulcro
1360 1694 1448 1748 sanai

207 1791 373 1846 contessoris
387 1792 422 1845 ab
435 1804 468 1845 eo
484 1790 639 1857 postulavit.
654 1791 736 1859 cujus
749 1789 831 1844 fldem
843 1790 927 1845 abbas
939 1792 1060 1858 intuens,
1074 1791 1148 1860 quod
1163 1792 1274 1860 petebat
1285 1793 1445 1860 concessit3

209 1891 304 1958 sicque
320 1889 475 1957 praedictus
495 1891 623 1945 sacerdos
643 1890 838 1957 parvissimum
859 1890 978 1957 sepulcri
999 1891 1123 1958 lapillum
1144 1890 1178 1945 ad
1200 1892 1441 1959 praenominatam
1458 1892 1486 1945 it

209 1989 301 2045 sillam
313 1990 399 2044 laetus
409 1991 533 2058 portarit.
547 1993 671 2057 Dumque
683 2003 782 2045 aurum
793 1996 822 2045 et
832 1996 987 2060 argentum,
1006 1991 1035 2043 in
1056 2005 1112 2059 quo
1123 1990 1252 2059 lapillum
1263 1990 1344 2046 illum
1356 2004 1445 2059 poue·

210 2093 261 2156 ret,
272 2093 458 2157 praepareret‚
471 2091 541 2157 ignis
553 2090 660 2144 subitus
671 2094 755 2144 totam
767 2102 856 2157 paene
866 2090 957 2143 rillam
970 2104 1034 2144 cum
1046 2091 1163 2145 ecclesia
1182 2091 1376 2159 consumpsit3
1395 2091 1445 2145 sed

208 2193 300 2244 tamen
318 2202 382 2243 arca
402 2189 561 2256 sacerdotis,
582 2189 612 2242 in
631 2201 686 2255 qua
704 2189 815 2256 lapillus
835 2189 883 2242 ille
902 2201 965 2243 curn
987 2189 1065 2243 libris
1086 2194 1113 2243 et
1130 2189 1303 2243 vestimentis
1328 2189 1439 2257 positus

211 2287 308 2357 iuerat,
322 2300 371 2353 per
382 2287 453 2341 beati
466 2286 631 2342 contessoris
642 2288 767 2342 meritaa
789 2286 912 2342 laesione
932 2288 1003 2355 ignis
1023 2288 1133 2355 penitus
1150 2287 1312 2356 incorrupta
1334 2299 1445 2342 reman-

211 2387 256 2442 sit.
268 2388 366 2442 rimen.
1458 2386 1487 2440 ’i

215 2596 242 2662 V
245 2615 299 2664 rra
317 2596 352 2665 S.
371 2597 516 2664 Evunrn
532 2614 681 2664 arrscorr
697 2597 976 2664 Auesmansrrsrs
992 2595 1072 2683 (Cir.
1091 2616 1204 2684 supra,
1222 2618 1256 2685 p.
1276 2597 1359 2678 304,
1379 2596 1442 2682 6⁰).

470 2797 600 2876 Incipit
619 2801 699 2864 vita
719 2802 838 2865 sancti
858 2803 1004 2865 Evurtii
1024 2802 1192 2878 episcopi.

244 2983 271 3034 1.
285 2983 316 3034 ln
329 2980 377 3035 illo
389 2985 522 3047 tempore,
536 2985 596 3047 post
607 2979 759 3035 discessum
771 2980 844 3034 beati
856 2980 1004 3034 bissiniani
1017 2981 1148 3049 episcopi,
1162 2987 1221 3036 orta
1236 2988 1278 3036 est
1290 2980 1322 3036 in
1333 2981 1408 3037 clerc
1418 2986 1445 3037 et

211 3081 312 3147 populo
324 3079 513 3133 aurelianensi
527 3079 561 3132 de
574 3079 731 3145 episcopatu
751 3078 897 3146 dissensio,
910 3079 977 3133 dum
997 3093 1061 3146 pars
1083 3080 1177 3148 popuii
1189 3093 1279 3135 unum
1295 3081 1380 3136 reilet
1398 3081 1445 3136 eli·

209 3194 274 3248 gere
287 3179 432 3246 etreliqua
444 3177 590 3232 multitudo
603 3177 720 3232 alterum
733 3178 890 3244 postularet.
910 3182 968 3232 lion
992 3192 1091 3244 parrae
1107 3192 1140 3233 ex
1161 3180 1214 3234 boc
1233 3180 1443 3237 colluctationes
1459 3182 1489 3234 it

210 3285 237 3332 et
248 3278 446 3343 dissensiones,
460 3278 543 3331 etiarn
553 3281 580 3330 et
590 3277 664 3331 bella
675 3277 775 3344 civilia,
786 3276 894 3331 duobus
906 3278 1037 3333 continue
1049 3279 1129 3332 annis
1142 3279 1172 3332 in
1192 3279 1301 3334 civitate
1322 3279 1445 3335 Aurelia·

211 3385 289 3439 nensi
308 3390 496 3439 surrexerunt.
520 3384 596 3439 Unde
617 3397 730 3437 necesse
751 3384 801 3437 tuit
813 3388 845 3438 ut
858 3385 893 3438 ab
906 3385 1071 3451 imperatore
1083 3386 1263 3441 constantino
1275 3387 1443 3456 Porphyrius

211 3485 339 3552 patricius
348 3484 501 3538 Aurelianis
512 3483 685 3551 dirigeretur,
699 3484 745 3550 qui
759 3488 786 3536 et
799 3485 946 3537 tumultum
959 3485 1064 3552 populi,
1077 3485 1125 3553 qui
1137 3486 1276 3540 excitatus
1282 3487 1383 3553 iuerat,
1390 3487 1444 3541 sir·

211 3590 268 3640 tuic
277 3584 448 3651 reprimeret,
462 3587 489 3636 et
500 3582 621 3637 collectis
640 3583 669 3635 in
685 3596 773 3637 unum
785 3584 921 3650 episcopis
932 3584 1155 3651 provincialibus,
1169 3586 1312 3639 communi
1325 3585 1444 3641 consilio

210 3686 288 3752 inito,
301 3686 382 3738 etiam
395 3684 590 3750 popuiisedata
600 3684 747 3747 seditione,
756 3684 890 3751 eligerent
898 3685 945 3750 qui
956 3684 1036 3753 digne
1047 3685 1076 3738 in
1088 3697 1120 3738 ea
1129 3685 1197 3739 urbe
1208 3690 1302 3752 posset
1310 3686 1440 3753 superin·
1458 3690 1489 3740 so

210 3791 318 3853 spector
330 3783 468 3837 constitui.
482 3782 534 3836 scd
547 3796 609 3836 cum
619 3784 676 3850 jam
689 3783 808 3849 episcopi
821 3783 976 3837 Aurelianis
987 3782 1128 3850 conjuncti
1140 3784 1259 3838 tuissent
1274 3783 1445 3839 striderent

211 3886 238 3938 in
248 3882 476 3952 populo,diaboio
487 3884 645 3950 instigante,
656 3888 760 3936 taniam
770 3883 935 3937 discordiam
944 3889 1114 3951 generatam,
1123 3884 1212 3938 altiori
1222 3885 1341 3939 consiio
1353 3885 1447 3940 decre·

211 3989 309 4038 rerunt
320 3989 350 4037 ut
361 3982 451 4035 triduo
464 3983 619 4051 rogationes
631 3983 839 4036 celebrarentur
851 3988 878 4036 et
890 3983 1005 4036 bomino
1028 3983 1216 4050 supplicarent
1235 3988 1265 4037 ut
1279 3984 1340 4052 ipse
1350 3990 1442 4039 osten·

210 4085 288 4138 deret
299 4097 381 4150 quem
394 4082 428 4135 ad
441 4082 574 4150 populum
589 4096 669 4136 suurn
684 4082 834 4151 regendum
846 4083 981 4136 missurus
993 4086 1076 4137 esset.

242 4184 274 4237 a.
288 4187 390 4236 Etcum
403 4183 476 4248 ipsae
490 4182 606 4236 letaniae
619 4180 740 4235 indictae
752 4181 880 4247 tuissent,
895 4187 921 4235 et
933 4183 1024 4236 omnis
1032 4182 1151 4249 populus
1158 4182 1200 4237 vel
1212 4185 1343 4239 universa
1356 4185 1438 4240 nobi·
1455 4188 1489 4240 &i

210 4282 270 4335 litas
284 4281 385 4335 ibidem
397 4281 536 4348 conjuncti
549 4281 675 4347 tuissent,
692 4285 761 4335 nutu
773 4281 819 4334 liei
834 4281 931 4335 beatus
944 4280 1080 4348 Erurtius,
1094 4280 1283 4337 subdiaconus
1294 4285 1437 4338 liomanae

210 4382 353 4449 ecciesiae,
366 4381 431 4434 dum
444 4380 479 4433 ad
492 4380 672 4447 requirendos
685 4393 749 4433 suos
770 4381 900 4447 captivos,
923 4381 974 4434 lroc
995 4384 1036 4433 est
1047 4394 1209 4449 germanum
1229 4386 1258 4436 et
1277 4395 1440 4451 germanam

211 4494 298 4541 suam,
311 4479 507 4546 eumorphium
520 4484 547 4533 et
559 4480 689 4546 cassiam,
703 4481 750 4547 qui
763 4492 778 4532 a
790 4480 915 4533 barbaris
927 4481 961 4533 ab
975 4480 1185 4536 ltaliaanteacto
1194 4487 1318 4548 tempore
1329 4483 1441 4537 fuerant

211 4580 320 4646 sublati,
334 4582 445 4633 ailoma
456 4591 582 4646 egressus
594 4578 622 4630 in
634 4584 725 4644 partes
738 4579 840 4633 Galliac
853 4586 1033 4647 properasset,
1049 4587 1177 4649 utsupra
1190 4581 1256 4649 diri,
1278 4582 1436 4637 Aurelianis
