3278 5482
348 357 444 408 aren.
462 355 545 407 nar.
563 353 682 408 enare.
699 374 745 386 —
760 355 915 408 maman.
936 353 984 406 ao
1000 353 1079 406 oon.
1097 352 1174 405 sose.
1312 335 1381 403 313

177 530 203 583 tic
210 525 324 582 secunda
336 525 426 593 ipsius
438 524 588 593 rogationis
599 523 710 578 advenit
722 529 750 579 et
768 538 832 578 cum
844 538 900 579 uno
921 523 1098 593 pauperculo,
1112 523 1223 577 ostiario
1245 523 1380 578 eeclesiae

179 627 247 696 psius
258 625 431 679 mansionem
446 623 559 691 habuit3
573 624 621 692 qui
633 638 698 678 eum
713 627 790 692 juxta
811 638 877 679 suae
899 624 1068 692 paupertatis
1089 623 1298 690 possibilitatem
1316 636 1380 676 cum

177 724 334 782 tnniaifectu
347 724 483 792 recipiens
495 724 644 791 hospitium
657 728 685 778 et
705 726 903 779 humanitatem
924 724 999 793 large
1021 723 1155 790 praebuit,
1178 722 1277 789 hospiti
1297 721 1381 788 pedes

177 825 222 879 latit
231 829 254 879 et
262 824 356 878 omnia
368 837 432 878 eum
443 824 555 877 caritate
564 823 643 890 juxta
653 828 827 891 praeceptum
840 822 1026 892 evangelicum
1040 822 1112 876 circa
1124 821 1213 889 ipsum
1231 818 1377 888 impendit.

177 924 273 990 lucum
284 922 471 977 sollicitudine
480 923 562 976 etiam
576 923 693 989 hospitis
704 928 787 977 totam
801 923 937 976 ciuitatem
951 922 1146 989 perlustrasset
1156 923 1183 974 et
1194 919 1263 974 nibil
1281 919 1378 973 indicii

177 1023 307 1089 nituisset,
320 1022 431 1076 inantea
444 1022 530 1076 tristis
542 1030 569 1076 et
581 1027 711 1086 maestus,
725 1022 759 1075 ad
778 1023 852 1089 ipsos
878 1021 1060 1089 requirendos
1076 1032 1224 1088 properare
1245 1019 1379 1074 maturius

177 1121 277 1175 dormit.

197 1220 408 1275 8.lttcumeum
420 1224 585 1288 satagentem
605 1221 639 1274 ad
657 1220 827 1287 carpendum
848 1221 899 1274 iter
919 1222 1018 1287 hospes
1039 1219 1221 1286 conspiceret,
1241 1217 1308 1272 dicit
1326 1216 1374 1272 ei:

177 1319 333 1388 inedicite,
347 1318 461 1387 frater.
474 1319 568 1375 oredo
579 1320 661 1386 quod
670 1323 858 1387 compertum
871 1319 984 1375 babeas
991 1319 1097 1388 qualis
1107 1318 1260 1375 dissensio
1271 1317 1307 1372 in
1318 1316 1377 1374 bec

177 1417 229 1474 erbe
238 1420 273 1474 lle
281 1419 461 1488 wdcopctu
473 1422 628 1473 versatur.
644 1421 705 1474 Pro
720 1433 783 1488 qua
796 1432 831 1474 rc
842 1418 1042 1488 Porphyrius
1051 1419 1223 1487 patricius,
1233 1417 1272 1473 ab
1285 1419 1378 1486 impe-

177 1519 415 1587 recrederemus,
436 1519 633 1587 episcoposet
641 1532 790 1588 proceres
808 1521 838 1574 ct
858 1522 1003 1574 cunctum
1017 1520 1175 1588 poputum
1195 1518 1230 1572 in
1249 1517 1379 1573 civitate

177 1615 218 1672 istc
226 1618 427 1687 concrepabit,
439 1621 474 1673 ut
486 1619 635 1674 Dominus
647 1620 797 1674 decernat
811 1620 867 1687 qui
874 1618 1024 1687 pontisece
1046 1632 1112 1674 esse
1123 1617 1238 1673 debeat.
1252 1617 1292 1672 lit
1302 1616 1379 1684 quia

177 1717 247 1772 tertia
256 1718 321 1772 dies
331 1721 378 1772 est
390 1716 490 1786 bodie,
505 1719 540 1772 in
551 1732 615 1786 quc
627 1719 737 1775 divine
743 1720 847 1787 pictas
856 1717 1082 1789 manifestabit,
1094 1721 1129 1772 ut
1139 1729 1313 1786 speramus,
1323 1717 1380 1785 qui

177 1812 487 1886 lfficicturepisccpur,
500 1817 696 1873 idcesuedeo
715 1817 771 1872 tibi
787 1820 823 1872 ut
844 1816 935 1872 bodie
953 1817 1114 1873 nobiscum
1133 1805 1276 1872 moreris.
1301 1815 1378 1878 Quia

177 1909 279 1983 iterque
286 1926 466 1984 properare
478 1915 619 1984 disponis
629 1917 856 1986 proficiebam,
866 1915 1260 1986 forsitanperscrutandus
1269 1915 1332 1970 eris
1341 1913 1380 1969 cb

177 2012 314 2083 clunibus,
327 2015 405 2087 quid
416 2013 465 2069 bis
477 2015 581 2070 diebus
596 2015 646 2071 bic
657 2018 817 2071 revelante
829 2017 958 2072 manino
976 2018 1082 2071 actum
1093 2014 1201 2084 fucrit,
1214 2017 1271 2070 aut
1283 2028 1379 2083 quam

177 2111 299 2169 arietem
311 2115 460 2169 Dominus
480 2115 826 2184 ostenderejuoent;ut
851 2129 921 2172 cum
936 2128 998 2184 per
1018 2118 1046 2170 tc
1063 2115 1169 2171 omnia
1190 2115 1377 2184 coenaveris,

177 2208 307 2280 bearem
317 2226 359 2268 ec
371 2213 427 2269 boc
438 2215 591 2269 rationem
598 2216 742 2284 pandere
756 2216 860 2284 possis
870 2218 889 2271 '.
910 2219 986 2270 Tunc
998 2216 1055 2283 ille,
1068 2219 1179 2284 accepto
1192 2215 1295 2270 salubri
1316 2228 1378 2270 con·
1432 2215 1442 2239 ·

177 2308 214 2366 llio
223 2318 249 2366 et
260 2314 314 2366 lico
327 2313 478 2380 inspirante
490 2314 606 2383 prolato,
621 2327 710 2369 moras
722 2315 774 2368 sibi
796 2315 902 2368 indixit
925 2318 987 2370 Post
1003 2315 1145 2383 paululum
1167 2315 1237 2384 signi
1254 2318 1327 2369 tactu
1342 2316 1377 2369 ad

177 2412 257 2466 utiam
271 2412 453 2467 incoelesiam
466 2426 529 2467 cum
547 2414 652 2480 bospite
673 2414 822 2482 ingressus,
843 2419 905 2482 post
924 2415 1012 2484 reqias
1030 2414 1162 2469 ecclesiae
1181 2415 1253 2469 fores
1273 2415 1376 2483 pariter

177 2523 213 2563 um
225 2510 339 2579 reliquis
347 2512 465 2566 ostiariis
477 2513 505 2564 in
517 2525 572 2565 una
584 2512 717 2567 ecclesiae
730 2517 807 2580 parte
818 2517 963 2568 steterunt.

185 2611 215 2663 c
227 2611 259 2663 lit
267 2623 331 2665 eum
338 2612 462 2679 jussione
471 2612 662 2679 episcopomm
672 2613 774 2681 januae
786 2613 928 2667 obseratae
942 2613 1059 2667 fuissent
1072 2613 1213 2680 ecclesiae,
1224 2618 1252 2667 ct
1262 2619 1317 2667 tam
1326 2613 1378 2682 ipsi

177 2708 270 2777 oiscopi
288 2723 372 2778 mam
383 2710 474 2764 omnis
493 2711 619 2778 populus,
641 2712 671 2765 in
691 2713 845 2778 pavimento
867 2713 1006 2780 prostrati,
1029 2713 1160 2767 auxilium
1180 2725 1242 2767 cum
1260 2713 1380 2768 lacrimis

177 2809 448 2877 igitarentdivinum,
469 2814 500 2863 ut
519 2813 548 2863 et
566 2811 683 2877 populus
703 2812 737 2864 ab
758 2811 937 2865 haesitatione
955 2800 1119 2865 libera'retur
1142 2815 1169 2865 et
1186 2810 1374 2867 misericordia

177 2908 256 2962 >mini
266 2908 419 2962 declararet
430 2909 478 2976 qui
488 2909 612 2976 digneex
626 2909 668 2962 lris
680 2911 767 2964 tribus
780 2909 827 2978 qul
848 2911 1012 2977 petebantur
1033 2915 1126 2978 posset
1145 2912 1267 2978 pontifex
1279 2924 1376 2966 conse·

177 3006 231 3071 ari,
244 3012 303 3059 tum
316 3007 407 3061 subito
419 3003 487 3062 nutu
499 3009 545 3062 liei
559 3022 607 3075 per
631 3007 864 3075 dispensationem
887 3012 945 3078 ejus
963 3010 1091 3064 columba
1112 3010 1333 3077 splendidissima
1351 3016 1378 3065 el

177 3108 292 3161 basicut
301 3109 358 3176 nix,
368 3108 490 3177 ingressa
499 3123 548 3176 per
557 3111 704 3164 fenestram
726 3109 868 3177 ecelesiae,
879 3112 969 3178 coepit
993 3125 1075 3177 super
1095 3118 1223 3165 cunctum
1247 3113 1377 3179 populum

183 3207 329 3274 episcopos
341 3208 428 3275 quiin
440 3208 498 3273 ipsa
511 3208 626 3262 ecclesia
638 3210 792 3278 congregati
805 3214 884 3264 erant
890 3210 925 3262 ab
935 3210 1030 3263 altario
1040 3224 1128 3277 usque
1135 3210 1169 3264 ad
1179 3211 1233 3264 ima
1245 3213 1378 3266 ecclcsiae

177 3306 300 3373 spiciens
312 3307 462 3372 pervolare.
476 3309 506 3359 lit
518 3321 651 3361 cumeam
664 3310 780 3376 populus
798 3309 935 3363 volantem
955 3310 1137 3377 conspiceret,
1159 3310 1221 3377 plus
1244 3312 1375 3365 attentius

183 3406 272 3474 magis
289 3419 351 3459 cum
371 3407 489 3460 lacrimis
506 3420 585 3461 orare
607 3415 767 3476 coeperunt,
789 3410 854 3476 quia
871 3409 1000 3464 videbant
1020 3422 1081 3463 eam
1098 3411 1255 3464 columbam
1276 3412 1311 3465 ad
1330 3413 1376 3466 ltei

177 3504 350 3558 dinationem
362 3505 446 3559 fuisse
458 3507 655 3561 transmissam.
671 3511 702 3560 lit
714 3514 775 3574 post
795 3509 937 3574 paululum
959 3513 1122 3563 convertens
1133 3524 1163 3564 se
1176 3511 1303 3566 columba
1315 3512 1376 3578 ipsa

177 3611 208 3659 st
225 3606 325 3659 ostium
346 3607 490 3677 ecclesiae,
512 3621 595 3675 super
616 3615 696 3674 caput
712 3609 783 3662 beati
805 3610 909 3662 liuurtii
929 3609 1084 3664 descendit.
1106 3611 1138 3663 ut
1160 3612 1316 3677 pavefactus
1333 3612 1375 3666 vel

177 3718 246 3760 noro
265 3719 408 3772 percussus
429 3708 475 3760 liei
494 3721 588 3762 servus
609 3710 744 3776 llvurtius,
764 3710 855 3775 coepit
868 3722 929 3762 eam
950 3722 965 3762 a
986 3723 1017 3763 sc
1036 3710 1191 3777 repellere3
1215 3699 1262 3765 iila
1283 3717 1375 3767 tamen

177 3806 266 3872 rplius
278 3806 458 3874 infestiusque
470 3808 541 3861 circa
556 3808 644 3874 ipsum
665 3810 888 3873 circumvolabat,
902 3816 930 3862 et
948 3824 1010 3863 curn
1030 3811 1170 3878 paululum
1192 3825 1290 3866 manus
1313 3826 1376 3867 suas

177 3906 264 3959 nulus
277 3906 322 3959 ltei
333 3906 494 3972 deponeret,
508 3921 591 3974 super
603 3914 684 3975 caput
696 3910 782 3975 ipsius
794 3908 988 3964 descendebat.
1002 3913 1033 3963 ut
1052 3925 1114 3964 cum
1136 3925 1196 3965 eam
1220 3914 1376 3968 sacerdotes

177 4006 299 4059 lomnes
309 4005 451 4059 sedentem
471 4021 553 4075 super
565 4014 645 4074 caput
669 4009 743 4062 illius
763 4015 919 4077 cernerent,
933 4016 959 4064 et
979 4010 1107 4064 viderent
1127 4025 1191 4065 eum
1209 4013 1295 4080 ipsam
1314 4028 1330 4068 a
1347 4028 1377 4070 se

177 4104 327 4173 pellentem
340 4110 368 4158 et
380 4105 454 4158 iliam
467 4105 586 4172 amplius
596 4106 781 4171 infestantem,
795 4109 926 4163 continuo
938 4109 1076 4163 sublatum
1100 4111 1134 4163 ab
1153 4111 1241 4164 oculis
1253 4112 1375 4179 ipsorum

177 4201 310 4255 raculum
326 4215 395 4268 :per
414 4203 559 4257 fenestram
580 4217 635 4271 qua
656 4205 779 4272 ingressa
801 4206 899 4272 iuerat,
921 4207 1050 4260 velociter
1072 4207 1199 4262 columba
1221 4209 1279 4276 ipsa
1296 4211 1375 4276 spiri·

177 4302 228 4356 riis
241 4314 365 4369 regressa
377 4307 426 4355 est.

177 4405 207 4456 5.
223 4401 328 4456 Deinde
342 4415 437 4456 rumor
457 4416 517 4457 esse
539 4405 638 4471 coepit·
652 4405 680 4458 in
701 4404 812 4472 populo,
830 4406 1064 4471 perscrutantibus
1085 4407 1221 4472 episcopis
1242 4407 1305 4474 quis
1328 4407 1374 4460 iile

177 4507 225 4557 tet.
241 4501 281 4554 dl)
292 4501 430 4568 aliquibus
442 4501 544 4557 dictum
559 4509 600 4556 est
611 4504 686 4570 quod
699 4518 782 4571 super
797 4511 877 4570 caput
889 4505 990 4557 ostiarii
1005 4517 1065 4557 eam
1078 4506 1219 4559 sedentem
1232 4506 1373 4560 vidissent.

177 4600 248 4656 inde
260 4606 453 4657 convertentes
466 4616 496 4657 se
508 4603 665 4659 sacerdotes
687 4603 722 4658 ad
745 4604 882 4672 altarium,
901 4606 981 4674 proni
995 4604 1023 4658 in
1046 4610 1149 4660 terram
1170 4617 1233 4659 cum
1253 4605 1372 4662 lacrimis
