3278 5482
254 120 348 170 eren.
365 119 447 169 ner.
467 119 648 170 rmus-
663 120 817 170 manno.
838 119 886 168 nu
902 119 980 169 coo.
999 118 1074 169 5317.
1216 104 1280 172 139

10 287 33 323 ²²
96 287 163 355 puen's,
172 288 272 342 concito
283 302 366 341 cursu
378 288 540 342 subsecutus
551 292 580 341 et
591 293 757 341 consecutus
774 292 817 341 est
829 301 876 342 eos
888 304 894 340 :
907 288 1024 341 necdum
1036 288 1111 341 enim
1125 290 1205 358 longe
1218 303 1279 357 pro·

10 384 36 421 ³-
95 394 199 442 uscnnt.
212 390 283 453 Quos
294 401 358 442 cum
369 388 491 450 vidisset,
504 388 630 442 clamavit
643 394 704 454 post
717 402 773 453 eos,
784 387 880 441 diceus
901 402 908 439 :
928 387 995 453 Eia,
1008 388 1181 456 paulisper
1188 401 1283 458 prae·

27 496 36 519 ÷
95 487 214 541 sturnini
231 500 299 551 nos,
316 485 448 556 fratres.
461 488 510 553 Qui
532 488 710 554 respicientes
727 493 754 540 et
768 486 892 541 videntes
904 500 966 540 eum
981 494 1183 554 properantem,
1205 488 1283 541 dixe·

10 583 26 619 ³
94 587 226 642 munlicce
245 585 334 642 bomo
353 600 426 642 curn
446 586 589 641 canibus.
612 587 829 640 sustineamus
843 600 924 653 cunc,
939 588 968 640 et
979 587 1010 639 si
1021 585 1097 654 qnid
1109 587 1284 641 venationis

10 685 27 721 '··
72 683 349 740 tntuciueamus.
367 686 540 753 appropians
557 692 649 739 autem
668 686 701 739 ad
722 686 785 739 ilios
804 700 872 752 puer
890 685 1037 740 Eusicius:
1058 686 1203 754 Valentis,
1216 685 1284 754 fra·

10 782 30 817 ³·
94 786 141 837 trn.
149 785 235 839 Pater
246 784 298 841 bic
307 787 415 840 noster
425 787 480 854 est,
493 788 524 838 et
543 783 619 839 baec
631 787 677 838 est
689 789 792 838 muter
804 787 923 839 nostru.
936 785 1050 839 Solvite
1059 785 1133 838 ilios
1144 787 1174 838 et
1182 784 1283 839 diucit-

10 880 37 927 ²1—
93 882 136 951 tite,
150 897 182 938 ne
195 898 215 938 o
234 883 316 954 feris
333 885 405 939 istis
425 885 641 939 dilaniemini.
657 887 732 939 tinus
754 892 845 939 autem
866 898 973 949 eorum,
991 890 1084 952 spreto
1106 886 1190 939 serbo
1214 887 1283 953 ejus,
1363 889 1369 901 '

93 985 173 1038 tetendit
182 999 273 1040 arcum
286 993 313 1040 et
324 987 417 1040 emisit
428 988 563 1055 sagittam,
576 991 607 1040 ut
619 988 787 1041 interficeret
798 1001 884 1040 unum
897 987 932 1041 de
949 987 1047 1041 catulis
1060 987 1178 1054 quicum
1192 991 1279 1040 matre

92 1096 173 1148 merum
190 1092 314 1139 sanctum
335 1088 474 1141 Dusicium
495 1087 692 1154 sequebantur.
716 1090 789 1152 Quae
808 1088 898 1140 statim
911 1088 1048 1153 resiliens,
1062 1088 1087 1139 ci
1100 1100 1115 1140 a
1128 1099 1183 1154 quo
1196 1086 1279 1139 missa

10 1167 37 1213 2:
62 1178 152 1236 nuent
160 1185 233 1239 letale
245 1186 346 1241 vuinus
358 1186 465 1241 indixit.
479 1187 555 1252 Quod
568 1186 694 1240 ridentes
706 1188 802 1253 ceteri,
816 1193 843 1240 et
861 1194 936 1240 metu
949 1187 1043 1241 divino
1061 1187 1210 1254 perterriti,
1224 1198 1285 1253 pro·

10 1276 38 1311 ³³·
91 1284 208 1339 sementes
216 1299 246 1339 se
255 1285 291 1339 ad
304 1285 389 1353 pedes
399 1286 471 1340 beati
482 1287 591 1351 Eusicii,
603 1287 758 1340 clamabant
769 1286 893 1339 dicentes
904 1306 909 1336 ι
919 1286 1068 1340 Miserere
1079 1285 1191 1354 nostri,
1200 1298 1285 1353 puer

11 1375 38 1409 ²²
54 1390 58 1395 '
90 1386 173 1452 unu,
183 1386 257 1453 quia
264 1387 509 1454 peccavimusin
523 1389 560 1440 te.
574 1387 677 1451 Quibus
691 1386 831 1454 respondit
840 1390 952 1439 sanctus
962 1386 1087 1439 Eusieius
1100 1401 1107 1438 :
1120 1386 1290 1458 Indulueut,

14 1474 29 1523 τ’
91 1480 157 1548 nib,
164 1483 289 1553 fratres,
299 1485 451 1541 Dominus
464 1488 570 1539 noster
580 1486 672 1539 Jesus
692 1485 842 1539 Christus.
863 1486 909 1538 Ite
923 1485 958 1539 in
970 1485 1054 1540 oium
1066 1487 1203 1539 vestrum
1215 1497 1284 1539 cum

10 1574 27 1607 '·'·
88 1584 181 1647 ruunt
190 1583 270 1650 qnod
282 1582 366 1638 vobis
375 1583 449 1651 fleri
457 1583 635 1650 nonnuliis,
646 1583 708 1636 alii
717 1583 861 1650 deinceps
870 1596 931 1637 non
940 1582 1079 1653 faciatis.
1094 1583 1169 1636 Alius
1181 1587 1283 1650 autem,

62 1670 238 1749 ssdusrgittam
259 1688 357 1736 contra
376 1683 428 1736 viri
450 1682 496 1735 Dei
517 1688 694 1749 praeceptum
714 1688 843 1745 traxerat,
863 1683 897 1736 ab
910 1681 1006 1736 eadem
1019 1683 1125 1751 sagitta,
1139 1688 1170 1735 ut
1181 1681 1285 1734 dictum

57 1848 61 1853 Ι
93 1779 234 1845 ntieubter
245 1796 404 1849 percussus,
417 1782 447 1835 in
460 1788 559 1836 terram
568 1783 677 1849 jacebat
689 1783 723 1836 de
735 1783 788 1836 vita
802 1782 972 1849 desperatus.
983 1785 1054 1837 Puer
1067 1784 1160 1849 itaque
1172 1789 1285 1835 sanctus

94 1875 190 1949 iusieius,
202 1896 361 1937 memorans
374 1883 441 1936 illud
454 1883 561 1937 Domini
575 1888 749 1949 praeceptum
763 1883 879 1936 dicentis
893 1899 901 1936 ι
924 1884 1018 1936 Orate
1024 1895 1086 1950 pro
1092 1894 1281 1950 persequen-

96 1975 461 2036 noncatumnsanuoos
472 1994 536 2046 vos,
557 1984 592 2035 ur
611 1983 683 2035 sun
695 1981 760 2051 pret
776 1982 886 2036 Parrn
905 1981 1067 2049 vestrique
1078 1982 1113 2034 or
1124 1962 1284 2048 caeluni,

10 2082 32 2155 ᾖ,
96 2075 219 2139 uinum
227 2094 324 2135 suum
335 2080 416 2148 fucit
428 2080 510 2136 oriri
523 2082 618 2148 super
637 2081 728 2135 bonos
740 2084 770 2135 et
790 2083 890 2135 mutos
903 2084 933 2134 ct
940 2081 1029 2149 pluit
1042 2082 1244 2148 superjustos
1255 2082 1286 2133 et

10 2176 18 2261 J
63 2164 196 2247 Ninnios,
208 2181 322 2233 accessit
333 2179 368 2233 ad
381 2180 530 2247 bominem,
544 2186 573 2233 et
592 2194 730 2248 exspuens
751 2193 834 2247 super
846 2179 946 2234 vulnus
964 2181 1024 2247 ejus
1036 2187 1064 2233 et
1077 2181 1185 2248 signum
1197 2180 1287 2233 crucis

10 2264 22 2349 '-
95 2268 175 2339 bdtns,
185 2279 296 2346 ferrum,
309 2279 384 2346 quod
406 2281 479 2332 intus
491 2279 601 2346 latebat,
614 2280 643 2332 in
663 2280 775 2333 nomine
789 2264 895 2334 Domini
908 2281 1052 2333 revocavit.
1068 2280 1249 2345 indicensque
1261 2279 1287 2330 ei

10 2372 21 2447 J
93 2375 251 2434 neniunuam
264 2391 348 2447 quam
369 2392 451 2448 agere
473 2379 597 2444 deberet,
619 2385 696 2446 parte
711 2380 816 2433 nostiae
834 2379 960 2433 salutaris
972 2392 1054 2447 quam
1066 2393 1158 2433 secum
1171 2379 1290 2433 babebat

91 2480 272 2534 communicarit
281 2493 356 2534 eum.
367 2480 400 2533 ut
411 2480 481 2534 dans
493 2481 519 2535 ei
532 2494 655 2547 manum,
665 2481 753 2535 erexit
765 2483 842 2535 illum
856 2488 883 2535 ot
895 2482 1027 2549 pristinae
1039 2476 1146 2534 sanitati
1160 2481 1287 2534 restituit.

89 2569 205 2633 Quintius
215 2585 241 2633 et
253 2580 401 2634 incolumis
414 2581 512 2649 iactus,
526 2583 580 2635 Deo
600 2582 701 2650 gratias
713 2595 806 2652 agens,
820 2584 906 2636 sancti
920 2583 998 2650 pueri
1011 2583 1101 2635 socius
1115 2580 1230 2635 effectus
1242 2584 1283 2634 cst

28 2706 36 2717 .
48 2666 75 2723 fl
86 2674 263 2743 exequebatur
274 2693 349 2733 eum.
362 2681 395 2733 ut
405 2680 513 2734 reversi
531 2686 597 2734 sunt
616 2681 719 2746 pariter
738 2695 801 2735 cum
814 2687 890 2748 patre
902 2686 929 2735 et
939 2687 1024 2735 matre
1036 2681 1123 2734 sancti
1136 2679 1236 2733 Eusicii
1249 2678 1283 2731 nd

83 2783 172 2839 pueros,
184 2790 251 2844 quos
263 2778 338 2832 idem
349 2779 391 2831 vir
402 2780 449 2832 Dei
462 2780 612 2846 reliquerat
623 2793 686 2832 cum
699 2780 820 2834 latrones
833 2782 1034 2848 insequeretur.
1049 2783 1125 2834 Tunc
1137 2780 1212 2846 lupa,
1227 2792 1288 2845 pro·

10 2918 17 2957 ·.
79 2871 192 2927 summus
202 2881 265 2929 ante
277 2876 365 2942 pedes
377 2877 426 2930 viri
440 2879 497 2943 Dei,
511 2878 590 2945 quasi
611 2878 832 2933 benedictionem
847 2893 896 2944 pro
915 2880 1048 2946 obsequio
1060 2892 1111 2933 suo
1124 2877 1287 2944 postulabat,

10 2972 21 3029 't
76 2976 100 3022 ut
109 2985 163 3025 eam
175 2973 330 3029 dimitteret.
349 2976 425 3040 Quod
436 2977 478 3030 vir
489 2983 603 3030 sauctus
616 2977 788 3046 intellegens,
802 2979 899 3031 annuit
911 2979 935 3031 ci
949 2991 1032 3032 manu
1045 2984 1074 3030 ut
1087 2977 1227 3031 recederet
1245 2977 1285 3029 lu·

10 3038 23 3117 ,ι
71 3073 171 3137 straque
182 3072 314 3127 silvarum
332 3087 443 3127 suarum
465 3080 580 3141 peteret,
594 3076 744 3142 prohibens
767 3090 827 3129 eam
840 3091 875 3129 ne
888 3078 922 3130 de
936 3083 1026 3130 cetero
1039 3089 1135 3129 carnes
1152 3076 1288 3128 humanas

21 3168 53 3223 ib
66 3170 192 3239 attingere
204 3179 401 3238 praesumeret.
421 3176 493 3238 Quae
511 3174 640 3228 recedere
659 3176 779 3239 nolebat,
793 3174 880 3227 donec
893 3176 934 3227 vir
947 3175 1002 3239 Dei,
1017 3175 1094 3241 signo
1107 3173 1202 3226 salutis
1214 3171 1288 3226 edito

61 3274 152 3321 oontm
163 3282 234 3338 eam,
248 3271 368 3324 secundo
384 3272 460 3323 abire
474 3272 651 3338 praeciperet.
666 3274 722 3335 Quo
737 3273 815 3339 iacto,
830 3286 892 3325 cum
906 3272 1001 3324 catulis
1014 3272 1070 3324 suis
1080 3271 1142 3336 lupa
1153 3271 1288 3325 discessit.

89 3368 141 3421 12.
154 3370 202 3421 ilis
213 3369 249 3422 ita
263 3369 386 3436 patratis,
397 3372 454 3436 jam
466 3385 554 3437 paene
565 3371 695 3424 alimenta
707 3372 867 3424 deiecerant
876 3372 1022 3425 comitibus
1037 3372 1122 3423 saneti
1136 3370 1247 3430 Eusicii‚
1260 3377 1286 3424 et

55 3482 111 3522 non
125 3468 267 3522 habebant
279 3470 330 3521 nisi
345 3470 487 3535 paululum
501 3471 604 3522 farinae
619 3470 788 3523 hordeaceae
801 3476 934 3537 quantum
947 3471 992 3523 vix
1004 3484 1053 3535 per
1066 3476 1122 3522 tres
1138 3468 1198 3523 dies
1211 3476 1284 3535 potc-

55 3574 96 3622 rat
108 3569 151 3621 eis
163 3567 298 3621 subicere.
325 3571 443 3638 ingressi
463 3583 529 3623 uero
547 3571 603 3636 jam
624 3571 731 3623 fuerant
743 3572 941 3623 Lemovicense
954 3569 1132 3630 territorium,
1146 3575 1288 3634 sperantes

54 3668 160 3721 ibidem
173 3666 258 3721 victui
282 3681 332 3721 suo
353 3669 505 3722 necessaria
527 3668 628 3736 largius
649 3670 782 3722 invenire.
805 3672 951 3720 utcontra
972 3668 1136 3722 dominatrix
1149 3668 1233 3720 sames
1250 3668 1287 3720 ibi

53 3767 144 3834 magis
156 3766 310 3820 invaluerat
322 3774 350 3819 et
362 3767 465 3821 iecerat
477 3769 560 3821 urbes
573 3781 684 3835 magnas
702 3769 838 3821 desolatas
859 3775 887 3821 ot
908 3767 968 3820 sine
990 3768 1141 3820 habitatore
1153 3772 1180 3819 et
1193 3769 1288 3821 domos

50 3869 201 3920 universas
212 3866 274 3918 sine
286 3867 397 3919 bomine
408 3883 416 3931 ;
429 3867 477 3920 sed
491 3872 519 3919 et
532 3881 581 3933 per
593 3868 667 3920 vicos
679 3872 706 3919 et
719 3868 822 3934 plateas
829 3867 957 3933 jacebant
969 3866 1101 3919 cadavera
1115 3872 1285 3919 mortuorum

50 3977 124 4033 quos
137 3963 226 4016 fames
239 3963 349 4017 inimica
361 3969 524 4031 peremerat.
541 3967 594 4019 itae
606 3966 641 4018 de
654 3979 683 4018 re
697 3978 752 4018 non
764 3966 903 4018 modicum
916 3965 1014 4017 anxius
1028 3971 1103 4031 pater
1111 3965 1198 4016 saneti
1211 3965 1286 4017 Eusi-

49 4065 85 4119 cii
100 4063 179 4117 etde
192 4044 429 4130 suasuorumque'
443 4064 530 4117 salute
547 4065 687 4130 sollicitus,
707 4066 735 4116 in
754 4065 855 4118 Galliae
874 4070 963 4130 partes
981 4064 1112 4130 repedare
1124 4064 1286 4130 quantocius

10 4167 32 4220 D
48 4164 232 4232 properabat.
248 4163 382 4217 Didicerat
393 4165 467 4218 enim
480 4179 495 4217 a
509 4164 633 4230 pluribus
658 4165 731 4231 quod
753 4165 805 4216 illis
827 4165 854 4215 in
876 4165 942 4216 iocis
965 4170 992 4216 et
1005 4165 1091 4230 major
1104 4169 1174 4216 asset
1189 4165 1288 4216 victua·

49 4265 121 4318 ilum
134 4263 217 4328 copia
231 4267 257 4316 et
270 4264 417 4317 ferventior
428 4266 526 4318 caritas
548 4265 770 4324 inhabitantium,
792 4270 820 4316 et
839 4265 913 4331 quod
934 4264 1120 4332 indigentibus
1133 4264 1286 4316 necessaria

49 4365 158 4433 largius
170 4368 327 4431 erogarent.
348 4363 486 4418 Desiderio
511 4363 592 4432 igitur
615 4363 750 4418 euadendi
765 4363 843 4416 tamis
866 4363 1018 4429 periculum
1042 4376 1113 4431 quae
1134 4375 1182 4416 eos
1206 4360 1286 4415 valde
