3316 5482
323 115 417 166 amn.
436 114 519 166 nar.
539 114 657 166 rents.
676 135 722 145 —
737 114 893 166 anenno.
912 114 960 163 nn
977 114 1056 164 con.
1075 112 1152 162 sear.
1289 95 1356 162 287

122 285 234 348 labuil;
248 285 348 354 ingens
357 286 438 339 etiam
449 285 595 340 multitudo
605 299 690 342 causa
702 286 844 341 licimundi
857 286 929 340 ultro
939 284 1024 339 affuit.
1035 288 1112 339 Tunc
1121 285 1251 348 soliman,
1262 283 1355 338 audita

123 383 269 439 laimunnl
282 395 345 437 cum
358 383 543 439 lianismanno
553 384 803 451 confoederatione,
815 385 871 439 suis
884 384 990 438 virilius
1003 383 1137 450 diffidere,
1150 382 1184 437 ad
1198 382 1354 437 condictum

123 480 213 535 iocum
225 481 356 550 progredi
377 495 433 536 non
445 482 558 548 audere,
572 483 746 551 tergiversari
767 482 901 550 undique,
915 483 983 536 nihil
1004 483 1069 536 satis
1087 480 1196 535 iirmum
1219 481 1353 534 invenire.

123 580 235 635 llostiiis
247 581 394 648 trepidatio
407 586 516 635 nostros
536 582 623 650 magis
634 582 769 636 animatos
789 581 889 648 reddit,
901 580 970 635 adeo
982 585 1013 635 ut
1029 581 1063 635 ad
1085 580 1240 635 condictum
1261 580 1354 633 locum

93 683 109 736 i
122 693 301 748 nequaquam
313 681 416 734 diutius
429 686 615 748 expectarent,
627 681 675 735 sed
688 682 763 735 uitro
777 681 899 735 nostibus
910 686 1096 747 occurrerent,
1109 680 1357 734 retrocedentibus

98 823 100 826 -
120 781 267 838 instarent.
280 785 490 852 pugnatumque
501 788 543 838 est
564 798 598 839 ex
611 789 704 839 nostra
717 790 793 851 parte
814 784 930 838 feliciter
941 786 1030 839 trihus
1042 784 1183 838 continuis
1194 783 1336 837 mensibus
1347 800 1355 850 ;

120 883 278 951 auxilioque
290 883 435 938 Boimundi
455 885 602 939 danisman
619 885 654 939 de
667 899 751 954 regno
772 885 894 940 soliman
907 890 1024 953 quatuor
1041 885 1121 939 dietis
1133 897 1211 938 suam
1229 883 1354 938 dilatavit

122 981 287 1050 ponnuam.

10 1136 12 1143 ,
358 1082 408 1136 19.
427 1082 574 1137 Boimnndi
586 1084 705 1153 signum,
717 1085 836 1139 llaronis
848 1084 969 1138 carmine
981 1085 1093 1153 dignum

10 1172 23 1261 [-
78 1181 109 1234 lli
394 1183 508 1237 Praesul
520 1185 700 1238 Galaramnus
712 1185 883 1252 transcripsit
895 1183 974 1252 inops
987 1185 1166 1238 alamannus.

21 1264 26 1271 ’
391 1282 606 1351 nobiliacenses,
617 1283 748 1339 divinitus
761 1285 823 1353 igne
835 1285 966 1352 calentes,

389 1387 482 1439 vatem
495 1386 607 1454 pavistis
618 1390 646 1441 el
656 1388 817 1442 vestimenta
831 1388 954 1442 dedistis.

392 1485 433 1538 Sil
443 1485 520 1540 volsis
531 1499 638 1541 merces
649 1488 696 1555 qui
709 1501 800 1556 pugno
812 1493 911 1543 cuncta
922 1488 1066 1555 coerces'3

388 1588 443 1640 Nec
455 1586 508 1652 leo,
518 1587 567 1641 sed
578 1587 691 1653 nardus,
705 1588 772 1641 milri
784 1591 874 1642 vester
885 1588 922 1641 sit
933 1588 1101 1642 leonardus.

319 1673 322 1679 ’
392 1686 453 1753 lpse
464 1685 614 1754 leoninam,
627 1688 749 1751 Guilret,
765 1689 794 1741 in
806 1688 961 1743 teconcitet
971 1687 1050 1742 iram.

711 1891 780 1951 111.

156 2081 331 2138 Praeterea
347 2081 464 2138 aoetdii
475 2082 568 2138 aliud
580 2083 704 2151 quom...
716 2083 857 2153 (llrleilot,
871 2098 899 2150 p.
912 2084 1045 2148 lat-300.)

712 2290 774 2349 1v.

160 2479 375 2552 inprootacia
387 2481 594 2538 80aean
606 2481 695 2550 (inid,
708 2496 736 2550 p.
749 2482 848 2546 ooo-l.)

727 2686 770 2744 V.

164 2876 241 2932 istud
252 2889 318 2933 vero
330 2889 387 2933 non
400 2881 473 2932 retro
484 2878 655 2933 remittamus
675 2876 849 2944 miraculum,
863 2879 937 2945 quod
955 2881 1084 2944 operatus
1102 2882 1144 2932 est
1161 2878 1293 2934 lominus
1310 2891 1360 2946 per

127 2975 256 3044 ejusdem
273 2977 431 3032 venerabile
450 2978 616 3032 confessoris
636 2977 678 3032 sui
698 2977 833 3033 leonardi
855 2978 993 3045 meritum,
1013 2978 1156 3045 cujusdam
1177 2978 1270 3031 militis
1286 2979 1358 3046 capti

128 3075 278 3130 lictanensi
290 3075 431 3142 provincia
442 3081 470 3129 et
480 3077 598 3145 grauiter
611 3077 674 3131 nexi
686 3077 842 3145 alligatione
854 3078 954 3145 ferrea,
966 3078 1137 3144 nimiumque
1149 3076 1286 3146 adgravati
1299 3081 1374 3131 one·'

129 3175 171 3227 ris
183 3175 251 3228 tanti
262 3175 531 3244 poenagravissima.
544 3175 583 3229 ad
602 3189 683 3243 quern
701 3176 783 3245 igitur
800 3176 951 3231 adveniens
968 3177 1068 3230 athleta
1087 3177 1184 3229 Christi
1203 3175 1363 3230 leonardus

68 3277 113 3331 25
128 3275 211 3330 tertia
230 3275 400 3330 leriamedio
420 3277 517 3344 noctis,
530 3276 667 3344 pollicitus
688 3282 731 3330 est
743 3278 768 3330 ei
789 3276 969 3331 liberaturum
992 3278 1068 3330 illum
1090 3282 1171 3331 nocte
1196 3277 1364 3331 imminentis

130 3374 237 3429 salomi
257 3389 273 3429 a
295 3377 362 3430 tanti
383 3376 489 3431 doloris
507 3390 595 3444 poena
612 3377 778 3431 saevissima.
793 3378 958 3431 imminente
976 3390 1041 3431 vero
1060 3381 1140 3432 nocte
1158 3376 1285 3446 pollicita,
1299 3382 1364 3431 ante

130 3474 272 3542 pullorum
284 3480 381 3530 cantus
398 3475 510 3530 advenit
527 3475 684 3542 supradicto
706 3476 785 3529 militi
804 3481 915 3530 sanctus
932 3477 1006 3530 idem
1027 3476 1196 3542 leonardus,
1210 3475 1364 3530 admonens

130 3586 197 3628 eum
209 3575 293 3641 pedes
304 3575 446 3628 extrahere
466 3587 482 3628 a
502 3573 693 3629 crudelissima
711 3575 867 3641 arreptione
884 3573 1065 3628 intolerabilis
1086 3580 1208 3627 catenae.
1222 3577 1283 3640 lpse
1303 3573 1363 3641 qui·

131 3673 195 3727 dem
208 3672 405 3741 adiussionem
417 3674 503 3740 ipsius
522 3674 585 3728 ilico
606 3676 724 3728 surrexit
736 3679 763 3728 et
781 3679 876 3727 catena
896 3686 950 3741 qua
968 3687 1055 3727 nexus
1067 3678 1127 3727 erat
1138 3673 1191 3727 cito
1208 3672 1361 3740 prosilivit3

78 3774 117 3827 ³0
133 3773 184 3827 sed
205 3773 327 3829 maximo
353 3774 436 3840 lerro,
454 3773 502 3841 qui
522 3773 626 3827 solidus
643 3778 710 3841 erat,
727 3775 787 3826 sine
803 3778 900 3827 catena
917 3775 1042 3841 utrisque
1063 3774 1190 3826 cruribus
1211 3785 1309 3839 nexus,
1328 3785 1362 3825 ex

130 3850 270 3940 uno'pede
288 3873 403 3926 minime
424 3874 518 3928 evasit.
537 3872 577 3926 ld
596 3875 745 3927 tumultum
766 3879 858 3927 autem
878 3874 1031 3928 corruentis
1051 3879 1163 3927 catenae
1184 3877 1362 3925 surrexerunt

130 3971 268 4040 emundes,
282 3973 329 4039 qni
351 3984 447 4025 somno
468 3973 570 4037 arrepti
589 3971 708 4035 lucrant,
721 3977 748 4024 et
768 3971 954 4025 accendemnt
972 3972 1163 4039 unusquisque
1181 3971 1318 4035 lucernas,
1331 3975 1362 4024 ut

129 4071 259 4126 viderent
269 4072 407 4139 quomodo
419 4084 448 4125 se
458 4071 581 4138 captivus
591 4071 713 4136 liaberet,
727 4072 773 4137 qui
783 4072 891 4137 jacebat
903 4072 932 4123 in
944 4070 1126 4138 impassibiles
1138 4071 1274 4125 tenebras.
1285 4072 1364 4122 cum·

131 4184 188 4240 que
199 4171 283 4240 igitur
295 4170 473 4225 advenissent
483 4176 548 4224 ante
569 4170 681 4224 eumad
701 4169 871 4223 cernendum
892 4171 950 4238 ejus
970 4184 1060 4238 crura,
1075 4171 1197 4224 omnimo
1214 4171 1362 4224 exstinctus

76 4275 112 4327 ³5
127 4276 171 4327 esi
191 4271 273 4338 ignis,
295 4276 435 4325 annuente
458 4272 522 4336 lieo,
544 4270 574 4323 in
596 4270 677 4323 domo
698 4274 771 4336 tota3
791 4273 817 4323 et
837 4270 939 4322 reversi
960 4275 1025 4322 sunt
1041 4270 1232 4336 unusquisque
1249 4273 1362 4335 propter

127 4383 259 4426 somnum
272 4369 306 4423 ad
327 4370 436 4436 propria
456 4370 576 4423 iactuum
596 4369 666 4423 loca.
679 4369 754 4423 Talia
766 4369 877 4436 quidem
888 4373 1019 4435 operante
1031 4371 1085 4422 lieo
1103 4372 1130 4421 et
1146 4367 1288 4422 leonardo
1306 4380 1356 4421 suo
