3316 5482
217 327 286 396 468
560 342 687 392 curan
707 342 809 392 cono.
829 340 1004 391 usercen.
1026 340 1105 392 nur.

213 511 622 577 5511155111556515511,ῐ51155
642 510 866 579 portugallorum,
888 510 969 564 tellus
989 512 1173 565 Serranorum
1195 511 1228 577 11,
1249 512 1332 566 tellus
1353 513 1438 567 lardo

213 629 274 668 rum
288 614 320 680 11,
334 613 414 667 tellus
427 611 654 675 castellanorum,
666 610 747 663 tellus
759 613 925 675 Maurorum,
937 610 1019 663 tellus
1030 612 1198 666 tiaratorum
1212 610 1246 680 11,
1260 612 1345 667 telius
1362 614 1442 668 llata-

213 714 374 780 rum,tellus
387 712 564 778 biscaiorum,
573 710 653 764 tellus
667 710 822 764 basclorum
836 709 869 777 11,
878 709 1015 776 tellusque
1029 709 1208 779 Palangorum
1222 710 1258 777 11,
1266 712 1360 766 liaroli
1370 712 1442 781 impc-

212 812 262 865 riis
281 811 439 864 inflectitur.
452 812 553 864 omnes
575 809 710 876 praelatas
732 808 817 862 urbes
830 807 963 875 quasdam
975 809 1080 863 scilicet
1091 810 1152 864 sine
1166 809 1188 836 11
1202 825 1307 880 pugna,
1321 813 1455 881 quasdam

212 924 275 964 cum
287 923 386 979 magno
398 909 469 963 bello
482 914 509 962 et
521 909 638 962 maxima
651 912 710 962 arte
722 907 837 961 liarolus
848 914 912 961 tunc
925 906 947 933 11
960 909 1113 975 acquisivit,
1121 914 1229 976 praeter
1239 911 1391 976 praefatam
1400 912 1468 966 lui

212 1022 333 1075 cernam,
342 1008 439 1061 urbem
452 1008 663 1060 munitissimam
677 1006 699 1032 11
712 1019 783 1073 quae
795 1012 837 1060 est
849 1007 877 1058 in
890 1006 960 1061 valle
971 1006 1052 1059 uiridi
1066 1005 1098 1072 11,
1106 1020 1190 1075 quam
1203 1021 1307 1076 capere
1316 1009 1404 1065 donec
1414 1008 1446 1064 ad

211 1108 338 1162 ultimum
357 1107 490 1174 nequivit.
504 1107 653 1160 Novissime
665 1119 730 1160 uero
742 1106 819 1159 venit
831 1107 865 1159 ad
877 1119 938 1159 eam
951 1112 979 1160 et
990 1107 1097 1160 obsedit
1109 1121 1170 1161 eam
1183 1113 1212 1163 et
1223 1110 1298 1163 sedit
1308 1110 1382 1165 circa
1393 1123 1447 1164 eam

213 1212 331 1277 quatuor
343 1209 480 1262 mensium
498 1206 603 1274 spatio,
617 1211 645 1260 ct
663 1206 732 1260 iacta
749 1220 831 1273 prece
850 1210 904 1261 beo
922 1212 949 1260 et
967 1213 1061 1261 sancto
1077 1208 1188 1273 tacobo,
1201 1210 1366 1264 ceciderunt
1382 1211 1449 1264 muri

216 1310 277 1375 ejus
287 1312 364 1361 etesi
377 1307 562 1361 inhabitabilis
572 1305 595 1332 11
607 1319 696 1372 usque
708 1307 742 1360 ad
755 1306 920 1361 hodiernum
933 1307 1016 1361 diem.
1028 1307 1142 1373 Quidam
1155 1309 1231 1363 enim
1241 1323 1344 1379 gurges
1356 1310 1450 1364 atrian-

212 1407 256 1461 nis
268 1408 297 1460 in
309 1407 399 1461 medio
410 1409 469 1474 ejus
481 1407 607 1473 surrexit,
620 1408 650 1459 ln
659 1419 714 1474 quo
726 1406 816 1473 magni
829 1406 918 1472 pisces
930 1407 1000 1474 nigri
1013 1407 1034 1433 11
1048 1407 1197 1462 habentur.
1207 1408 1347 1473 Quasdam
1360 1414 1449 1464 tamen
1464 1409 1488 1461 lb

213 1519 248 1559 ex
268 1506 397 1574 praetatis
412 1506 527 1560 urbibus
547 1506 594 1558 alii
616 1518 693 1573 reges
714 1504 782 1558 Galli
803 1509 831 1557 et
848 1505 1027 1571 imperatores
1048 1506 1209 1560 Theutonici
1235 1513 1302 1561 ante
1324 1507 1450 1562 liarolum

213 1609 339 1675 ltagnum
360 1606 557 1673 acquisierunt,
571 1618 641 1673 quae
663 1609 757 1671 postea
774 1604 810 1657 ad
828 1604 909 1657 ritum
928 1617 1097 1673 paganorum
1115 1617 1265 1662 conversae
1277 1614 1345 1663 sunt
1364 1621 1451 1677 usque

212 1703 247 1757 ad
259 1705 319 1770 ejus
330 1704 479 1757 adventum
492 1721 499 1770 ;
512 1708 612 1770 etpost
624 1704 684 1769 ejus
697 1715 793 1756 necem
805 1701 827 1729 11
841 1702 920 1756 multi
933 1716 1012 1772 reges
1024 1708 1053 1757 et
1064 1705 1202 1773 principes
1216 1706 1246 1759 in
1257 1709 1379 1775 l'spania
1392 1709 1451 1761 sar-

211 1815 324 1856 racenos
336 1809 568 1871 expugnaverunt.
581 1802 733 1857 elodoveus
753 1816 882 1868 namque,
895 1803 1000 1868 primus
1017 1817 1065 1857 rex
1084 1807 1252 1859 Francorum
1272 1805 1451 1861 christianus.

212 1902 375 1971 (liutharius,
390 1903 557 1971 dagobertus
569 1903 603 1969 11,
617 1903 758 1970 pippinus,
770 1904 885 1957 llarolus
902 1905 1045 1958 Marcellus
1057 1904 1091 1971 11,
1104 1906 1220 1960 ltarolus
1236 1906 1339 1961 calvus
1351 1907 1386 1973 11,
1399 1910 1452 1961 Lu·
1469 1907 1495 1960 15

212 2002 325 2056 doricus
337 2008 365 2055 et
376 2002 576 2055 ltarlomannus
594 2001 617 2027 11
630 2003 728 2068 partim
738 2003 883 2069 ispaniam
896 2002 1095 2070 acquisierunt,
1108 2004 1207 2070 partim
1219 2003 1388 2059 diviserunt.
1402 2006 1454 2059 sed

211 2102 256 2155 hic
268 2101 382 2156 llarolus
393 2104 504 2168 ltagnus
516 2100 539 2127 11
553 2104 636 2155 totam
650 2101 793 2166 ispaniam
807 2102 863 2155 suis
875 2103 1044 2168 temporibus
1064 2103 1116 2156 sibi
1133 2103 1300 2171 subjugavit.
1314 2106 1373 2158 llae
1392 2108 1456 2157 sunt

211 2201 295 2254 urbes
307 2214 376 2268 quas
388 2200 434 2253 ille
447 2204 591 2267 postquam
605 2201 678 2269 gravi
692 2201 785 2254 labore
797 2201 950 2268 acquisivit,
959 2202 1111 2269 maledixit,
1120 2206 1147 2256 et
1160 2201 1263 2256 idcirco
1276 2202 1342 2256 eine
1353 2202 1456 2256 hahita·

210 2305 270 2354 tore
279 2304 442 2366 permanent
451 2312 538 2366 usque
550 2298 585 2352 ad
599 2299 763 2353 hodiernum
775 2299 848 2354 diem
862 2316 869 2353 :
883 2303 1144 2369 lucerna,llentosa,
1154 2302 1275 2368 caparra
1288 2298 1326 2369 11,
1340 2302 1455 2357 adama.

370 2707 593 2801 ccclxvi.
627 2711 752 2800 (lodex
776 2713 968 2824 signabis
994 2739 1108 2804 num.
1130 2715 1258 2804 5562.

243 2918 312 2972 Olim
325 2919 505 2975 bibliothecae
526 2921 627 2975 ducum
647 2923 901 2991 ltediolanensium,
915 2924 1017 2980 deinde
1038 2927 1172 2980 blanchae
1185 2926 1221 2980 de
1239 2929 1385 2984 sabaudia
1396 2933 1455 2996 (iol.

210 3018 288 3087 212¹),
303 3024 397 3085 postea
410 3022 508 3088 Regius
520 3023 551 3074 h.
563 3024 620 3088 168,
635 3025 663 3075 Ρ.
678 3025 792 3091 15555.
807 3026 881 3079 7859.

243 3118 380 3172 Foliorum
392 3122 450 3185 212,
464 3121 531 3173 min.
549 3123 785 3190 (detraxerit),
800 3124 879 3177 lineis
892 3125 992 3192 plenis,
1006 3130 1132 3179 exaratus
1143 3138 1216 3181 saec.
1230 3130 1295 3182 illv.

307 3216 501 3318 [iliracula
519 3219 560 3295 B.
582 3220 624 3297 V.
646 3222 797 3324 Mariae]
815 3223 891 3323 (fol.
915 3224 1052 3327 11-311).

354 3661 957 3777 accumulatissimas
991 3693 1103 3756 uum.
1141 3668 1267 3761 5563.

241 3868 311 3921 olim
323 3870 449 3923 coenobii
469 3873 559 3925 Sancti
581 3874 740 3928 Theoderici
761 3878 904 3931 tiernensis
921 3878 981 3944 (iol.
995 3880 1040 3946 ir),
1053 3879 1153 3933 deinde
1172 3882 1350 3936 colbertinus
1366 3883 1437 3947 biii,

208 3973 301 4035 postea
314 3970 412 4038 liegius
426 3974 454 4024 C.
467 3975 570 4026 11115.

241 4069 377 4123 Foliorum
393 4072 448 4137 111,
463 4071 529 4124 min.
542 4073 747 4143 (halembail),
761 4076 841 4130 lineis
855 4078 953 4145 plenis,
967 4084 1092 4134 exaratus
1104 4094 1176 4136 5555.
1189 4083 1233 4135 ltl.

207 4251 433 4306 -11115565155
452 4258 475 4308 1.
494 4284 527 4294 -
541 4255 559 4281 11
576 4258 788 4311 sarracenorum
812 4264 835 4313 1.
849 4291 880 4300 -
903 4261 924 4287 11
938 4266 968 4324 (t.
983 4263 1023 4327 P.)
1034 4276 1092 4316 om.
1106 4267 1131 4316 5.
1151 4293 1184 4303 -
1203 4265 1226 4291 11
1244 4268 1388 4320 llautorum
1410 4267 1428 4316 1.

206 4360 239 4369 -
252 4332 274 4357 11
288 4335 432 4387 Bascorum
453 4340 478 4388 5.
491 4366 525 4377 -
578 4344 760 4408 laraguorum
781 4343 804 4402 1,
824 4343 996 4399 Palarcorum
1015 4351 1040 4399 5.
1058 4374 1092 4385 -
1105 4346 1127 4372 11
1139 4361 1197 4401 ortt.
1211 4351 1236 4400 5.
1251 4377 1285 4387 -
1298 4352 1320 4379 11
1331 4349 1396 4401 rimo
1408 4348 1426 4399 1.

207 4427 265 4468 oio.
279 4419 304 4469 5.
319 4445 350 4454 -
362 4418 383 4443 11
394 4420 566 4475 mitissimam
580 4427 603 4476 1.
615 4453 644 4463 -
657 4426 678 4452 11
688 4428 725 4492 (q.
737 4441 762 4479 5.
775 4428 802 4479 in
814 4441 839 4480 t.
850 4434 886 4491 v.)
896 4442 954 4482 om.
965 4432 990 4483 5.
1001 4458 1033 4468 -
1043 4430 1066 4456 11
1077 4431 1234 4484 inhabitans
1248 4432 1343 4484 t.-··
1355 4432 1425 4483 viril.

206 4526 237 4535 -
251 4497 272 4523 11
287 4512 398 4552 necesse
413 4508 453 4554 est
467 4506 490 4556 1.
506 4532 537 4544 -
550 4505 753 4561 ”dodobertus
766 4514 791 4562 5.
806 4538 834 4548 -
847 4509 869 4536 11
881 4514 921 4577 (lt.
936 4514 980 4577 11.)
992 4526 1050 4566 om.
1064 4517 1089 4567 5.
1103 4513 1220 4578 -1“(11.
1234 4518 1276 4581 C.)
1287 4519 1316 4570 C.
1328 4519 1357 4568 li.
1369 4517 1389 4567 1.
1400 4535 1424 4547 ‘

208 4577 230 4604 11
244 4581 357 4634 ltarolus
368 4586 479 4651 Magnus
494 4590 517 4642 t.
528 4616 560 4628 -
573 4589 595 4616 11
607 4593 716 4657 (partim
731 4596 793 4659 l'sp.
808 4623 837 4632 —
849 4597 970 4663 Magnus)
982 4609 1041 4650 ont.
1055 4600 1080 4650 5.
1097 4598 1161 4635 -11
1175 4599 1278 4665 separa
1291 4602 1315 4652 5.
