3316 5482
313 344 409 394 aren.
427 343 511 394 uer.
529 341 648 391 rums.
668 359 712 370 -
727 339 880 390 arruns.
900 339 947 388 nu
964 337 1041 388 con.
1062 335 1138 386 5301.
1291 321 1331 385 31

91 517 319 584 rnntpereant
330 515 369 568 cle
380 516 466 566 terra
479 511 581 579 stipsi
591 509 648 578 qni
658 509 797 562 admont
808 519 868 562 eos.
881 510 957 560 Tunc
969 506 1116 572 imperator
1128 504 1165 556 ait
1177 502 1210 556 ad
1229 503 1334 569 episco-

96 632 165 685 pum
178 633 185 668 :
199 614 368 683 lnpreelere
378 615 408 666 et
418 610 568 680 sacrifiea
579 608 730 677 Apollini,
750 607 805 675 qni
821 605 956 660 continet
980 602 1163 657 universnm
1180 603 1334 656 mnndum

94 721 125 772 et
137 728 261 771 omnem
273 717 393 768 arram
403 712 494 780 repit.
503 715 579 765 Tunc
588 711 684 764 beatus
693 711 783 762 Sixtus
795 707 935 774 respondit
948 721 955 758 ε
970 706 1031 772 Epo
1042 705 1139 759 Deum
1148 704 1204 772 qni
1214 704 1338 758 caelum

98 819 129 870 et
140 818 264 869 temam
275 812 351 882 fecit
362 812 459 867 adoro
470 813 500 865 el
510 810 666 879 sacrifico.
678 807 856 875 Apollinem
867 818 958 874 onem
969 804 1060 873 dicis,
1068 805 1201 859 daemon
1211 805 1338 870 estnon

63 915 81 968 a
98 915 209 981 adoro,
223 913 277 967 sed
289 912 384 966 illnm
395 911 451 979 qni
460 911 573 977 repnat
586 907 729 962 incaelis
740 909 770 961 et
782 906 872 961 babet
878 907 1065 973 potestatem
1072 906 1254 972 peccatores
1266 903 1338 969 ipne

94 1015 251 1082 metuo
264 1010 446 1079 mancipari
456 1009 595 1076 etjnstos
606 1006 763 1063 coronari.
780 1009 857 1059 Tunc
869 1005 955 1059 iratus
967 1004 1064 1058 becius
1072 1004 1154 1072 iussit
1166 1016 1229 1057 eum
1251 1003 1336 1057 diver·

100 1115 139 1167 sis
151 1111 250 1180 poenis
263 1110 389 1166 cruciari.
402 1113 524 1177 cumque
536 1109 651 1162 vidisset
670 1121 739 1174 puer
758 1104 901 1160 Marcellus
922 1105 995 1158 varia
1017 1108 1216 1158 tormentorum
1236 1115 1337 1171 genera

101 1212 266 1278 episcopum
280 1209 424 1275 sustinere,
438 1209 513 1262 venit
524 1208 558 1261 ad
571 1208 681 1260 beatum
694 1205 870 1258 Laurentium
879 1203 1104 1258 archidiaconum
1115 1208 1142 1256 et
1153 1202 1192 1255 ait
1205 1201 1241 1255 ad
1254 1214 1335 1256 eum:

102 1309 234 1365 Domine
244 1308 291 1363 mi
301 1311 331 1363 et
337 1310 432 1376 pater
443 1304 721 1374 marciniacens
734 1304 843 1358 Status
854 1302 1026 1370 episcopus,
1033 1301 1223 1369 mapmteret
1233 1301 1340 1369 docmr

54 1411 87 1464 tt
102 1411 222 1476 nocta,
234 1410 337 1462 meua
349 1408 502 1462 tormenta
508 1404 636 1473 patitur
642 1416 705 1472 pro
720 1402 836 1458 Christi
854 1400 988 1457 nornine.
1009 1405 1086 1455 Tunc
1099 1405 1210 1455 sanctus
1222 1404 1339 1454 Lauren·

104 1509 171 1575 tius,
184 1507 367 1562 corroborans
384 1506 479 1560 aetatis
497 1506 557 1572 ejus
570 1503 725 1568 infantiam,
740 1503 778 1556 ait
795 1501 830 1555 ad
847 1515 929 1556 eum:
949 1501 1107 1568 Marcelle,
1124 1500 1248 1567 penitor
1264 1502 1339 1554 tuns

104 1607 206 1674 Epeos
216 1605 321 1661 nolnit
335 1603 492 1660 Christum
504 1603 639 1658 credere.
663 1602 746 1656 Nam
769 1604 867 1654 nater
887 1602 944 1654 tna
961 1599 1149 1667 Marcellino
1169 1601 1199 1654 et
1221 1598 1344 1667 semea

105 1705 157 1760 ini
165 1704 358 1759 Saturninus
369 1706 399 1758 et
416 1700 727 1772 Dionysinqjubenn
736 1703 846 1756 sancto
861 1700 1011 1756 cementa
1017 1712 1107 1768 papa
1117 1698 1209 1754 nrbia
1216 1698 1340 1767 Romae,

98 1803 251 1874 partibus
265 1804 457 1870 Galliarum,
470 1804 506 1855 nt
518 1803 561 1856 ad
577 1801 672 1871 pidem
684 1799 894 1854 christianam
914 1801 1019 1868 pentes
1037 1798 1209 1867 instruant,
1228 1798 1342 1852 directi

55 1907 88 1959 ta
103 1906 191 1959 annt.
210 1904 291 1958 Vade
303 1904 347 1958 acl
357 1916 417 1972 eoa,
430 1905 465 1957 nt
476 1913 658 1970 nonpereas
670 1901 705 1953 in
715 1899 862 1955 mannus
873 1899 997 1954 inimici
1008 1901 1103 1966 atque
1121 1898 1249 1954 diaboli.
1262 1902 1338 1952 Tunc

108 2002 207 2056 exiens
218 2009 327 2055 sanctus
338 2001 481 2055 Marcellus
492 1999 528 2054 de
540 2000 609 2054 urbe
622 2001 707 2054 Roma
719 2013 782 2053 cum
799 1999 940 2053 Anastasio
961 1998 1021 2053 tiro
1036 1998 1196 2065 cbristiano,
1216 1998 1342 2064 pervenit

108 2115 200 2170 usque
211 2100 246 2156 ad
257 2100 430 2170 Lugdunum.
444 2103 476 2154 st
496 2100 599 2155 audivit
620 2100 657 2153 ibi
675 2098 749 2167 quod
767 2099 931 2153 Aurelianus
943 2099 1092 2165 imperator
1103 2098 1342 2166 augustodunensi

108 2201 180 2255 urbe
192 2200 324 2254 resideret
335 2200 369 2254 ad
388 2200 606 2268 persecutionem
627 2198 849 2252 christianorum.
872 2198 993 2252 ilraclius
1015 2196 1071 2251 illis
1091 2179 1260 2264 temporibus
1282 2211 1343 2265 pro·

108 2300 208 2355 consul
219 2299 322 2353 ibidem
334 2299 437 2366 aderat,
450 2300 498 2367 qui
510 2298 643 2353 circuibat
654 2310 737 2352 omne
755 2297 901 2365 imperium
915 2297 1001 2365 ipsius
1013 2298 1048 2351 ad
1061 2296 1242 2365 requirendos
1250 2296 1340 2352 discu-

56 2401 92 2454 it
108 2399 276 2466 tiendosque
284 2399 458 2453 christianos.
469 2401 584 2453 sanctus
596 2411 660 2452 vero
671 2398 717 2451 bei
730 2397 881 2464 iiarcellus,
891 2397 1028 2464 proiectus
1037 2401 1068 2450 ut
1076 2398 1129 2451 iret
1137 2398 1184 2450 ubi
1194 2402 1253 2452 erat
1262 2398 1346 2452 irater

111 2512 180 2552 suus
191 2499 355 2552 saturninus
366 2498 652 2566 episcopus,pervenit
660 2510 749 2565 usque
759 2497 793 2550 ad
802 2497 1094 2566 argentoniacum,ubi
1104 2497 1225 2552 eraclius
1235 2511 1346 2565 praeses

113 2598 262 2652 residebat.
271 2597 367 2651 liulier
377 2603 470 2652 autem
482 2597 617 2665 quaedam
630 2597 747 2652 babebat
758 2597 845 2650 illium
856 2597 964 2650 circiter
973 2610 1109 2651 annorum
1117 2596 1210 2664 inum,
1223 2610 1345 2665 mecum,

113 2697 244 2751 claudum
256 2702 283 2751 et
293 2702 409 2751 mutum.
420 2700 534 2751 sanctus
547 2697 629 2765 igitur
638 2697 780 2751 biareellus
788 2697 903 2751 renisus
915 2696 949 2749 ad
958 2696 1105 2764 hospitium
1118 2696 1250 2764 mulieris,
1264 2696 1301 2751 ait
1312 2696 1348 2751 ad

115 2810 182 2851 eum
194 2797 310 2851 mulier:
323 2796 460 2866 Domina,
473 2794 562 2852 video
574 2795 609 2849 in
621 2798 650 2851 te
653 2835 704 2851 .....

63 3020 100 3074 25
299 3014 469 3063 urracam
493 3014 522 3063 s.
548 3015 684 3064 sunranr
708 2994 789 3083 (Cir.
810 3017 920 3082 supra,
939 3016 971 3082 p.
989 2993 1046 3076 25,
1070 2997 1149 3083 16⁰).

153 3194 181 3246 1,
195 3194 333 3246 iiactenus
352 3191 482 3244 miracula
494 3204 566 3258 quae
577 3192 680 3245 inserta
693 3196 758 3245 sunt
770 3192 816 3246 illo
829 3191 918 3245 adhuc
931 3193 1012 3260 hujus
1029 3194 1200 3247 mortalitatis
1220 3207 1351 3250 aerumna

118 3294 262 3348 laborante
273 3297 382 3358 peracta
394 3297 468 3346 sunt.
475 3293 537 3346 Post
549 3305 617 3346 vero
629 3292 664 3345 dc
677 3294 729 3347 boc
740 3294 850 3346 saeculo
863 3293 1053 3361 migrationem
1061 3294 1096 3348 ad
1108 3295 1214 3348 caelum
1227 3296 1349 3350 inserere

120 3393 258 3461 quaedam
270 3392 327 3444 visa
338 3396 412 3444 sunt,
424 3391 475 3443 Sed
488 3390 555 3458 quid
569 3391 685 3444 faciam?
698 3395 778 3461 Urget
799 3392 880 3460 buius
898 3393 988 3459 operis
1008 3393 1147 3460 implenda
1159 3395 1315 3461 promissio,
1328 3400 1355 3448 et

122 3503 220 3546 besua
232 3490 547 3558 prolixitatelegentibus
560 3490 698 3543 fastidium
719 3497 841 3560 generet,
864 3504 919 3545 non
942 3493 986 3545 bic
1005 3494 1097 3546 omnia
1116 3506 1224 3560 possum
1238 3507 1355 3548 comme

67 3597 105 3650 ab
122 3603 232 3646 morare
244 3603 315 3657 quae
327 3589 395 3643 scio.
408 3591 438 3641 st
450 3590 545 3654 procul
557 3589 640 3644 dubio
653 3590 777 3656 plerique
799 3595 954 3644 nostrorum
976 3605 1039 3644 cum
1057 3593 1125 3646 baec
1142 3592 1269 3662 legerint,
1282 3594 1355 3648 dole·

121 3690 192 3744 bunt
203 3701 247 3742 me
260 3686 476 3755 praetermisisse
488 3692 544 3740 tam
557 3688 641 3741 multa
655 3700 726 3755 quae
737 3689 832 3756 utique
845 3702 954 3743 mecum
968 3691 1076 3757 sciunt3
1087 3704 1157 3758 quos
1167 3693 1223 3758 jam
1238 3706 1313 3746 nunc
1325 3697 1355 3746 ut

121 3790 266 3856 &nosmet
277 3799 343 3854 rogo
355 3790 382 3840 et
393 3786 512 3854 cogitent
529 3798 611 3853 quam
624 3787 722 3852 prolixi
736 3788 837 3841 laboris
851 3790 886 3841 sit
897 3789 986 3842 iacere
997 3789 1071 3856 quod
1082 3803 1125 3843 me
1134 3791 1179 3842 bic
1189 3803 1246 3844 non
1256 3791 1356 3856 iacere,

122 3901 162 3942 ne
173 3887 255 3940 nimis
267 3886 378 3954 longum
391 3886 435 3951 sit,
447 3885 566 3952 suscepti
577 3887 667 3952 operis
680 3888 827 3940 necessitas
839 3888 919 3954 cogit.
932 3889 959 3940 Si
972 3889 1045 3941 enim
1057 3889 1188 3942 miracula
1197 3891 1355 3954 sanitatum,

123 3987 222 4041 utalia
234 3991 348 4050 mecam,
361 3997 394 4037 ea
406 3984 594 4038 tautummodo
607 3985 688 4039 velim
702 3986 824 4040 seribere
838 3999 910 4053 quae
922 4000 971 4053 per
983 3988 1057 4040 bunc
1069 3990 1265 4054 consessorem,
1279 3990 1357 4043 idest

66 4091 106 4143 35
123 4085 351 4155 gloriosissimum
360 4084 519 4148 lunianum,
533 4083 602 4136 iacta
614 4085 716 4138 suntin
726 4098 794 4153 pago
805 4086 969 4152 briosensio,
979 4086 1090 4152 plurimi
1103 4087 1269 4142 conficiendi
1290 4092 1354 4142 sunt

123 4186 199 4239 libri.
209 4184 335 4250 Quamvis
347 4195 398 4236 nee
409 4184 467 4248 ipsa
480 4184 572 4236 omnia
585 4183 674 4251 colligi
688 4189 825 4250 poterunt,
839 4186 902 4251 quia
915 4185 1000 4239 multa
1014 4186 1204 4251 perincuriam
1215 4188 1356 4241 hominum

124 4285 253 4339 novimus
263 4282 413 4348 deperisse.
421 4281 474 4334 Sed
486 4295 549 4334 cum
562 4295 637 4334 nunc
648 4282 772 4337 videmus
786 4285 904 4350 antiquis
917 4286 1015 4337 similia
1028 4286 1183 4338 divinarum
1207 4288 1283 4354 signa
1307 4287 1360 4340 vir·

124 4387 216 4436 tutum
228 4382 310 4434 etiam
323 4381 423 4434 nostris
434 4381 604 4447 temporibus
616 4380 782 4447 irequentari
796 4387 823 4434 et
836 4396 868 4435 ea
890 4396 946 4435 non
967 4381 1068 4436 debere
1081 4384 1226 4437 multorum
1241 4385 1354 4439 notitiae

123 4481 266 4547 deperire,
278 4480 369 4547 aliqua
382 4480 467 4532 inseri
480 4479 568 4533 libuit.

63 4583 105 4637 w
161 4579 195 4633 2.
208 4579 322 4643 deam
331 4580 423 4643 bomo,
435 4578 508 4647 regis
519 4579 636 4644 villicus,
650 4579 761 4632 nomine
772 4580 907 4647 tilbertus,
916 4595 978 4634 cum
989 4585 1162 4648 attemptaret
1170 4584 1275 4650 silvam,
1286 4596 1357 4649 quae
