3316 5482
383 325 451 393 284
726 343 852 397 aaran.
872 345 973 397 conu.
988 345 1165 399 naamon.
1183 345 1266 400 nar.

377 512 519 583 potestte,
530 515 560 568 et
569 513 604 567 in
613 516 750 570 uestram
758 515 984 571 ruinamcivili
990 516 1079 572 rabie
1088 516 1337 585 belliqeratis,·et
1344 519 1400 575 cui
1408 520 1623 579 dubiumesae

378 612 677 680 poteritquinmodo
687 613 1620 687 Boimunduecontraunumprincipemsaciliuaquumtnm

380 714 491 767 contra
501 724 607 767 omnes
618 711 819 782 triumphare
821 714 939 782 poterit
947 715 960 768 i
968 715 1070 782 Iqitur
1078 728 1180 769 meum
1188 716 1356 771 consilium
1365 720 1462 773 estut
1474 719 1618 775 Boimtot·

381 811 458 866 dum
469 811 624 881 absolvas,
637 826 675 868 ac
685 813 869 882 firmissimo
874 816 969 882 pacto
981 826 1052 869 cum
1063 827 1097 868 eo
1119 814 1368 885 confoederatur,
1386 820 1506 873 matra
1517 818 1616 876 nerlu

385 923 456 966 eum
466 914 777 981 auosqueproducae.
1627 922 1644 975 l

415 1011 465 1065 18.
479 1011 647 1066 iamdudum
669 1013 714 1066 vix
725 1024 755 1065 se
766 1018 873 1080 poterat
892 1013 1035 1067 continere
1047 1013 1205 1081 Danismau‚
1226 1019 1255 1069 et
1277 1031 1284 1067 ι
1305 1015 1396 1082 Quid,
1420 1016 1471 1083 ait,
1492 1017 1614 1085 madet,

381 1113 521 1166 mulieri
540 1112 611 1167 Non
625 1114 824 1180 procurem
843 1112 994 1180 utilitate,
1018 1112 1082 1181 sed,
1103 1116 1140 1167 ut
1162 1126 1293 1182 seraper,
1312 1127 1346 1170 es
1365 1114 1614 1173 euenturum

380 1209 521 1279 fautrix,
540 1223 603 1278 pro
621 1223 729 1265 eorum
751 1211 977 1266 sermocineris
997 1212 1111 1266 salute.
1136 1212 1249 1268 Pectus
1266 1213 1420 1269 muliebre
1436 1214 1484 1269 ud
1504 1215 1612 1271 uiriles

380 1310 543 1364 coruultuc
554 1321 631 1364 raro
651 1311 697 1364 est
708 1309 797 1363 utilis
807 1327 816 1378 ,·
828 1310 871 1364 ad
884 1310 1008 1366 bellicos
1020 1314 1197 1382 apparatus
1212 1312 1308 1367 sileat
1327 1311 1380 1368 liic
1395 1326 1507 1369 senus.
1520 1316 1608 1371 ame·

379 1409 673 1478 ltacqnaaiuirilem
684 1410 827 1465 animum
838 1411 873 1464 in
892 1410 1158 1480 sunineopectore
1169 1412 1239 1467 cisa
1258 1425 1291 1467 es
1309 1411 1434 1483 habere,
1447 1415 1505 1469 sed
1526 1427 1608 1470 nunc
1624 1416 1650 1469 n

379 1508 434 1564 ubi
451 1512 497 1564 eet
515 1510 690 1578 prudentia
708 1512 788 1565 tuat
807 1511 1019 1565 Boimundum
1038 1510 1188 1579 emittere,
1209 1524 1344 1580 reanum
1363 1514 1410 1567 est
1424 1514 1612 1570 amittereet

377 1620 435 1665 nos
452 1610 535 1678 ipsos
541 1610 684 1678 perdere.
698 1610 894 1665 Boimundns
905 1611 1078 1665 communie
1092 1610 1189 1667 uastis
1200 1611 1339 1666 omnium
1350 1613 1609 1683 nostraeproset·

379 1710 487 1779 sicnis,
512 1713 624 1767 ductm'
646 1713 851 1779 Francorum,
874 1711 973 1765 ruina
998 1712 1176 1766 Turcorum.
1207 1711 1344 1779 Undique
1364 1713 1482 1768 vadati
1504 1726 1611 1769 mmm

380 1811 521 1881 manco,
534 1811 700 1881 Armeniis,
711 1811 860 1879 Assyriis,
870 1811 948 1880 ι’ριίι
957 1811 1052 1866 etiam
1064 1811 1172 1866 Persis
1181 1828 1191 1879 ;
1202 1811 1343 1880 sedprae
1353 1811 1536 1869 homimines
1546 1814 1610 1869 ulit

375 1912 453 1981 plns
475 1911 697 1980 formidabilis.
718 1910 770 1966 Vir
781 1923 855 1967 acer
866 1911 1000 1980 inqenio,
1022 1914 1167 1966 strenuus
1184 1911 1273 1980 bello,
1291 1913 1399 1968 omnia
1418 1914 1518 1981 nouit,
1530 1911 1649 1969 nitito

380 2011 600 2080 intemptatum
615 2012 777 2081 relinquit,
791 2011 1011 2079 uniuersosque
1021 2014 1144 2066 nostros
1156 2014 1287 2066 conatus
1293 2012 1467 2082 praeripit.

611 2111 807 2165 Boimundus
817 2112 905 2165 solus
911 2123 973 2179 pro
984 2111 1093 2165 multia
1105 2110 1247 2165 millibus
1258 2124 1359 2181 unus3

611 2211 780 2266 Boimundi
790 2224 901 2267 nomen
913 2211 997 2281 felic
1008 2211 1197 2267 bellantibus
1208 2225 1306 2267 omen.

416 2313 502 2374 Quod
513 2314 617 2366 autem
637 2312 820 2381 finnapace
839 2325 911 2368 cum
923 2312 980 2366 illo
1000 2325 1057 2368 uos
1074 2311 1294 2380 confoederari
1313 2311 1467 2379 hortaris,
1487 2318 1606 2370 natura

374 2412 528 2482 predicet,
541 2413 623 2480 leqee
633 2412 827 2480 nonninunt,
836 2412 954 2466 damam
963 2424 1027 2466 non
1032 2413 1213 2481 patiuntur.
1222 2414 1310 2466 Inter
1317 2416 1412 2468 notet
1421 2412 1645 2471 citrmimrm!

379 2513 470 2567 nulla
488 2515 535 2567 est
557 2512 708 2579 societas;
731 2515 767 2566 ut
792 2513 857 2568 luci
879 2525 950 2567 cum
971 2512 1114 2578 minoris,
1136 2511 1221 2566 nihil
1240 2512 1325 2567 nobis
1350 2525 1422 2568 cum
1444 2514 1524 2568 illio.
1546 2514 1609 2582 luti

379 2613 497 2668 nostris
508 2612 634 2667 damnus
645 2614 719 2666 sunt
735 2612 850 2679 ditati,·
862 2614 891 2666 et
912 2625 974 2679 qua
985 2612 1111 2666 ratione
1125 2625 1292 2680 possumus
1302 2613 1347 2667 eis
1366 2612 1512 2669 amicare
1521 2614 1536 2668 i
1546 2613 1609 2682 luri

379 2713 510 2767 veniunt
521 2713 766 2780 imperare5nos
777 2711 897 2765 servire
915 2713 1071 2767 nolumus.
1087 2713 1283 2780 Quapropter
1304 2711 1390 2767 nillil
1400 2714 1559 2782 wadum
1573 2714 1609 2768 de

379 2815 492 2883 aliqua
504 2815 654 2868 internos
666 2814 955 2882 confoederatione;
967 2814 1121 2881 quaejam
1131 2815 1225 2868 nulla
1231 2816 1335 2882 potest
1344 2827 1420 2883 esse,
1432 2816 1499 2870 nisi
1509 2816 1608 2873 Antio

380 2913 484 2969 citiam
494 2914 619 2978 reddat,
631 2912 696 2966 nisi
707 2912 749 2967 ad
760 2925 863 2967 meam
874 2913 1044 2967 volaitatem
1052 2913 1220 2980 pecuniam
1227 2914 1400 2981 persoluat.
1617 2914 1642 2969 S

290 3006 322 3063 ’.
416 3015 465 3067 14.
485 3013 568 3081 igitur
587 3026 657 3067 uxor
681 3013 868 3080 Danismanni‚
892 3013 1054 3066 muliebria·
1081 3012 1246 3066 verecundia
1272 3013 1421 3081 percelsa
1442 3014 1609 3081 conticescit,

380 3126 528 3181 rerumque
540 3112 661 3166 habenas
674 3112 710 3166 de
726 3110 845 3166 bellandi
857 3112 1057 3166 consultatione
1076 3112 1142 3166 viris
1154 3112 1294 3179 relinquit.
1307 3112 1456 3168 lienisman
1468 3128 1537 3170 vero
1547 3113 1611 3183 qnid

381 3214 471 3278 iaciat,
483 3225 539 3280 quo
550 3225 579 3265 se
591 3216 688 3278 vertat,
700 3212 804 3279 ingenti
814 3212 963 3265 fluctuabat
971 3213 1071 3265 mentis
1081 3212 1289 3279 inquietudine;
1303 3226 1355 3266 nec
1362 3213 1459 3267 uxoris
1467 3214 1610 3269 consilinm

381 3313 533 3379 approbare
546 3324 598 3365 nec
611 3311 685 3365 aliud
699 3318 806 3378 poterat
818 3312 951 3365 invenire.
965 3315 1041 3365 Tunc
1054 3316 1164 3364 sanctus
1181 3311 1352 3377 leonardus,
1365 3312 1447 3366 etiam
1460 3314 1514 3381 ipsi
1533 3326 1611 3382 appa·

381 3426 465 3465 rens:
482 3412 541 3473 Qui
551 3414 630 3477 vult,
643 3413 741 3479 inquil,
754 3410 884 3466 cornilio
898 3411 1023 3479 juvari,
1038 3411 1122 3464 delet
1141 3411 1306 3465 comilinm
1317 3412 1416 3479 sequi.
1439 3414 1608 3469 consilium
1623 3412 1649 3466 st

379 3512 494 3566 umoris
504 3525 569 3566 non
580 3510 618 3565 ab
636 3509 811 3565 hominibus
831 3511 885 3563 sed
896 3523 917 3563 a
930 3512 989 3563 Deo
1011 3513 1065 3573 est,
1079 3511 1208 3578 ideoque
1228 3510 1397 3565 immutari
1415 3524 1483 3567 non
1497 3516 1609 3581 potest.

381 3611 518 3667 Aliunde
528 3612 616 3665 salus
629 3609 685 3663 tibi
695 3623 758 3663 non
772 3613 873 3677 potest
884 3610 1063 3676 continuere
1073 3610 1138 3663 nisi
1158 3610 1368 3664 Boimundum
1379 3610 1419 3664 de
1429 3613 1613 3679 captivitate

378 3713 456 3768 velis
467 3713 626 3766 remeare.
643 3709 758 3764 Christi
768 3711 881 3764 etenim
893 3711 1088 3765 Boimundus
1096 3710 1186 3764 miles
1197 3712 1243 3764 est
1253 3729 1263 3777 ‚·
1274 3722 1362 3765 meae
1372 3711 1559 3766 commissum
1569 3714 1613 3767 est

379 3811 549 3867 custodiae.
578 3811 726 3864 Voluntas
744 3811 800 3863 Dei
816 3812 860 3863 est
881 3813 915 3862 ut
926 3812 1019 3863 cuent
1038 3811 1077 3862 de
1096 3810 1290 3878 captivitate,
1302 3823 1359 3865 nec
1370 3812 1476 3878 poten
1487 3810 1612 3866 diutius

317 3943 323 3954 ·
377 3912 520 3968 custodia
530 3910 651 3965 artari·
663 3924 753 3976 quem
772 3911 850 3963 Deris
862 3910 931 3962 cult
948 3909 1112 3963 redimere.
1138 3911 1247 3963 Verum
1268 3910 1354 3964 istud
1375 3910 1466 3965 modo
1483 3912 1607 3979 aqitur,
1623 3911 1654 3965 5

325 4008 332 4022 '
378 4014 488 4066 utrum
498 4010 641 4065 liberatio
652 4009 719 4075 ejus
732 4008 788 4062 tici
795 4009 977 4062 adsalutem
986 4010 1035 4063 ael
1042 4009 1150 4077 potius
1157 4011 1327 4077 proveniat
1335 4010 1611 4078 adpenditionem.

378 4113 478 4167 Necte
485 4110 646 4165 ullomodo
653 4112 769 4163 terreat
778 4109 990 4162 Boimundum
997 4121 1059 4161 non
1067 4109 1198 4161 tuaeeed
1204 4107 1613 4179 christianaeprcfersiouir

378 4223 451 4265 cese.
466 4211 561 4263 Nemo
573 4206 630 4262 tici
641 4208 776 4276 fidelior,
789 4220 878 4260 nemo
889 4207 931 4260 ad
940 4220 1045 4261 omnes
1056 4207 1255 4261 necessitates
1269 4211 1341 4262 tuus
1352 4208 1414 4261 erit
1423 4210 1534 4276 aptior
1545 4208 1611 4263 τῶι.

379 4310 527 4364 Danisman
540 4307 631 4375 igitur,
646 4307 695 4359 hac
708 4307 813 4360 visione
825 4307 997 4373 aliquatenus
1010 4306 1043 4359 ad
1057 4308 1152 4361 uxoris
1164 4308 1313 4360 inclinatus
1325 4309 1502 4376 sententiam,
1515 4322 1613 4363 rursus

379 4409 413 4462 ab
426 4421 458 4461 ea
470 4406 623 4459 sciscitatur
635 4404 767 4473 quidnam
780 4410 852 4458 esset
871 4405 923 4457 sibi
936 4404 1101 4458 iaciendum.
1116 4409 1238 4473 Cumque
1252 4406 1298 4459 illa
1319 4411 1457 4460 assereret
1468 4419 1522 4462 neo
1533 4408 1613 4463 aliter
1628 4410 1657 4461 to

378 4507 448 4561 velle
459 4505 598 4559 consiliari
611 4517 663 4557 nec
673 4504 747 4557 aliud
760 4504 854 4557 utilius
865 4504 1002 4570 arbitrari,
1016 4505 1126 4558 tandem
1138 4504 1348 4559 sermocinando
1358 4510 1568 4562 noventumest
1578 4516 1610 4561 nt

378 4604 538 4660 alteralteri
550 4618 628 4658 suam
641 4609 766 4658 narraret
776 4604 919 4658 visionem.
933 4606 1009 4657 Tunc
1021 4605 1185 4657 lianisman:
1203 4605 1284 4671 Vere,
1295 4604 1394 4672 inquit,
1406 4618 1548 4675 maqmtlt
1567 4610 1614 4663 est
