3316 5482
551 355 677 406 cabul..
697 354 798 406 cobb.
818 356 992 407 elambuit.
1012 357 1093 407 Lau.

540 578 748 692 Appendix
779 579 830 667 ad
857 578 939 669 cod.
971 578 1094 668 5452.

256 819 420 890 Eersroul
438 842 670 894 antunnacum
684 846 728 895 tn
744 829 1045 897 Psuubo-Tmmnu
1060 846 1194 896 uranum
1211 847 1257 896 bs
1277 844 1393 897 ausum

705 943 830 1012 Oanom
847 946 893 1013 M.

241 1163 401 1233 (lanfredus,
413 1165 488 1231 prior
499 1165 647 1231 vosiensis,
662 1178 739 1218 sacro
752 1165 880 1219 Martialis
892 1167 1041 1220 conventui
1050 1172 1078 1220 et
1089 1167 1220 1221 universo
1232 1167 1310 1222 clero
1320 1166 1434 1221 lemovi-

208 1265 298 1318 censis
310 1263 438 1327 climatis,
452 1265 557 1332 gaudiis
575 1265 751 1332 sempiternis
774 1265 886 1332 perfrui.
906 1266 1035 1334 Egregios
1048 1266 1141 1320 invicti
1155 1267 1227 1334 regis
1240 1266 1335 1321 urnii
1346 1268 1436 1320 trium·

208 1367 278 1433 phos
291 1379 322 1419 ac
333 1366 465 1432 praecelsi
477 1366 584 1419 comitis
597 1365 739 1419 liotolandi
751 1365 951 1431 praedicandos
962 1379 1065 1434 agones
1074 1368 1103 1420 in
1115 1367 1247 1434 Hispania
1255 1368 1342 1435 gestis
1353 1380 1437 1434 nuper
1450 1367 1465 1417 5

209 1465 244 1518 ad
257 1478 305 1519 vos
317 1479 351 1518 ex
362 1465 492 1530 llesperia
512 1464 617 1517 delatos
637 1467 777 1532 gratanter
797 1465 890 1531 excepi
903 1469 930 1518 et
942 1465 1045 1533 ingenti
1059 1465 1150 1520 studio
1163 1467 1309 1534 corrigens
1321 1467 1438 1520 scribere

36 1566 116 1633 'leg
130 1565 183 1619 nisi
208 1566 268 1629 ieci,
279 1567 397 1619 maxime
414 1566 478 1633 quia
498 1564 570 1631 apud
584 1578 636 1619 nos
649 1566 782 1618 bactenus
800 1566 850 1617 ista
864 1565 1008 1631 latuerant,
1022 1566 1125 1634 ubique
1137 1567 1330 1632 'joculatores
1342 1568 1371 1620 in
1383 1566 1439 1621 suis

68 1634 158 1699 quae?
208 1667 383 1732 proterebant
400 1667 553 1719 cantilenis.
567 1666 633 1731 Quia
654 1679 719 1720 vero
739 1666 872 1732 scriptura
893 1667 950 1733 ipsa
972 1667 1137 1732 scriptorum
1153 1666 1220 1720 vitio
1242 1665 1392 1733 depravata
1409 1677 1439 1719 ac

208 1779 296 1833 paene
308 1766 399 1820 deleta
420 1767 516 1831 iuerat,
536 1780 592 1820 nnn
613 1767 672 1819 sine
692 1779 790 1834 magno
812 1765 903 1821 studio
924 1767 1079 1821 decorando
1100 1766 1220 1833 correxi,
1234 1779 1292 1821 non
1304 1765 1442 1834 superflua

208 1865 323 1931 addens,
336 1865 385 1919 sed
396 1878 466 1933 quae
478 1867 571 1919 minus
583 1872 662 1919 erant
676 1866 831 1920 necessaria
843 1862 1016 1919 subtrabens.
1029 1868 1067 1919 lle
1079 1865 1141 1933 quis
1152 1869 1285 1931 mepntet
1293 1866 1441 1932 repreben·
1458 1864 1486 1916 tu

209 1965 274 2019 dere
287 1965 396 2018 inclitae
409 1964 497 2018 laudis
509 1966 671 2032 luminum,
683 1965 730 2032 qui
743 1978 773 2018 se
790 1966 848 2031 ipsa
869 1954 1010 2030 scripsisse
1031 1965 1139 2018 latetur.
1152 1967 1208 2033 Ego
1220 1964 1289 2018 tanti
1303 1963 1443 2032 ponducis

208 2064 331 2118 cratibus
343 2063 409 2115 mibi
421 2075 437 2116 a
447 2062 540 2129 jndice
553 2063 599 2128 pin
611 2062 671 2115 dari
682 2061 792 2116 veniam
806 2066 883 2128 opto.
896 2063 945 2116 llic
957 2062 1060 2115 etenim
1072 2060 1209 2115 cedeonis
1219 2061 1313 2129 gladio
1326 2066 1444 2116 ususest

208 2162 237 2215 in
248 2162 381 2228 principis
395 2161 501 2223 militia,
513 2161 561 2227 qui
574 2158 695 2227 gladium
708 2172 765 2213 non
779 2159 923 2226 prohibuit
937 2160 1045 2213 bomini
1057 2172 1073 2213 a
1086 2159 1239 2226 peccatoris
1250 2160 1390 2228 sanguine
1400 2159 1443 2213 rel

210 2261 266 2326 [ad]
279 2259 428 2314 resecanda
439 2261 513 2312 vitia.
526 2260 608 2313 llirnr
619 2263 711 2312 tamen
725 2259 873 2326 plurimum
891 2257 965 2326 quod
978 2259 1007 2312 in
1021 2257 1144 2326 ejusdem
1154 2259 1238 2326 gestis
1248 2258 1355 2313 montio
1367 2259 1398 2313 tit
1409 2258 1445 2313 dc

210 2362 279 2415 urbe
291 2373 362 2428 quae
381 2359 452 2412 dicta
465 2364 506 2412 est
520 2359 674 2426 Aquitania,
694 2360 854 2425 praesertim
869 2370 930 2412 curn
944 2358 972 2410 in
985 2358 1090 2412 actibus
1101 2357 1223 2412 doctoris
1236 2358 1443 2424 Aquitanorurn
1460 2359 1487 2411 ll

210 2459 392 2513 llartialisvel
413 2463 567 2525 temporum
588 2458 734 2511 annalibus
756 2470 891 2524 nusquam
912 2456 1075 2524 leperiatur.
1089 2459 1120 2510 ln
1132 2457 1188 2511 vita
1199 2455 1319 2523 proinde
1332 2462 1445 2511 sancto·

209 2573 270 2612 rum
282 2560 351 2612 lusti
369 2571 401 2611 ac
421 2556 573 2626 valeria[e],
596 2556 678 2625 Elegii
701 2561 783 2623 atque
803 2556 959 2622 pardulphi,
978 2557 1025 2624 qui
1046 2568 1103 2610 non
1115 2555 1209 2621 procul
1220 2555 1257 2609 ab
1269 2555 1317 2609 illa
1333 2555 1388 2610 orti
1400 2556 1445 2610 rel

208 2658 358 2711 conversati
372 2658 459 2723 lucre,
472 2670 584 2723 prorsus
593 2656 627 2709 de
640 2656 726 2722 ipsius
737 2656 849 2710 nomine
862 2656 1001 2709 reticetur.
1009 2658 1202 2709 Verumtamen
1220 2654 1288 2708 dum
1299 2667 1354 2724 ego
1363 2656 1445 2722 jussu

38 2758 135 2834 ‘nota
147 2755 182 2808 in
208 2759 309 2827 egregii
322 2759 428 2812 abbatis
440 2757 521 2821 Petri,
534 2758 577 2810 cui
588 2757 707 2810 domnus
726 2756 901 2809 irembertus
918 2757 1057 2825 successit,
1071 2758 1250 2811 subterranea
1261 2755 1443 2826 ‘degentem

26 2834 189 2942 ffiffig
208 2870 222 2911 a
236 2858 327 2910 multis
337 2857 421 2910 multa
434 2857 468 2911 de
481 2857 532 2910 bac
543 2857 613 2910 urbe
638 2869 751 2910 narrare
770 2856 872 2922 audivi,
887 2855 977 2909 locum
990 2857 1073 2909 etiam
1085 2856 1201 2909 civitatis
1212 2855 1280 2909 olim
1292 2856 1443 2911 famosissi-
1459 2859 1487 2911 it

48 2955 167 3008 subster·
207 2968 267 3010 mae
278 2970 363 3023 prope
377 2957 529 3010 briderium
542 2960 569 3009 et
581 2956 721 3021 liscopiac,
740 2969 810 3022 quac
824 2955 878 3009 duo
892 2959 980 3008 castra
992 2968 1065 3008 unus
1078 2969 1165 3022 paene
1177 2955 1301 3009 continet
1312 2955 1393 3009 locus
1405 2957 1441 3009 ad

58 3033 152 3074 ΓΜ·
204 3060 294 3110 ortum
307 3057 382 3119 soliS,
393 3071 488 3110 versus
498 3056 642 3110 ecclesiam
655 3057 745 3108 Sancti
759 3057 829 3108 Petri
843 3056 877 3108 de
887 3058 968 3117 Nave,
980 3069 1051 3122 quae
1061 3056 1113 3109 sub
1122 3056 1268 3108 Smnnensi
1282 3056 1442 3122 praeposito

206 3157 328 3209 noscitur
340 3155 481 3222 oboedire,
495 3154 610 3223 argenti.
624 3155 694 3220 auri,
707 3155 812 3221 plumbi
827 3169 858 3208 ac
876 3156 940 3208 terri
955 3155 1139 3222 pertunderae
1151 3154 1311 3223 quaedama
1324 3155 1442 3222 pastori·

204 3256 257 3308 bus
268 3255 432 3322 aliquotiens
444 3256 481 3308 ibi
495 3260 619 3322 repertae
631 3261 703 3306 suut.
719 3254 800 3307 Burei
815 3256 923 3322 generis
940 3256 1050 3309 arbusta
1061 3256 1126 3309 olirn
1140 3256 1216 3310 locus
1227 3255 1327 3309 retinet
1341 3256 1439 3319 multa,

206 3356 234 3408 in
247 3357 325 3422 cujus
336 3357 440 3423 virgula
452 3356 592 3422 quondam
611 3355 711 3408 anulus
729 3355 795 3408 iulvl
816 3355 921 3408 mctalli
941 3357 1086 3422 reperitur,
1100 3358 1151 3421 [ut]
1169 3360 1307 3409 narratur.
1320 3355 1439 3421 Lapides
1457 3357 1487 3408 ab

205 3456 287 3508 ctiam
303 3456 358 3507 illic
371 3456 588 3522 reperiebantur,
601 3455 648 3521 qui
667 3455 729 3522 igne
742 3456 846 3508 decocti
859 3457 887 3507 iu
900 3456 1002 3509 calcem
1015 3460 1169 3517 vertuntur.
1182 3457 1260 3523 cujus
1272 3468 1361 3524 genus
1375 3455 1440 3522 lapi·

206 3553 248 3605 dis
260 3553 295 3606 de
308 3554 387 3621 longe
401 3554 457 3608 illic
469 3554 554 3608 fuisse
566 3555 688 3608 delatum
700 3556 758 3621 ipsa
771 3556 903 3622 asperitas
916 3555 967 3609 loci
986 3560 1109 3609 testatur.
1123 3558 1315 3609 Verumtamen
1328 3556 1441 3623 Aquita·

206 3653 267 3706 niae
279 3657 370 3705 tamen
391 3652 469 3706 urbis
491 3667 522 3706 ac
543 3653 700 3719 provinciae
719 3658 812 3706 utrum
833 3667 881 3706 rex
900 3654 956 3716 ille,
978 3653 1012 3707 de
1030 3667 1085 3722 quo
1098 3655 1201 3709 mentio
1213 3653 1243 3707 fit
1255 3654 1284 3707 in
1296 3654 1351 3707 uita
1364 3654 1440 3707 beati

203 3751 348 3818 Leonardi,
362 3753 490 3818 extiterit,
505 3754 635 3806 uescitur.
647 3752 716 3805 Fieri
728 3758 819 3806 tamen
832 3755 920 3819 potuit
932 3759 961 3806 ut
973 3767 1021 3806 rex
1031 3760 1057 3807 ct
1069 3754 1146 3808 urbis
1158 3758 1232 3807 esset
1243 3759 1271 3806 et
1284 3754 1368 3808 totius
1378 3767 1441 3820 pro·

202 3853 320 3912 vinciae,
332 3853 403 3906 sicut
415 3853 576 3919 lliclrardus,
597 3866 689 3906 comes
710 3853 884 3917 biclarensis,
904 3853 958 3906 dux
970 3861 1013 3906 est
1024 3854 1227 3907 lemovicensis
1237 3867 1268 3907 ac
1279 3854 1364 3907 lodus
1376 3855 1440 3907 cas
1456 3856 1487 3906 bd

202 3950 299 4004 coniae
322 3953 363 4005 rel
385 3953 555 4018 Aquitaniae.
571 3953 657 4017 Hujus
678 3953 770 4018 itaque
800 3952 916 4005 civitatis
936 3951 1015 4005 ducis
1033 3953 1169 4021 Engelerii
1190 3953 1339 4020 originem,
1360 3958 1440 4007 actus

203 4048 343 4118 finemque
355 4065 386 4104 ac
398 4051 474 4104 urbis
486 4050 684 4104 desolationem
698 4052 869 4118 subsequens
882 4052 980 4118 pagina
993 4053 1114 4106 breviter
1125 4051 1286 4107 declarabit.
1300 4054 1445 4109 Sor-ibon

203 4151 255 4201 tur
267 4163 338 4216 arpo
351 4149 426 4204 hacc
439 4150 473 4202 irc
482 4150 684 4217 consecatione
696 4150 729 4203 in
741 4151 854 4219 altera,
866 4153 895 4204 ct
902 4152 1043 4219 populns
1055 4151 1112 4219 qui
1122 4151 1281 4206 creabitur
1294 4155 1444 4210 laudabit

203 4249 377 4303 Dominam.
