3316 5482
445 354 539 404 6166.
559 353 637 404 666.
655 354 773 405 rems.
792 374 838 385 -
853 354 1007 404 666666.
1027 354 1074 403 no
1090 352 1169 404 coo.
1188 351 1265 405 6666.
1297 372 1300 377 -
1404 335 1472 402 535

228 527 353 581 domum
364 525 515 593 paralytici,
527 525 635 593 iterque
647 525 763 593 arripuit
772 525 827 579 diei
839 527 925 594 gratia
943 529 1085 595 aegrotum
1097 523 1214 580 visendi.
1231 527 1268 577 be
1277 523 1320 576 his
1332 521 1388 590 ita;
1401 525 1471 577 6616-

232 642 300 681 rum
312 626 440 682 ordinem
452 639 662 695 prosequamur.

271 724 304 779 8.
316 705 427 779 Aliud>
439 754 472 766 -
491 729 544 780 Nec
563 727 684 781 arbitror
703 727 785 781 ctiam
805 726 920 794 dignum
941 728 1009 794 fore,
1023 739 1072 794 pro
1093 725 1260 779 hebetudine
1272 723 1372 778 mentis
1393 737 1471 778 meae

235 825 387 880 affectuum
399 826 504 880 nisibus
515 826 661 894 renitente,
674 827 748 881 lenta
760 826 906 895 torpedine
914 825 1017 882 silentii
1030 826 1200 894 supprimere
1211 823 1351 892 quoddam
1361 823 1470 893 signum

201 929 220 981 5
238 925 374 980 memoria
384 925 509 994 dignum,
522 930 659 993 patratum
671 939 686 979 a
698 928 778 981 beato
791 926 909 994 ltelanio
919 927 1070 994 opitulante
1083 926 1169 994 gratia
1181 925 1238 978 061.
1251 925 1377 978 Defertur
1388 924 1472 991 plane

237 1025 264 1079 ei
276 1025 441 1094 paralyticus
451 1025 575 1094 quidam,
587 1027 694 1081 diutino
707 1026 836 1081 laborans
849 1026 1035 1092 incommodo,
1048 1026 1092 1080 cui
1111 1024 1301 1078 arescentibus
1314 1023 1472 1078 medullitus

238 1130 349 1179 6616666
361 1126 460 1194 succis,
474 1126 566 1179 nervis
578 1139 644 1180 uero
657 1126 768 1182 assiduo
782 1127 913 1195 languore
932 1126 1057 1192 aduncis,
1072 1138 1174 1178 munus
1190 1123 1377 1192 denegabatur
1389 1136 1473 1176 mern·

239 1225 364 1279 brorum.
374 1227 515 1279 Postremo
524 1237 589 1280 6666
599 1224 727 1278 diflidens
736 1226 770 1279 de
783 1239 831 1293 spe
843 1226 937 1280 salutis
947 1223 1160 1292 recuperandae,
1171 1223 1275 1276 scilicet
1283 1223 1349 1276 dum
1362 1223 1472 1289 saepius

240 1323 420 1391 perlustratur
432 1324 517 1378 multo
530 1325 699 1378 medicorum
712 1325 893 1378 medicamine
902 1337 1065 1392 semperque
1075 1325 1221 1378 frustratur
1230 1328 1321 1388 optata
1330 1322 1470 1388 sospitate,

193 1429 224 1480 10
239 1425 376 1479 obnoxius
387 1425 466 1492 quasi
485 1424 617 1478 debilitati
638 1425 796 1489 continuae,
810 1425 898 1478 defuit
917 1423 1034 1478 ulterius
1046 1437 1097 1478 sua
1118 1436 1201 1477 causa
1214 1422 1374 1476 valitudinis
1392 1421 1472 1476 dero·

238 1535 312 1592 gare.
326 1524 424 1576 ilerum
436 1527 574 1589 comperta
588 1523 659 1576 fama
671 1523 789 1588 6161061,
800 1522 917 1578 offertse
929 1523 969 1575 illi
980 1535 1043 1576 cum
1055 1522 1185 1576 omnibus
1197 1521 1281 1575 rebus
1294 1520 1361 1587 suis,
1375 1519 1470 1587 impio

239 1634 304 1675 rans
316 1621 412 1676 sedula
432 1635 514 1689 prece
534 1623 586 1676 sibi
607 1623 642 1676 ab
659 1636 692 1677 eo
712 1623 929 1677 incolumitatem
949 1623 1035 1676 febris
1055 1622 1217 1677 concedere.
1239 1622 1322 1688 Cujus
1344 1619 1471 1674 miseriae

239 1727 350 1776 sanctus
361 1723 409 1775 061
427 1721 587 1789 condolens,
609 1723 699 1776 oblata
721 1728 829 1777 recusat
841 1736 961 1790 sumere,
983 1721 1031 1776 sed
1044 1722 1149 1776 donum
1171 1720 1324 1775 medicinae
1343 1720 1469 1775 inuocato

239 1822 343 1877 llreelsl
356 1823 468 1877 nomine
480 1835 537 1876 non
550 1822 646 1877 abnuit
658 1823 810 1890 impertiri;
824 1823 873 1877 sed
890 1824 988 1877 sacrati
1001 1823 1054 1877 olei
1073 1823 1196 1892 unguine
1216 1827 1315 1875 attacto
1336 1825 1393 1875 1616
1410 1821 1470 1888 ejus

189 1924 224 1977 11
239 1936 366 1990 corpore,
379 1924 526 1991 statimque
537 1923 645 1979 reddito
666 1925 776 1991 proprio
789 1925 891 1992 uigore,
904 1924 953 1978 1611
965 1938 1029 1978 eum
1042 1924 1149 1977 6666611
1161 1923 1332 1991 malagmate.
1346 1921 1395 1987 Qui
1408 1935 1468 1988 per-

234 2027 314 2090 cepta
325 2024 441 2077 sanitate
454 2023 565 2078 tradidit
585 2036 614 2077 se
626 2024 767 2090 obsequiis
788 2022 934 2091 pontilicis,
947 2023 1104 2091 postpositis
1123 2020 1468 2088 omnibussuis31amdiu-

233 2137 289 2190 que
303 2124 327 2177 ei
337 2124 466 2191 inhaesit,
479 2125 611 2192 quamdiu
623 2125 758 2192 largiente
771 2129 840 2178 nutu
852 2124 957 2177 Summi
970 2124 1072 2190 potitus
1084 2128 1126 2176 est
1136 2122 1264 2177 uitalibus
1277 2122 1360 2176 auris.

266 2223 299 2276 0.
313 2223 419 2278 hund.
427 2227 579 2279 -sumrno
587 2223 677 2291 opifici
686 2237 742 2279 non
755 2223 885 2289 [delsinat
895 2223 987 2290 lingua
998 2224 1089 2277 carnis
1096 2221 1333 2288 laudesetgratias
1343 2220 1448 2274 referre
1459 2233 1467 2286 ;

231 2322 280 2390 qni
292 2322 333 2376 uti
344 2322 482 2377 sideribus
494 2324 580 2393 pingit
591 2323 695 2390 polum,
709 2328 868 2377 sanctorum
885 2323 1030 2376 uirtutibus
1047 2322 1159 2376 decorat
1177 2334 1310 2376 cosmum.
1323 2320 1469 2388 Subsequi-

187 2422 215 2476 10
231 2427 399 2490 turquoque
411 2422 568 2477 uenerabile
589 2422 728 2490 quoddam
741 2427 909 2489 portentum,
924 2423 1050 2489 precibus
1072 2423 1187 2489 hujusce
1205 2422 1292 2474 sancti
1312 2421 1467 2474 obtentum.

233 2524 297 2575 11661
307 2521 430 2589 denique
440 2523 482 2575 616
495 2523 551 2589 061,
564 2523 606 2576 616
626 2522 749 2590 quidam,
762 2522 882 2589 siagrius
904 2522 1017 2576 nomine
1037 2520 1137 2588 dictus,
1158 2521 1235 2587 cujus
1256 2533 1355 2586 corpus
1382 2519 1468 2574 nimia

234 2619 408 2689 aegritudine
436 2622 601 2675 tabefactum
623 2620 724 2676 virium
744 2634 856 2675 suarum
878 2621 1036 2687 privabatur
1053 2634 1165 2688 prorsus
1186 2621 1296 2675 auxilio.
1318 2618 1370 2685 061
1387 2631 1468 2686 saepe

233 2720 299 2774 dicti
312 2720 362 2773 viri
375 2721 516 2775 obtutibus
529 2726 728 2789 praesentatus,
742 2719 953 2789 efflagitantibus
965 2719 1061 2774 amicis
1072 2724 1101 2773 et
1112 2720 1234 2789 cognatis
1246 2719 1343 2786 ipsius,
1356 2724 1466 2773 sanctus

233 2820 282 2873 061
294 2821 328 2873 ad
343 2834 408 2874 eurn
420 2822 464 2875 cul
476 2827 575 2875 cuncta
584 2828 649 2877 sunt
660 2821 802 2888 possibilia
814 2822 931 2876 recurrit
940 2820 1093 2875 orationem
1105 2820 1224 2874 bisurus.
1238 2818 1466 2886 blutinaquidcm

187 2921 216 2975 te
232 2925 316 2987 atque
328 2920 425 2975 deuota
438 2935 519 2988 prece
537 2921 682 2989 completa,
695 2919 730 2975 ad
742 2920 882 2975 infirmum
901 2921 972 2975 redit
983 2921 1072 2974 solitis
1087 2920 1242 2987 liquoribus
1261 2918 1464 2974 medicandum.

233 3019 301 3072 inde
322 3019 414 3073 infuso
433 3021 557 3088 unguine
576 3034 665 3087 sacro,
679 3020 781 3089 fugavit
806 3022 934 3075 morbum
955 3025 982 3074 61
1002 3020 1095 3073 1616111
1115 3020 1248 3073 amissum
1269 3019 1463 3087 commodum

233 3132 370 3189 aegerque
391 3121 513 3175 humeris
533 3122 631 3176 alienis
651 3122 790 3189 deuectus,
804 3122 945 3189 proprium
966 3123 1050 3175 refert
1070 3103 1196 3198 stratum,
1219 3120 1364 3174 revisendo
1384 3134 1465 3175 suum

234 3219 415 3272 domicilium.
429 3223 562 3286 Quocirca
572 3235 637 3276 vere
648 3226 690 3275 est
703 3222 836 3275 mirabilis
850 3223 961 3276 066616
974 3222 1075 3275 sanctis
1088 3222 1156 3288 6616,
1169 3221 1217 3289 qui
1229 3221 1357 3287 precibus
1369 3234 1464 3275 eorum

234 3325 333 3373 cuncta
346 3333 417 3387 quae
428 3327 524 3387 petunt
535 3323 634 3376 annuit
646 3323 807 3390 meritisque
819 3321 904 3377 salvat
917 3325 1108 3389 praesentem·
1121 3321 1272 3376 saeculum.
1527 3329 1604 3385 ⁶310,

187 3422 217 3474 10
269 3417 320 3471 10.
339 3421 504 3486 temporum
516 3434 582 3475 6666
600 3421 811 3476 succedentibus
833 3421 988 3487 curriculis,
1002 3420 1197 3499 miraculorum
1215 3419 1365 3473 beatissimi
1377 3419 1467 3485 ponti·

234 3517 294 3571 ficis
305 3519 457 3584 procedunt
469 3524 496 3573 61
508 3524 615 3573 6616616
624 3520 643 3574 ·.
657 3519 771 3584 Quidam
781 3533 856 3588 uero,
870 3532 968 3573 666666
980 3519 1123 3586 utriusque
1136 3520 1214 3586 pedis
1226 3518 1326 3586 oillcio,
1339 3531 1465 3585 praesen·
1518 3524 1606 3579 'coci

233 3616 288 3670 tiae
307 3617 367 3684 ejus
387 3619 551 3687 suggeritur.
572 3621 696 3686 benique
717 3620 919 3675 sacratissimus
937 3622 984 3675 1161
996 3621 1122 3687 66116166,
1136 3633 1296 3688 compassus
1317 3620 1464 3674 calamitati
1499 3595 1628 3646 wenta

234 3716 304 3783 ejus,
318 3716 387 3770 msis
407 3717 512 3771 Christo
531 3718 661 3784 precibus
681 3731 732 3784 pro
750 3732 794 3784 eo,
808 3719 919 3787 lympha
940 3732 1050 3787 quoque
1071 3719 1201 3773 calefacta
1219 3719 1466 3786 benedictioneque

235 3822 341 3869 sacrata
353 3816 418 3869 lavit
429 3817 514 3882 pedes
525 3819 628 3885 aegroti
639 3836 647 3883 ;
659 3819 739 3884 cujus
752 3818 873 3871 fomento
883 3817 1008 3872 medicati
1019 3832 1142 3888 gressum
1152 3823 1315 3886 receperunt
1324 3818 1465 3872 amissum.

187 3917 216 3971 111
234 3917 274 3969 116
286 3928 396 3983 quoque
408 3915 555 3985 podagrico
567 3917 663 3971 dolore
676 3917 776 3986 fugato,
790 3917 905 3984 repedat
914 3918 949 3971 ad
961 3919 1072 3985 propria
1089 3917 1196 3972 ferente
1208 3921 1217 3940 '
1238 3931 1318 3984 opem
1341 3918 1464 3972 nemine.
1520 3920 1607 3975 ’6661

235 4015 293 4079 066
305 4014 436 4083 deinceps
447 4016 576 4070 obnixius
588 4017 727 4084 obsequiis
738 4017 789 4070 6161
810 4018 857 4071 061
874 4017 970 4070 sedule
982 4017 1132 4071 insistebat.
1146 4017 1223 4071 Unde
1241 4016 1271 4070 ill
1282 4023 1313 4071 ut
1325 4019 1385 4085 ejus
1405 4030 1466 4085 pro·
1492 3987 1636 4041 serentem·

234 4115 330 4183 genies
343 4116 474 4168 hactenus
486 4115 604 4170 assiduis
616 4115 717 4185 vigiliis
737 4123 819 4184 atque
831 4117 954 4171 excubiis
973 4118 1104 4171 inserviat
1124 4117 1300 4171 sacratissimi
1320 4118 1370 4172 6161
1389 4130 1464 4170 mau-

235 4215 323 4269 soleo.
334 4215 493 4282 liujusmodi
507 4229 605 4283 nempe
617 4214 760 4282 privilegio
769 4217 944 4283 astipulatum
954 4221 1061 4271 constat
1072 4214 1159 4270 hocce
1173 4217 1335 4270 miraculum
1346 4229 1362 4270 a
1372 4221 1466 4271 sancto

235 4314 360 4368 6166066
373 4314 537 4381 disponente
549 4321 695 4381 patratum.
708 4315 761 4369 Sed
775 4329 826 4369 nos
837 4315 872 4368 ad
883 4315 936 4369 alia
949 4316 1148 4383 promulganda
1159 4316 1330 4370 festinemus.

187 4417 218 4469 10
270 4416 316 4466 11.
329 4413 434 4469 anuh
446 4442 480 4452 —
500 4417 619 4468 Rursum
638 4415 812 4469 1666661666
826 4417 880 4469 066
901 4415 974 4469 aliud
994 4415 1157 4469 miraculum
1177 4415 1305 4481 precibus
1318 4415 1467 4468 beatissimi

235 4513 343 4566 lielanii
351 4513 455 4568 mundo
463 4514 637 4580 patefactum.
646 4515 739 4568 Puella
751 4516 871 4583 denique
879 4515 1012 4583 quaedam
1026 4528 1107 4584 aegre
1115 4515 1289 4568 cruciabatur
1297 4528 1313 4568 a
1322 4514 1467 4583 daemone,

234 4615 272 4668 ita
283 4590 315 4667 ut
326 4613 456 4669 dentibus
469 4613 601 4668 frendens
621 4626 715 4670 morsu
727 4619 869 4682 appeteret
890 4615 1026 4669 homines.
1040 4616 1113 4679 Quae
1134 4614 1225 4669 vincta
1237 4626 1335 4669 manus
1348 4616 1468 4671 robustis
