3316 5482
312 353 406 403 nmn.
425 353 509 404 rmr.
529 353 645 403 rnnls.
664 372 711 383 —
727 351 881 403 arenae.
901 353 948 402 nn
965 353 1043 403 con.
1064 348 1141 400 seon.
1307 335 1351 401 63

10 514 13 577 ἶ
97 520 211 577 debiles
224 521 407 590 ambulantes,
421 527 476 576 eta
487 522 630 590 spiritibus
642 521 792 575 immundis
804 522 904 575 multas
919 522 1025 576 animas
1038 521 1181 575 hominurn
1195 534 1346 588 praeoccu-

103 627 186 689 patos
196 621 338 676 liberarit.

139 721 175 774 θ.
187 722 305 788 Jamque
317 720 446 775 omnibus
458 721 501 773 his
519 721 645 788 peractis,
657 720 760 787 impleti
774 727 839 775 sunt
851 727 924 776 xnxt·
935 732 967 779 11⁹
983 724 1049 777 anni
1062 723 1235 790 episcopatus
1250 722 1302 775 sui.
1316 723 1349 774 itt

104 818 286 874 annuntiavit
297 820 370 874 ciero
383 824 410 873 et
422 819 496 885 pieni
516 819 590 872 diem
611 819 702 874 obitus
723 821 776 884 sui,
790 826 819 874 et
837 820 907 875 dixit
927 823 982 876 illis
996 840 1002 870 ι
1015 823 1054 876 In
1071 822 1139 890 ipso
1158 823 1222 877 loco
1243 821 1278 873 in
1289 832 1350 888 quo

66 919 208 975 secem
227 932 348 975 mecum
359 919 588 998 pcconovimm'
603 920 731 987 sepelite
751 922 973 989 corpusculum
991 934 1103 975 meum.
1124 921 1162 974 Et
1183 921 1281 974 notite
1304 931 1354 972 me

98 1031 226 1088 ponere
238 1019 273 1072 in
286 1019 432 1087 captam,
442 1020 526 1074 sicut
537 1031 651 1087 eorpus
664 1021 791 1074 Domini
793 1021 934 1089 positum
946 1019 1027 1089 fuid·
1036 1021 1091 1074 sed
1102 1035 1143 1074 eac
1157 1020 1240 1088 lieno
1252 1018 1350 1087 facite

104 1117 350 1186 sarcopdapem,
369 1121 399 1173 et
411 1118 445 1172 in
457 1131 492 1174 eo
499 1119 610 1187 ponite
621 1131 735 1187 corpus
748 1133 860 1185 meum,
874 1121 921 1174 ita
936 1122 972 1173 ut
989 1132 1064 1175 cero
1081 1119 1125 1172 iet
1141 1121 1348 1175 consumatur

47 1230 49 1235 ’
104 1222 137 1275 ei
161 1219 287 1287 uanum
309 1218 477 1288 putrefiat.
501 1221 578 1273 Tunc
595 1220 634 1273 ait
651 1219 686 1272 ad
707 1221 895 1287 presnytamm
924 1235 1015 1286 suum,
1034 1222 1147 1275 nomine
1167 1220 1346 1283 Anxiachum,

105 1320 204 1388 quiet
223 1319 281 1386 ipse
303 1332 399 1372 servus
416 1320 464 1372 Dei
485 1324 563 1372 erat:
583 1318 674 1386 Vade,
695 1320 769 1373 lova
786 1332 900 1388 corpus
913 1323 1002 1373 tuum
1013 1323 1043 1374 et
1056 1321 1151 1373 indue
1161 1319 1346 1374 vestimenta

51 1421 87 1473 to
105 1420 178 1487 tua,
188 1419 296 1473 eeneii
307 1418 342 1472 in
356 1418 494 1486 lapidem
505 1418 709 1486 requiescere,
721 1418 813 1472 sedet
826 1419 910 1487 lieno
922 1418 1027 1488 facies
1039 1418 1096 1472 tibi
1106 1417 1346 1487 sarcopoopum,

105 1517 188 1586 quta
202 1516 309 1572 corbos
321 1517 449 1585 pariter
468 1529 525 1572 nos
536 1516 628 1572 hodie
647 1519 831 1585 recepturam
843 1520 909 1584 esu]
922 1519 1001 1573 Deus
1019 1519 1058 1572 de
1076 1519 1203 1573 saecuto
1215 1518 1283 1573 isto.
1299 1517 1349 1582 Qui

105 1616 323 1671 obdormierunt
335 1618 364 1670 in
377 1629 453 1683 pace.
464 1617 505 1670 lbi
517 1629 637 1683 namque
650 1622 708 1670 erat
719 1617 884 1684 exspectatio
895 1618 1056 1686 angelornm
1068 1621 1095 1672 et
1102 1617 1219 1672 visitatio
1229 1617 1344 1670 archan·

105 1715 237 1783 pelorum
249 1714 424 1781 psallentium
445 1727 527 1768 voces
539 1715 568 1767 in
580 1714 729 1779 excelsum,
743 1719 771 1768 et
785 1714 933 1769 introducti
953 1720 1017 1770 sunt
1036 1717 1117 1769 ambo
1138 1717 1167 1769 in
1189 1716 1346 1781 paradisum

106 1813 169 1867 nei.
183 1814 368 1881 sepultusque
380 1817 422 1867 est
434 1815 476 1868 vir
496 1819 606 1867 sanctus
628 1814 657 1865 in
673 1814 733 1868 loco
755 1813 802 1866 uhi
820 1815 949 1881 jusserat,
962 1819 990 1869 et
1002 1815 1139 1869 Anxiacns
1150 1816 1292 1884 presbyter
1309 1814 1343 1868 ad

59 1916 92 1967 ¹5
110 1913 200 1981 pedes
212 1914 282 1980 ejus.

141 2012 177 2065 7.
191 2012 285 2080 igitur,
299 2009 419 2078 impletis
431 2017 492 2077 post
508 2012 654 2065 transitum
674 2011 785 2065 iliorum
798 2012 879 2065 annis
899 2016 987 2079 ιω,
1000 2013 1119 2080 quadarn
1131 2017 1211 2067 nocte
1223 2014 1298 2066 venit
1310 2013 1352 2067 sir

104 2118 221 2165 sanctus
233 2112 262 2165 in
274 2113 379 2166 visione
392 2112 427 2165 ad
438 2126 525 2166 unum
535 2125 567 2164 ex
580 2113 720 2176 iratribus,
730 2114 777 2179 qui
787 2113 815 2165 in
825 2112 941 2166 ecclesia
950 2112 1046 2178 majori
1056 2113 1090 2165 nd
1102 2111 1269 2179 vigilandum
1282 2125 1346 2165 con·

104 2211 258 2278 sneisane
270 2211 338 2264 dixit
349 2210 375 2265 ei
389 2226 397 2264 :
418 2211 499 2266 Vade
509 2211 551 2265 ad
562 2211 740 2279 mesconem
751 2211 890 2266 civitatis
901 2214 931 2264 et
942 2210 993 2265 dic
1005 2210 1053 2264 ei:
1064 2227 1074 2260 r
1087 2211 1185 2278 nopae
1198 2213 1227 2264 te
1237 2210 1345 2264 beatus

103 2310 218 2379 Lupus
228 2310 391 2384 epiecopus
403 2312 439 2363 ut
450 2310 582 2365 accedes
593 2310 636 2364 ed
650 2311 751 2365 locum
764 2311 872 2378 quem·
884 2310 951 2376 ipse
962 2309 1095 2364 ostendit
1107 2308 1205 2376 mihi,-
1223 2312 1253 2363 et
1271 2307 1344 2377 fode
1398 2320 1406 2338 ·

54 2410 90 2462 20
108 2409 145 2462 in
151 2407 364 2479 profundum,
376 2412 407 2464 et
418 2409 557 2464 invenies
568 2421 679 2463 orcam
691 2409 826 2475 tipneam
846 2423 887 2462 eor
903 2408 991 2478 ferro
1011 2408 1212 2463 contristem
1224 2411 1254 2462 et
1270 2420 1343 2463 ossa

108 2522 183 2563 mea
201 2508 300 2563 intuo.
313 2510 352 2563 Et
370 2510 467 2563 tellao
484 2522 554 2563 eam
572 2509 610 2562 de
624 2509 689 2562 luto
711 2509 746 2561 in
766 2508 936 2576 quojacuit
960 2507 1055 2561 annis
1067 2512 1154 2574 ιω,
1176 2510 1206 2561 et
1227 2507 1343 2561 iterum

109 2611 215 2665 densam
234 2610 371 2679 sepelias
386 2623 466 2664 eam.
483 2626 493 2659 i
508 2611 545 2664 et
564 2607 669 2663 adhuc
679 2608 764 2663 dices
775 2609 825 2663 ei:
841 2626 851 2659 ι
866 2608 922 2662 Die
941 2608 1096 2663 dominico
1113 2611 1208 2663 notus
1225 2622 1296 2662 sum
1308 2608 1344 2660 in

108 2710 248 2777 saeculo,
260 2709 313 2763 die
332 2709 487 2764 dominico
507 2708 674 2763 ordinatus
693 2707 865 2776 episcopus,
880 2711 909 2761 et
929 2708 981 2761 die
999 2708 1155 2762 dominico
1175 2706 1314 2775 mipravi
1325 2721 1345 2761 a

109 2808 247 2875 saeculo,
259 2809 290 2861 et
300 2807 353 2860 die
370 2806 526 2861 dominico
546 2805 686 2860 crastino
707 2804 845 2859 ostendet
865 2806 946 2858 Deus
968 2817 1039 2859 osso
1060 2817 1128 2859 mea
1149 2807 1223 2859 onte
1241 2805 1347 2859 ocutos

56 2908 92 2960 ὅ
110 2909 180 2961 tuos
194 2923 217 2958 ι.
230 2907 269 2960 Et
277 2918 351 2960 cum
362 2906 478 2959 viderit
489 2919 568 2973 eam,
579 2905 696 2958 iterum
708 2903 810 2969 fodiet
821 2905 864 2958 ad
871 2905 967 2970 pectes
977 2916 1059 2958 meos
1073 2904 1106 2956 in
1120 2903 1348 2971 loopumpedes

106 3008 224 3074 septem
236 3008 266 3059 et
277 3005 312 3058 in
319 3004 519 3074 profundum
531 3007 646 3073 septem
658 3021 667 3071 ,·
679 3006 708 3057 et
720 3003 857 3056 inveniet
874 3016 984 3056 ercam
1005 3003 1066 3056 alii
1077 3003 1222 3069 similem,
1236 3002 1271 3054 in
1284 3015 1348 3070 qua

106 3105 277 3172 requiescit
288 3103 451 3160 dociacus
458 3104 633 3173 presbyter,
644 3103 696 3157 vir
707 3103 873 3158 sanctitate
879 3103 997 3170 petrus
1007 3120 1016 3169 ‚·
1028 3105 1057 3156 et
1068 3102 1196 3170 pariter
1216 3101 1347 3170 sepeliat

108 3203 225 3258 ambos.

142 3301 176 3355 8.
189 3304 221 3356 Et
232 3303 269 3356 oh
290 3302 342 3356 hoc
359 3302 575 3369 expergefactus,
589 3303 703 3356 veniens
724 3301 757 3353 ad
779 3301 935 3366 matutinas,
949 3302 1069 3354 narrarit
1089 3302 1217 3369 episcopo
1231 3303 1301 3356 sicut
1319 3302 1343 3356 ei

56 3403 91 3455 3⁰
108 3405 252 3455 ostensum
272 3401 446 3468 ruerat.1psa
466 3401 586 3469 denique
606 3402 660 3466 die,
675 3401 737 3453 luce
758 3399 837 3464 iacta,
851 3414 913 3453 curn
936 3400 1043 3454 silentio
1064 3406 1091 3453 et
1111 3401 1211 3467 populo
1232 3402 1347 3455 accessit

108 3500 256 3567 episcopus
266 3500 303 3552 ad
315 3501 406 3553 locum
427 3502 534 3568 ipsnm;
548 3499 739 3566 fodientesque
754 3505 854 3552 terram
869 3499 952 3565 pedes
973 3511 1019 3565 vn,
1042 3501 1109 3552 exiit
1121 3501 1189 3554 odor
1206 3502 1346 3555 suavitatis

107 3600 260 3654 sicutoder
277 3599 384 3653 incensi
405 3600 555 3670 fraglantis.
569 3602 602 3652 iit
622 3601 732 3654 inventa
754 3613 816 3653 ossa
840 3605 867 3652 et
888 3611 1003 3666 corpora
1015 3599 1132 3666 gloriosa
1154 3601 1252 3653 iterum
1275 3615 1349 3667 sepe

107 3700 178 3752 iiunt
189 3713 253 3754 cum
265 3700 350 3768 gioria
364 3706 392 3754 et
403 3701 503 3769 gaudio
516 3714 624 3768 magno.
642 3703 673 3752 Et
685 3697 827 3752 aedificata
847 3699 959 3751 basilica
976 3711 1057 3764 super
1080 3711 1137 3765 eos,
1151 3706 1212 3752 vota
1224 3699 1345 3754 fidelium

106 3799 207 3853 cotidie
219 3798 258 3852 ibi
271 3798 435 3863 redduntur,
449 3806 475 3853 et
487 3798 589 3852 inssrmi
608 3800 752 3852 sanitatem
767 3799 911 3865 recipiunt.
926 3802 957 3851 Et
977 3811 1090 3864 corpora
1110 3800 1167 3865 ipsa
1181 3805 1283 3865 sancta,
1297 3802 1345 3868 qui

53 3898 88 3948 35
105 3897 186 3964 longo
200 3904 324 3965 tempore
336 3898 514 3965 dormierant,
528 3898 617 3966 dignis
630 3898 757 3951 laudibus
771 3899 949 3963 honorantur,
963 3897 1026 3963 quia
1041 3897 1160 3949 reddunt
1172 3898 1290 3951 fructum
1312 3898 1341 3953 in

105 4000 231 4062 tempere
253 4008 314 4050 suo.
333 3997 475 4049 'transitus
494 4009 559 4049 vero
579 4003 607 4050 et
631 3996 769 4049 translatio
791 3996 913 4062 corporis
937 3996 1024 4047 sancti
1055 3997 1120 4062 Lupi
1142 4006 1191 4048 11110
1212 3997 1342 4050 kalendas

102 4097 211 4164 augusti
224 4096 402 4163 adomnibus
413 4096 568 4150 christianis
580 4097 744 4162 celebratur,
754 4102 910 4162 praestante
921 4096 1034 4149 Domino
1045 4100 1138 4149 nostro
1147 4099 1212 4149 iesu
1222 4098 1342 4152 christo.

101 4195 146 4248 cni
157 4201 200 4249 est
212 4195 303 4250 honor
314 4200 342 4248 et
352 4194 438 4263 gloria
450 4195 480 4248 in
493 4195 602 4249 saecula
616 4195 800 4249 saeculorum.
814 4197 908 4248 Arnen.
