3316 5482
283 346 379 397 eren.
398 346 481 399 nar.
500 346 617 398 rums.
635 367 681 379 -
697 345 850 396 aerario.
868 345 917 396 en
934 345 1011 397 ooo.
1030 343 1105 397 seso.
1245 330 1312 396 327

70 517 109 571 de
122 518 265 585 provincia
278 518 350 573 beati
363 517 497 584 floscelli
510 522 607 572 euntes
620 518 702 572 furati
724 523 788 570 sunt
807 517 1002 586 corpusculum
1023 518 1092 584 ejus.
1116 515 1193 581 Quod
1210 518 1312 583 optima

72 617 197 672 sindone
206 617 336 671 vestitum
348 618 410 671 navi
431 596 620 682 immittentes,
634 622 661 670 et
684 622 795 671 extenso
816 617 876 670 velo
898 629 948 684 per
960 629 1089 685 magnum
1112 617 1226 686 pelagus
1238 618 1310 671 navi-

72 726 183 788 gantes,
195 733 258 773 cum
275 719 363 773 cereis
381 717 527 787 insigniter
538 717 709 784 ardentibus,
723 718 859 772 tertiadie
871 718 1054 772 veneruntad
1066 718 1236 785 provinciam
1249 720 1310 787 pagi

72 818 121 886 qui
143 822 253 872 vocatur
277 818 481 872 constantinus.
504 819 535 870 ln
558 818 679 871 crastino
708 829 773 871 vero
796 818 967 886 congregatis
996 817 1127 871 omnibus
1152 817 1310 884 provinciae

38 920 57 971 5
74 918 162 985 ipsius
174 918 319 985 episcopis,
337 917 382 971 die
395 918 474 971 tertio
492 916 673 970 kalendarum
682 917 786 971 mensis
799 917 887 969 martii
900 918 973 971 inter
983 919 1150 984 psalmorum
1162 917 1308 975 melodiam

74 1021 102 1070 et
112 1018 237 1071 omnium
250 1017 426 1084 psallentium
435 1015 534 1086 gaudia
546 1016 713 1084 sepelierunt
722 1017 845 1070 membra
857 1018 927 1084 ejus,
940 1017 1024 1070 veluti
1034 1017 1137 1086 ingenti
1150 1016 1235 1071 odore
1248 1030 1310 1071 aro·

74 1119 178 1169 rnatum
190 1116 343 1184 fraglantia,
357 1116 386 1169 in
404 1119 585 1170 monumento
597 1115 686 1169 locelli
705 1115 838 1170 vocabulo
856 1116 1031 1181 christanae,
1051 1115 1080 1168 in
1097 1115 1161 1170 villa
1185 1127 1255 1182 quae
1272 1117 1307 1170 ab

74 1214 234 1268 bominibus
246 1214 320 1267 illius
331 1215 488 1281 provinciae
499 1218 527 1268 et
539 1215 599 1281 pagi
614 1215 772 1267 nominatur
782 1215 883 1267 buurix
896 1217 1047 1268 liuuronno
1059 1214 1104 1281 (l).

108 1313 158 1367 te.
176 1314 216 1367 lb
228 1312 289 1380 ipsa
305 1316 397 1367 autem
412 1313 457 1366 die
475 1326 529 1380 qua
541 1326 650 1367 sacrum
667 1326 768 1379 corpus
786 1326 918 1381 sacraque
937 1313 1060 1367 membra
1077 1313 1162 1367 incliti
1181 1314 1308 1381 martvris

19 1416 53 1467 to
71 1411 195 1467 Floseelli
208 1413 237 1465 in
250 1418 429 1466 monumento
443 1413 531 1467 locelli
542 1414 586 1466 sui
600 1414 798 1467 honorabiliter
811 1426 842 1466 ae
851 1412 981 1467 decenter
994 1413 1105 1467 fuerunt
1116 1413 1236 1480 condita,
1251 1426 1307 1467 me·

68 1512 128 1566 ritis
139 1514 200 1580 ejus
210 1515 239 1566 et
258 1511 502 1567 intercessionibus
522 1513 580 1579 ipse
601 1513 677 1568 locus
698 1513 834 1567 immenso
857 1513 940 1580 pollet
959 1511 1092 1566 divinitus
1109 1511 1305 1567 beneficiorum

69 1611 153 1675 dono,
166 1610 414 1665 innumerabilibus
426 1625 457 1665 ac
470 1612 585 1680 insignis
601 1611 709 1680 fulgens
726 1612 870 1666 virtutibus
881 1628 888 1676 ;
899 1611 974 1678 quod
986 1612 1090 1665 seilicet
1102 1612 1189 1665 caeeis
1206 1612 1303 1679 visum,

70 1710 163 1764 surdis
173 1709 308 1778 auditum,
321 1710 426 1764 claudis
437 1725 560 1780 gressum
574 1711 676 1766 factore
688 1716 697 1733 '
711 1714 766 1766 beo
779 1711 923 1765 ellioaciter
936 1711 1033 1766 reddit.
1048 1713 1170 1779 benique
1183 1711 1302 1779 possessi
1320 1724 1329 1744 ·
1342 1723 1449 1780 fautore
1462 1726 1488 1780 ς,

69 1810 279 1865 adaemonibus
290 1810 449 1876 saepissime
462 1811 614 1877 plenariam
632 1810 723 1877 adepti
744 1814 809 1864 sunt
830 1823 935 1864 curam.
956 1813 1041 1865 Porro
1064 1809 1144 1863 multi
1156 1809 1258 1863 infirmi
1276 1815 1305 1864 et

18 1913 52 1966 {5
68 1908 220 1963 imbecilles
232 1908 365 1976 multique
377 1909 466 1977 egeni,
480 1910 519 1962 uti
531 1923 547 1962 a
558 1923 624 1964 vero
637 1911 742 1963 medico
756 1922 819 1963 vera
827 1911 888 1977 ejus
900 1909 1036 1963 medicina
1049 1910 1147 1974 sanati,
1157 1909 1300 1964 redierunt

70 2008 358 2076 adpropriauuoque
367 2008 510 2064 commodo
520 2010 696 2063 remunerati.
707 2010 830 2063 Universi
840 2013 1068 2074 autemvotorum
1079 2009 1199 2063 sollertia
1208 2007 1303 2063 suffra·

69 2114 162 2179 gante,
169 2120 296 2176 quaeque
305 2109 379 2176 iuste
391 2113 497 2176 petunt,
505 2110 666 2176 impetrasse
677 2110 858 2178 gratulantur.
869 2109 896 2162 si
906 2109 968 2177 quis
976 2123 1041 2164 vero
1053 2111 1194 2178 navigator
1203 2107 1302 2176 fidelis,

70 2211 101 2263 in
109 2210 188 2277 aquis
200 2209 331 2276 navigans
342 2208 492 2265 dulcoratis
503 2217 551 2263 aut
564 2210 649 2263 altum
662 2223 738 2264 mare
750 2215 855 2277 petens,
869 2214 1010 2278 tactusque
1023 2210 1115 2277 aliqua
1128 2215 1297 2280 tempestate,

69 2308 183 2377 aliquod
203 2309 375 2376 naufragium
396 2323 494 2376 passus
514 2310 606 2377 fuerit,
628 2311 707 2378 isque
725 2310 886 2363 memoriam
903 2311 1004 2379 egregii
1025 2311 1153 2377 martvris
1174 2310 1298 2364 Floscelli

13 2410 52 2463 20
71 2408 198 2462 babuerit
210 2414 238 2462 et
249 2413 325 2462 certa
335 2422 383 2475 spe
395 2407 545 2476 fidentique
557 2410 649 2463 animo
662 2411 721 2476 ejus
733 2422 834 2463 nomen
853 2409 1019 2464 invocaverit
1043 2416 1071 2463 et
1083 2410 1215 2463 auxilium
1228 2423 1297 2477 pure

69 2521 102 2563 ac
114 2506 302 2561 indubitanter
314 2509 432 2575 petierit,
445 2509 595 2575 opitulante
617 2512 673 2562 lieo
694 2522 802 2562 summo
823 2508 1003 2575 tranquillum
1023 2509 1158 2563 obtinebit
1178 2515 1298 2576 portum.

68 2607 157 2659 liliam
169 2607 252 2660 simili
265 2613 371 2671 tenore,
385 2609 408 2660 si
421 2610 482 2676 quis
494 2612 514 2675 ',
527 2609 619 2676 aliqua
631 2608 808 2663 tribulatione
821 2610 958 2676 detentus,
972 2622 1074 2663 nomen
1087 2609 1182 2677 ipsius,
1196 2610 1297 2677 suppli·
1324 2614 1333 2632 '
1344 2611 1445 2682 aliquis
1454 2615 1480 2668 Ξ.

66 2707 136 2760 citer
147 2707 281 2760 auxilium
293 2707 454 2774 implorans,
467 2709 630 2775 recitaverit,
644 2714 831 2776 competenter
851 2722 942 2762 veram
963 2715 1161 2763 consecuturus
1170 2715 1211 2763 est
1229 2710 1300 2764 salu·

68 2811 135 2859 tem.
406 2880 408 2884 Ι

10 2907 49 2959 25
103 2904 1300 2977 20.Magnumquoquesterilibusingenerandaprolelargiturfecunuitatisgaudium.

68 3007 136 3058 Nam
154 2992 254 3059 multae
274 3007 404 3061 mulieres
421 3008 585 3062 infecundae
605 3013 632 3062 et
646 3010 763 3075 steriles,
786 3012 914 3062 externae
936 3009 1030 3077 utique
1051 3009 1140 3076 gentis
1165 3009 1301 3063 natalibus

68 3110 146 3158 ortae
159 3117 191 3158 ac
203 3105 344 3159 nobilitate
359 3107 491 3174 parentali
503 3120 662 3175 generosae,
684 3107 822 3161 desiderio
842 3107 962 3162 filiorum
984 3107 1076 3160 animo
1098 3107 1197 3161 devoto
1210 3108 1299 3174 ipsum

67 3202 197 3257 adierunt
208 3210 235 3259 et
247 3205 349 3259 adeunt
361 3207 461 3260 locum.
475 3209 598 3274 lienique
610 3208 634 3260 si
648 3220 712 3274 qua,
725 3208 874 3274 generandi
893 3208 1039 3275 cupiditate
1057 3207 1175 3275 flagrans
1192 3212 1238 3261 aut
1256 3221 1301 3274 pe-

68 3308 130 3356 tens
142 3303 228 3358 fllium
242 3307 326 3374 magis
338 3320 420 3373 quam
432 3306 527 3374 liliam,
541 3321 621 3360 suum
645 3308 796 3361 masculum
817 3321 926 3361 servum
947 3309 972 3360 ei
994 3307 1102 3360 dederit
1126 3313 1172 3360 aut
1184 3307 1302 3362 fideliter

10 3405 48 3457 5⁰
66 3404 182 3471 voverit,
195 3405 386 3459 incunctanter
398 3413 520 3474 tempore
540 3407 704 3460 adveniente
724 3408 845 3474 paritura
866 3408 919 3461 erit
942 3406 1037 3460 fllium.
1060 3408 1148 3460 Simili
1166 3409 1258 3476 modo,
1277 3409 1299 3462 si

65 3516 123 3570 qua
134 3503 274 3558 ardentius
287 3506 348 3572 plus
360 3507 436 3572 cupit
448 3505 531 3560 liliam
544 3508 656 3574 gignere
668 3519 750 3573 quam
764 3506 861 3573 filium,
875 3519 952 3561 suam
965 3506 1035 3560 dans
1056 3512 1103 3562 eut
1123 3520 1226 3562 vovens
1243 3510 1299 3562 ala·

64 3603 151 3657 criter
162 3617 279 3671 servam,
294 3604 409 3659 firmiter
421 3611 542 3673 tempore
562 3606 726 3659 adveniente
742 3588 855 3661 ¹editura
878 3609 929 3661 erit
941 3608 1036 3661 liliam.
1057 3611 1178 3675 Namque
1190 3609 1219 3660 in
1232 3614 1298 3661 tem·

64 3714 135 3768 pore
146 3703 274 3770 gignendi
288 3705 309 3756 si
322 3717 376 3772 qua
389 3705 459 3759 male
472 3706 577 3772 patiens
587 3711 634 3758 aut
646 3712 779 3772 torquens
791 3707 819 3758 in
842 3706 1025 3760 obstinatione
1047 3711 1142 3772 partus
1159 3706 1251 3774 fuerit,
1270 3711 1298 3761 et

63 3803 227 3855 memoriam
240 3804 325 3857 incliti
339 3805 464 3872 martyris
477 3804 601 3859 rioscelli
621 3806 788 3871 excitaverit,
813 3806 993 3860 desiderabile
1015 3806 1066 3859 sibi
1091 3808 1189 3860 sentiet
1202 3806 1299 3861 adesse

10 3906 45 3959 55
63 3900 235 3970 suffragium.
249 3906 392 3958 Praeterea
404 3904 439 3957 ad
450 3907 510 3972 ejus
522 3906 683 3959 memoriam
706 3906 782 3958 multi
807 3906 968 3959 delictorum
987 3907 1094 3959 veniam
1116 3907 1227 3960 fletibus
1239 3920 1299 3974 pro·

64 4008 211 4056 merentur
221 4009 390 4071 3praestante
403 4006 518 4059 bomino
531 4011 624 4059 nostro
634 4008 700 4059 iesu
712 4006 881 4072 cbristo,qui
894 4019 956 4060 cum
968 4008 1047 4060 Patre
1057 4012 1084 4060 et
1093 4007 1195 4074 Spiritu
1204 4013 1298 4061 sancto

61 4103 174 4156 meritis
186 4106 272 4156 sancti
285 4104 409 4158 Flosoelli
420 4106 566 4158 innumera
580 4105 793 4159 misericorditer
805 4118 837 4159 ac
849 4105 997 4173 glorianter
1016 4107 1147 4160 miracula
1160 4112 1298 4173 operatur,

60 4204 162 4258 vivens
174 4208 202 4256 et
214 4216 332 4271 regnans
346 4217 396 4270 per
407 4204 571 4257 immortalia
585 4205 694 4257 saecula
707 4206 891 4258 saeculorum.
905 4205 1000 4259 Amen.

310 4302 453 4368 Explicit
470 4304 580 4368 passio
598 4303 705 4356 sancti
723 4304 867 4357 Floseelli
886 4304 1050 4371 martyris.

96 4519 133 4584 (l)
145 4519 199 4570 Gir.
215 4519 299 4585 Neget
311 4518 345 4571 (le
358 4519 384 4573 la
396 4519 514 4583 Coudre,
528 4533 555 4584 p.
567 4520 609 4571 22.
