3316 5482
454 373 548 423 tuen.
566 373 650 423 usu.
668 372 785 423 euers.
806 392 851 404 -
866 372 1022 422 assumo.
1041 370 1186 453 anteon.
1205 365 1280 419 sset.
1411 353 1478 419 509

235 541 326 602 nitati,
337 539 539 606 pulcherrimae
552 541 681 593 castitatis
700 541 883 606 integritatem
902 539 1049 606 propalasti
1067 555 1073 590 :
1088 539 1166 592 sicuti
1184 539 1259 591 euim
1281 538 1352 606 ignis
1369 538 1475 604 absque

234 639 383 706 dispendio
396 641 438 694 sui
451 654 485 694 ex
497 654 557 694 sese
569 641 744 707 splendorem
756 641 842 708 gignit
854 646 937 707 atquc
955 640 1014 707 apis
1029 639 1152 692 sobolem
1172 638 1301 692 inviolata
1318 639 1474 706 virginitate

236 740 368 807 concipit,
381 741 418 794 ita
439 741 580 807 nimirum,
603 742 641 794 ila
662 753 739 794 sacra
759 739 902 808 virginitas
924 740 965 794 sui
989 739 1101 806 pudoris
1121 740 1182 792 sine
1202 738 1394 804 diminutione,
1409 739 1475 792 dum

237 854 349 909 semper
357 856 414 896 non
427 856 559 909 pomposo
573 842 676 896 mundo
691 841 737 895 sed
750 855 815 895 vero
829 845 882 895 beo
895 841 1065 907 complacere
1079 841 1168 909 gestit,
1182 841 1234 907 ipsi
1255 840 1368 907 pignera
1390 840 1475 893 verbo

200 940 219 991 tt
236 947 264 994 et
274 941 401 1008 exemplo
411 942 582 994 incessanter
591 941 816 1007 parturitverum
829 939 940 993 interim
954 940 1052 994 vellem
1063 941 1130 993 tanti
1144 939 1336 993 celsitudinem
1356 939 1475 1006 portenti

239 1039 435 1108 quoquomodo
456 1045 547 1094 mente
567 1039 795 1104 animadvertere,
810 1040 908 1092 vellem
928 1041 1007 1106 cujus
1028 1040 1062 1092 sit
1079 1039 1302 1106 comparationis,
1317 1038 1369 1091 nisi
1390 1038 1472 1091 aridi·

238 1148 280 1195 tas
288 1142 379 1196 tenuis
391 1141 551 1208 propediret
559 1140 672 1208 ingenii,
683 1138 825 1206 pensando
839 1138 988 1192 ruminare.
997 1142 1120 1205 Namque
1132 1138 1199 1206 quid
1212 1151 1294 1205 super
1303 1138 1355 1191 boc
1368 1138 1474 1204 sapien·

241 1243 310 1296 tium
323 1242 457 1296 industria
475 1242 669 1309 conjectaverit
680 1241 741 1307 ipsa
749 1241 865 1305 viderit,
879 1240 946 1292 milri
959 1254 1060 1308 nempe
1072 1241 1095 1292 is
1107 1241 1154 1306 qul
1167 1246 1273 1294 tanturn
1291 1239 1385 1306 valuit,
1398 1239 1474 1306 parvi

240 1356 416 1410 nequaquam
435 1342 542 1395 videtur
560 1342 660 1394 meriti.
674 1341 904 1408 Quotiescumque
925 1342 1025 1408 quippe
1046 1339 1198 1394 sanctitatis
1219 1339 1292 1392 lilius
1310 1339 1382 1392 beati
1403 1339 1472 1392 calvi

189 1444 222 1497 to
240 1444 322 1509 vatis,
335 1441 382 1509 qui
394 1440 458 1510 igne
470 1455 486 1495 e
498 1442 575 1496 caelo
587 1442 731 1508 impetrato
743 1441 786 1494 bis
798 1440 1064 1508 quinquagenarium
1074 1453 1137 1493 curn
1147 1453 1196 1494 suo
1206 1440 1314 1509 agmine
1327 1439 1433 1505 stravit,
1444 1439 1473 1492 in

239 1542 352 1608 cujusve
360 1541 485 1608 sepulcro
494 1540 679 1594 exanimatum
690 1539 809 1593 hominis
822 1539 939 1592 cadaver
953 1539 1058 1603 revixit,
1070 1539 1241 1604 reminiscor,
1251 1545 1279 1591 et
1292 1538 1374 1604 hujus
1387 1538 1472 1591 nostri

238 1641 377 1710 lligomeri
390 1640 491 1695 lactum
503 1653 519 1693 e
532 1641 642 1708 regione
655 1638 842 1705 contemplor:
856 1638 988 1706 quoniam
1001 1639 1118 1705 primum
1133 1640 1213 1692 lecit·
1224 1631 1339 1705 [scilicet
1350 1640 1469 1708 igneme
1487 1628 1496 1648 ⁸
1509 1640 1591 1706 quat?
1602 1627 1653 1706 Ῐὲῖθ

240 1739 319 1794 caelo
339 1738 678 1806 impetravit1,secundum
696 1739 809 1803 [scilicet
829 1738 966 1792 bominem
988 1737 1140 1803 suscitare],
1154 1738 1176 1790 si
1198 1738 1345 1791 necessitas
1365 1738 1469 1791 incum·
1510 1707 1638 1815 {mm

240 1839 329 1905 beret,
339 1839 445 1894 edicere
457 1852 536 1908 posse
548 1840 698 1893 certissime
710 1838 792 1892 credo
802 1857 809 1903 3
819 1851 917 1905 neque,
926 1844 1058 1904 quantum
1072 1836 1106 1890 ad
1121 1839 1338 1906 admirationem,
1348 1840 1466 1907 primum
1486 1828 1569 1904 sunt,
1582 1825 1654 1904 udje

188 1939 220 1991 tlt
239 1940 279 2004 [id
292 1943 334 1992 est
344 1929 457 2007 ignem],
470 1939 572 1992 reterre
584 1950 599 1990 a
610 1937 733 1992 secundo
746 1936 783 2005 [id
796 1943 836 1990 est
855 1937 890 1989 ab
908 1937 1020 1991 bomine
1037 1937 1192 2005 vividcatol,
1206 1939 1300 2004 immo,
1313 1939 1336 1992 si
1354 1939 1408 1993 dici
1427 1942 1468 1993 las
1488 1893 1650 2011 ῃξὲξῶξῗη

239 2039 285 2103 slt,
298 2044 430 2106 quamum
452 2038 504 2092 boc
523 2039 622 2103 rarius,
635 2043 711 2091 tanto
730 2037 881 2089 mirabilius
901 2038 1044 2090 assentior.
1057 2040 1123 2090 cum
1145 2050 1265 2106 namque
1276 2039 1338 2106 quis
1359 2045 1466 2095 mortuo
1495 2024 1640 2091 martine

237 2137 365 2205 spiritum
377 2136 553 2205 redintegrat,
567 2136 594 2188 id
617 2136 691 2204 quod
711 2135 806 2189 habuit
818 2136 912 2202 procul
933 2136 1355 2206 dubiorestaura131ligomerus
1374 2144 1465 2193 autem
1491 2091 1651 2210 υῗέῃὶἶρῃῗι

237 2236 267 2288 in
280 2236 333 2290 boo
344 2248 426 2303 opere
439 2232 615 2288 ineffabiliter
627 2234 750 2288 exhibuit
762 2235 834 2302 quod
848 2249 998 2301 numquam
1011 2235 1057 2288 illa
1071 2236 1183 2290 materia
1196 2237 1341 2291 continuit
1356 2240 1472 2305 stupen-

237 2333 306 2387 dum
324 2338 396 2387 certe
408 2334 470 2400 boc,
487 2334 666 2388 nibilominus
678 2340 705 2386 et
716 2333 793 2401 illud,
808 2338 834 2386 et
845 2333 918 2400 quod
932 2335 1104 2400 potissimum
1124 2340 1247 2389 autumet
1258 2335 1375 2390 delinire
1393 2337 1470 2404 pavl-

187 2436 218 2489 tu
238 2437 279 2487 tat
289 2434 408 2499 animus,
421 2437 569 2500 utrumque
580 2446 645 2487 vero
657 2446 744 2500 aeque
762 2438 858 2500 pensat
870 2435 898 2485 iu
911 2435 1005 2500 coqui
1018 2435 1179 2488 mirabiliter
1196 2435 1319 2502 disponit
1330 2438 1424 2491 omnia
1442 2437 1470 2491 in

240 2533 380 2586 omnibus.
393 2534 468 2586 luter
481 2530 549 2586 haec
560 2545 637 2595 sane,
650 2547 667 2586 o
679 2539 772 2586 sancta
784 2531 910 2599 dulcedo,
923 2532 989 2586 dum
1002 2539 1049 2587 tua
1062 2535 1179 2588 maxima
1191 2534 1311 2601 revolvo,
1322 2549 1412 2590 meam
1422 2538 1470 2589 im·

240 2632 417 2687 becillitatem
430 2634 552 2701 mihique
564 2633 693 2686 similium
711 2638 880 2700 pertractans
899 2646 1076 2702 compungor,
1090 2636 1231 2702 quoniam,
1245 2637 1268 2688 si
1280 2637 1384 2704 aliquid
1403 2639 1470 2692 boni

239 2731 286 2784 vel
297 2731 411 2784 strictim
432 2730 607 2797 incohavero,
620 2732 654 2786 ad
676 2739 787 2786 tenuem
806 2735 1003 2800 cujuscumque
1024 2734 1220 2803 objurgationis
1238 2748 1286 2790 seu
1299 2741 1471 2803 contemptus

240 2842 338 2882 auram
358 2830 481 2884 mnditus
502 2832 596 2891 reicio,
610 2845 641 2885 ac
661 2833 683 2884 si
704 2847 760 2887 non
781 2833 937 2899 speculetur
954 2837 1025 2887 beus
1038 2835 1089 2887 nisi
1103 2835 1177 2902 quod
1190 2849 1237 2889 ore
1250 2836 1404 2890 celebratur
1422 2839 1471 2890 bu·

186 2931 219 2984 to
238 2942 333 2983 mano.
346 2931 377 2982 tt
388 2936 427 2995 tu,
440 2931 619 2998 signipotens,
633 2944 807 3000 nequaquam
819 2933 881 2985 talis
896 2949 902 2983 :
918 2938 1043 3000 coeptum
1062 2935 1164 3001 quippe
1182 2947 1250 3001 opus
1263 2937 1366 2989 bonum
1379 2949 1470 3004 neque

237 3028 397 3095 suspicione
408 3042 498 3096 neque
517 3028 718 3085 declamatione
730 3046 821 3099 neque
834 3032 1009 3099 despectione
1021 3034 1145 3099 omisisti,
1158 3033 1206 3087 sed
1229 3034 1262 3087 ad
1275 3035 1359 3088 talum
1380 3048 1469 3102 usque

236 3127 403 3195 perduxisti,
417 3143 505 3198 eoque
517 3130 598 3185 modo
611 3133 675 3199 quia
696 3133 771 3186 nulla
785 3147 914 3200 umquam
926 3135 1013 3187 virtus
1034 3135 1086 3187 nisi
1100 3136 1211 3200 provida
1224 3135 1352 3201 patientia
1366 3136 1467 3190 servari

234 3226 327 3281 valeat
347 3229 499 3295 assignasti.
512 3231 639 3298 Quisquis
651 3246 715 3300 ergo
736 3234 882 3287 hanovere
903 3235 1041 3288 victricem
1063 3235 1175 3301 adipisci
1194 3234 1339 3303 desiderat,
1353 3236 1434 3289 abeo
1451 3250 1467 3289 a

235 3338 294 3392 quo
314 3330 343 3380 tu
355 3327 496 3381 obtinuisti
508 3330 648 3385 inhianter
660 3331 789 3398 deposcat
802 3347 809 3386 τ
824 3347 888 3387 nam
901 3335 947 3401 qui
961 3334 1072 3388 aliunde
1088 3335 1236 3402 quicquam
1248 3335 1375 3389 utilitatis
1392 3351 1468 3404 prae·

186 3427 215 3479 lo
235 3424 352 3478 stolatus
364 3425 455 3491 luerit,
469 3442 528 3482 sese
540 3430 635 3484 tallere
647 3433 813 3499 quandoque
826 3433 985 3499 pervidebit.

269 3525 444 3589 [viullam
455 3540 521 3581 vcro
533 3527 568 3581 ad
580 3529 764 3595 supplendum
778 3532 944 3597 propositum
959 3546 1048 3586 sermo
1061 3534 1165 3600 redeat,
1176 3548 1231 3602 quo
1243 3535 1323 3589 citius
1335 3536 1469 3602 perplexi·

234 3623 1465 3703 tatiterminumindicatltaque,sicutpraemisimus‚regiissanctis·bomini,ltigomerus
1523 3652 1533 3672 ·
1569 3652 1575 3666 ·

233 3721 343 3775 scilicet
355 3728 435 3790 atquc
447 3726 586 3793 virgineus
598 3727 647 3781 llos
659 3729 834 3795 Thenestiua,
847 3731 941 3784 donati
959 3733 1074 3798 exeniis,
1088 3734 1272 3788 valedicentes
1290 3741 1415 3803 augusto,
1431 3736 1466 3790 ad

233 3831 286 3872 sua
295 3821 371 3873 ocius
382 3827 446 3874 sunt
458 3825 584 3890 regressi.
592 3825 687 3879 Paucis
698 3840 763 3894 ergo
775 3833 836 3893 post
845 3829 1067 3883 emensisdiebus
1076 3832 1239 3884 thenestina
1250 3833 1327 3885 beata
1339 3840 1464 3887 sanctum

185 3921 215 3973 itt
232 3919 384 3972 antistitem
396 3921 492 3974 adiens
502 3924 703 3991 innocentium,
718 3926 821 3979 indicat
847 3932 902 3981 tota
922 3941 951 3980 se
971 3928 1099 3982 aviditate
1120 3932 1369 3985 sanctimonialium
1390 3934 1466 3988 sitire

231 4016 404 4084 religionem,
428 4021 585 4075 nullatenus
604 4029 696 4076 tamen
717 4038 893 4089 praesumere
914 4027 1046 4094 attingere
1068 4027 1120 4079 nisi
1139 4028 1174 4082 ob
1197 4031 1295 4081 summi
1317 4031 1465 4085 sacerdotis

231 4115 396 4169 sollemnem
406 4121 621 4173 consecrationis
635 4123 795 4176 orationem.
810 4125 878 4176 Tum
890 4125 931 4176 vir
943 4125 1000 4189 bei,
1024 4124 1171 4178 discretam
1193 4128 1300 4193 puellae
1318 4127 1464 4183 advertens

231 4214 396 4269 industriam
409 4231 441 4271 ac
451 4217 634 4287 devotionem,
649 4222 692 4286 pia
708 4223 894 4277 exhortatione
906 4225 1016 4278 abunde
1029 4225 1170 4279 delinitam
1184 4234 1335 4281 consecrat.
1351 4231 1463 4296 beinde,

230 4315 361 4379 exemplo
383 4317 441 4382 tali,
463 4324 558 4384 utpote
578 4320 709 4385 providus
731 4327 818 4388 pater,
840 4324 939 4376 multas
961 4337 1010 4377 suo
1032 4325 1089 4392 regi
1113 4339 1277 4394 praesagans
1290 4329 1389 4380 lucrari
1403 4331 1463 4396 ejus

185 4413 210 4468 to
229 4426 314 4466 sexus
326 4427 466 4481 personas,
480 4430 534 4482 quo
548 4422 743 4472 monasterium
756 4435 820 4474 suae
833 4423 996 4488 professioni
1010 4423 1140 4476 idoneum
1151 4437 1236 4490 penes
1243 4427 1465 4482 dinomannense

227 4512 374 4579 oppidum,
387 4514 453 4567 binc
474 4530 563 4580 runco,
585 4519 648 4570 hinc
668 4533 749 4572 amno
769 4535 784 4572 a
807 4522 992 4575 saecularibus
1012 4527 1159 4587 secretum,
1182 4524 1313 4578 conderet
1330 4526 1462 4595 assignat.

227 4611 308 4677 Quod
320 4613 385 4666 felix
397 4615 501 4681 capella
512 4616 630 4670 libenter
640 4620 792 4687 complexa,
805 4621 948 4675 ecclesiam
960 4621 989 4673 in
1007 4623 1112 4676 bonore
1133 4624 1180 4676 bei
1201 4626 1340 4692 genitricis
1361 4640 1459 4694 perpe-
