3316 5482
438 350 930 438 arnu.rrur.ran1s.-cou.
951 371 1029 425 seor.
1316 359 1353 424 ll

111 550 245 611 teatnrm,
257 546 348 612 primo
359 544 393 598 ad
405 543 568 598 electionem
580 541 673 610 populi
686 542 776 597 recita
786 542 963 595 venatoribus
971 541 1129 609 aliquantas
1141 543 1214 595 ieras
1226 542 1353 596 interlici.

113 646 194 700 circa
204 646 316 699 tertiam
327 658 391 698 vcro
412 645 507 697 horam
527 644 591 697 iecit
608 650 733 697 sanctum
756 644 944 696 lilcutberium
963 643 1080 711 ingredi.
1094 645 1126 696 dl
1140 643 1260 710 positum
1272 644 1353 697 estin

113 748 269 811 conspectu
290 744 350 810 ejus
371 744 512 796 clibanum
534 743 633 811 ingens
649 749 676 795 ct
692 742 824 807 candens,
838 747 866 795 et
878 742 1045 796 intrinsecus
1058 748 1118 796 erat
1131 743 1246 796 sudibus
1259 742 1356 796 ferreis
1418 780 1420 784 Α

113 844 292 896 instructum.
305 845 337 895 lit
347 842 415 895 dixit
426 842 460 896 ad
472 856 536 895 eum
548 841 682 895 corribon
695 843 891 907 praefectust:
908 842 1017 895 Omnes
1036 843 1142 910 pentes
1160 841 1356 908 majestatem

76 939 241 996 tidomini
261 941 365 996 nostri
382 941 521 994 Adriani
539 939 673 1009 Aopucti
693 943 909 994 venerantur³
930 943 960 994 et
980 953 1052 995 cum
1075 941 1162 995 omni
1179 940 1356 994 reuerentia

106 1038 313 1106 jussionibus
323 1041 392 1106 ejus
403 1040 623 1108 obteinperont.
640 1041 684 1093 Tit
695 1040 783 1093 aolus
795 1039 949 1093 inveniris
961 1039 1114 1108 superbus
1126 1042 1156 1093 et
1167 1041 1359 1107 contemptor

105 1139 129 1204 j
132 1138 313 1193 nacionibus
324 1139 401 1205 duc.
417 1141 612 1208 Quapropter
624 1141 682 1192 aut
700 1138 1009 1206 aediepraeceptom
1017 1139 1123 1205 ejuoet
1136 1139 1209 1193 deoc
1224 1140 1360 1206 deasque

116 1249 198 1305 quoa
208 1237 285 1293 colit
295 1241 308 1276 ⁵
317 1237 420 1292 adora
430 1241 489 1292 aut
500 1237 584 1307 sciar
601 1238 681 1306 quod
698 1240 727 1291 te
737 1243 749 1279 ⁶
761 1237 796 1290 io
808 1238 867 1292 icto
879 1237 1003 1292 clibano
1014 1238 1112 1292 mitto.
1126 1238 1194 1291 llicit
1206 1239 1232 1291 ei
1245 1243 1357 1291 sauctus

116 1334 294 1387 mentirer-ius
312 1350 320 1387 ι
338 1335 432 1399 Audi,
446 1335 609 1404 praefecte
625 1340 637 1376 ⁷
652 1334 808 1390 cormbon.
827 1335 871 1389 dtr
887 1335 980 1390 babes
996 1341 1125 1403 repent8
1149 1340 1239 1389 tuum
1251 1335 1307 1403 qui
1328 1337 1359 1388 te

62 1436 96 1488 ltl
110 1431 316 1501 praefectum
328 1432 424 1502 feeit,·
435 1437 465 1489 et
484 1448 538 1503 eoo
559 1433 653 1489 iuteo
672 1439 800 1503 repemt
818 1447 922 1489 meum
937 1435 993 1502 qui
1008 1449 1058 1488 me
1074 1434 1151 1504 fecit
1169 1434 1356 1502 epiceopum.

121 1532 368 1587 Unuaeduobua
380 1533 430 1587 bia
441 1533 566 1602 repibuc
581 1533 638 1603 qui
653 1533 773 1602 vicerit,
792 1533 896 1603 bosom
914 1535 1050 1588 adorari
1065 1536 1184 1602 φονέει
1200 1547 1221 1587 o
1233 1535 1323 1586 meet
1336 1546 1357 1586 a

115 1632 160 1683 te.
171 1630 206 1684 Si
226 1631 311 1684 enim
321 1632 433 1688 vicerit
449 1633 595 1688 clibanus
605 1638 618 1675 ⁹
628 1635 704 1687 tuuc
715 1632 810 1701 fidem
819 1637 842 1674 ¹⁰
856 1645 969 1702 mmm,
982 1635 1065 1689 recte
1080 1647 1134 1702 epo
1147 1632 1243 1687 odoro
1255 1644 1358 1700 repem

115 1730 219 1782 tuum.
232 1731 265 1784 Si
274 1744 347 1787 vero
358 1733 460 1788 victua
478 1732 579 1801 fuerit
590 1746 612 1788 a
621 1737 641 1775 ¹1
661 1744 736 1800 repe
752 1746 819 1786 meo
840 1731 985 1787 clibanus
997 1736 1081 1800 tuuc,
1096 1735 1131 1786 tu
1144 1732 1247 1787 odora
1260 1733 1360 1785 Deum

33 1822 38 1832 ’
116 1840 225 1883 meum
235 1831 343 1885 lecum
359 1831 527 1887 coricium.

62 1928 95 1980 i5
152 1927 199 1979 11.
210 1930 288 1981 lunc
296 1929 379 1995 lussit
389 1929 526 1983 Adrianus
538 1931 688 1997 imperator
699 1933 730 1982 ut
745 1930 774 1982 in
796 1930 939 1984 clibanum
956 1936 1068 1985 sauctus
1080 1931 1254 1985 llleutlrerius
1265 1929 1352 1981 mitte

117 2030 206 2078 retur.
220 2029 381 2095 Respiciens
397 2035 489 2084 autem
509 2031 539 2084 in
555 2031 662 2084 caelum
681 2036 792 2083 sauctus
812 2029 994 2098 dleutbcrius,
1011 2028 1080 2104 dixit
1099 2028 1287 2082 :Gaudium
1306 2038 1358 2080 no

116 2124 223 2178 atrum
236 2129 266 2180 et
277 2140 387 2182 oerum
404 2130 510 2184 tumen
521 2129 707 2183 animarum
724 2128 919 2183 credentium
931 2128 967 2180 tn
978 2131 1016 2194 te,
1033 2130 1069 2181 tu
1087 2127 1149 2182 ocia
1165 2126 1242 2194 quia
1254 2138 1359 2182 omnes

111 2222 285 2288 pascimoes
290 2238 353 2294 pro
364 2228 491 2282 nomine
503 2230 556 2282 tuo
567 2226 648 2280 mibi
658 2232 791 2280 suavert
803 2229 887 2280 aunt.
901 2227 958 2280 Sed
970 2226 1163 2281 uinciendas
1175 2224 1360 2279 contenden-

118 2318 203 2375 tibus
213 2326 327 2380 eontra
339 2328 369 2380 te
379 2325 485 2380 omnia
497 2327 649 2380 elemento
661 2339 728 2380 esce
739 2326 905 2380 contrario
914 2328 935 2391 ²,
947 2338 1011 2380 non
1029 2326 1182 2380 concedas
1193 2337 1243 2377 me
1255 2322 1360 2391 samec

58 2417 97 2470 20
117 2416 186 2471 lum
198 2423 292 2476 tuum
304 2424 339 2477 in
351 2424 410 2478 tcto
421 2424 545 2479 clibano
556 2425 708 2479 corwumi.
721 2428 844 2492 cumque
856 2426 925 2478 baec
942 2424 1054 2478 dixisset
1072 2430 1099 2478 et
1107 2425 1224 2490 jactatus
1242 2427 1315 2476 esset
1328 2422 1356 2475 in

119 2521 242 2589 clibano,
255 2523 321 2576 illae
332 2523 432 2577 sudes³
443 2525 548 2578 terreae
565 2525 644 2591 quusi
663 2524 770 2591 ligneae
784 2524 899 2577 luissent
911 2525 946 2576 ita
959 2528 1139 2590 consumptae
1152 2527 1226 2589 sunt,
1243 2527 1270 2575 et
1281 2522 1354 2574 intus

118 2619 236 2689 limpida
245 2620 340 2676 omnia
352 2626 380 2674 et
391 2620 565 2690 frigidissima
578 2625 644 2674 sunt
655 2619 759 2675 edecta.
770 2621 888 2687 (Cetera
900 2621 1146 2685 desiderantur.)

274 3025 526 3117 GOLXXVII.
550 3030 676 3118 (lodex
706 3030 898 3139 signabis
925 3055 1040 3118 uum.
1061 3028 1188 3119 5297.

155 3244 228 3298 olim
241 3242 530 3305 fulcardimontensis,
543 3242 646 3296 deiude
657 3243 829 3296 colbertinus
841 3247 901 3310 bil,
914 3249 1007 3311 postea
1019 3244 1119 3312 Regius
1130 3247 1159 3298 c.
1174 3245 1249 3296 359³.
1263 3246 1288 3294 t.

161 3342 303 3397 Foliorum
316 3344 372 3411 roo,
385 3345 449 3410 mal.
461 3345 552 3409 (b·‚ll
567 3351 592 3402 ><
607 3345 703 3409 lidio),
715 3343 851 3398 columnis
863 3344 945 3409 binis,
959 3351 1087 3398 exaratus
1098 3356 1169 3396 saec.
1183 3344 1250 3395 ltili.

229 3439 267 3515 1⁰
293 3439 436 3542 [Passio
455 3442 578 3519 sancti
599 3441 830 3543 Tryphonis]
847 3441 924 3540 (iol.
949 3440 1062 3541 Μ’).

159 3573 212 3627 ud.
225 3586 317 3640 supra,
330 3578 396 3627 tom.
410 3576 431 3639 1,
445 3588 472 3639 p.
484 3575 584 3637 estol,
606 3575 699 3627 multis
718 3575 885 3628 lectionibus
907 3575 1085 3627 variantibus.
1099 3573 1243 3639 lmphata,
1257 3571 1359 3625 avulsis

123 3673 155 3727 in
167 3674 257 3739 capite
269 3673 351 3736 loliis,
368 3673 603 3727 incsstaonctua
613 3672 723 3741 Trison
736 3673 836 3727 dixit:
851 3674 895 3727 lie
906 3672 1172 3727 centumceleriuo
1186 3672 1362 3738 epredere...

124 3777 216 3837 (num.
232 3775 263 3825 lt)
274 3773 368 3836 med).

227 3871 266 3948 2⁰
283 3872 416 3951 Passio
433 3873 555 3950 sancti
574 3871 731 3949 Phileae
750 3871 939 3973 episcopi,
961 3872 1071 3971 quus
1096 3869 1236 3947 natalis
1250 3891 1361 3946 reco-

278 3995 374 4074 litur
391 3995 520 4098 pridie
538 4018 661 4074 nouas
680 3994 867 4072 februarii
885 3993 962 4093 (fol.
984 3992 1103 4092 lV-ii'l.

163 4128 273 4181 Eusebil
292 4128 373 4183 Iret.
395 4129 476 4183 Ecel.
498 4129 646 4194 interprete
662 4127 770 4191 Rufino,
793 4128 841 4179 lib.
864 4139 921 4189 rur,
944 4140 1004 4193 cap.
1019 4128 1072 4192 l-5‚
1085 4128 1102 4180 o
1113 4127 1187 4193 (pars
1201 4126 1361 4191 posterior:

163 4293 256 4347 Num
272 4292 322 4344 10.
334 4320 369 4331 ·-
381 4297 389 4331 ¹
403 4292 499 4360 priua
519 4292 667 4358 praefecte.
679 4296 735 4331 -2
754 4292 819 4346 cod.
834 4292 904 4358 proi.
916 4295 972 4331 -³
989 4293 1023 4356 (a.
1039 4293 1074 4355 v.)
1095 4290 1162 4344 cod.
1175 4290 1261 4357 agusti
1283 4289 1366 4342 bene·

128 4380 237 4429 rantur.
247 4403 281 4414 -
290 4380 303 4416 ⁴
308 4375 405 4443 prices
417 4375 471 4428 adi.
480 4402 514 4413 -
524 4379 536 4414 ⁵
541 4375 637 4442 prius
650 4375 730 4429 colat.
743 4403 776 4412 -
787 4379 799 4415 ⁶
810 4373 904 4439 (adora
925 4375 1021 4438 aut-et)
1042 4373 1108 4427 cod.
1123 4373 1218 4425 adorat
1239 4372 1364 4438 sciasque

127 4471 211 4526 quos.
232 4486 263 4496 -
285 4458 370 4512 ⁷cod.
381 4459 511 4524 proiecto.
533 4486 565 4497 -
575 4464 587 4498 ⁸
597 4458 690 4525 prius
706 4471 831 4525 regnum.
845 4485 878 4495 —
894 4462 905 4498 ⁹
920 4455 1179 4523 priusclibanum.
1192 4483 1224 4493 -
1237 4455 1360 4522 topriur

129 4539 234 4594 sedem.
246 4568 279 4579 -
291 4544 311 4579 ¹¹
318 4540 416 4607 prius
428 4539 474 4593 ad.

164 4624 258 4675 Num.
273 4626 318 4677 11.
331 4651 364 4663 -
376 4628 384 4662 1
392 4624 488 4690 priua
500 4638 592 4678 suave.
609 4652 639 4663 -
651 4630 663 4664 ²
674 4623 739 4677 cod.
753 4623 915 4676 contrarias.
927 4650 961 4662 -
972 4627 984 4663 ³
995 4623 1062 4678 eod.
1077 4621 1188 4675 subdes.
