3316 5482
209 333 277 400 602
552 352 679 403 caran.
699 353 801 403 cono.
820 353 995 404 naamon.
1014 354 1096 405 aar.

241 519 394 586 capitulum
404 523 446 575 18.
462 520 511 574 uti
524 520 624 574 tielena
633 521 738 575 invenit
746 533 861 588 corpora
873 522 956 576 trium
969 535 1073 589 regum.

240 620 395 685 capitutum
406 622 448 674 to.
460 621 509 674 Ubi
522 620 624 674 lielena
636 634 732 674 eorum
745 632 860 687 corpora
869 622 968 686 posuit.
983 623 1020 674 lie
1031 634 1135 675 corona
1147 623 1248 676 consti
1260 623 1361 691 spinea.

241 719 393 785 capitulum
404 722 446 773 itt).
461 720 581 785 Qualiter
592 733 707 788 corpora
720 721 802 773 trium
814 733 909 788 regum
921 725 1058 773 venerunt
1068 719 1267 777 Mediolanum.

240 819 393 886 capitutum
404 821 447 872 til.
461 819 580 883 Qualiter
591 833 688 873 eorum
699 831 814 887 corpora
826 824 960 873 uenerunt
972 819 1122 873 Coloniam.

128 972 131 979 ,
240 919 392 986 Capitulum
404 919 446 973 52.
461 920 582 982 Qualiter
594 919 722 972 haeretici
732 932 780 984 per
792 920 913 985 ipsorum
926 931 1020 986 regum
1033 932 1150 972 munera
1163 918 1380 974 confunduntur.

240 1017 392 1085 capitulum
403 1020 445 1072 st.
460 1019 579 1083 Qualiter
588 1019 639 1085 ipsi
651 1031 729 1087 reges
741 1018 775 1071 al)
787 1018 916 1071 omnibus
930 1016 1066 1084 honorati,
1080 1018 1163 1071 etiam
1185 1019 1333 1073 haereticis
1343 1025 1369 1073 et
1379 1018 1426 1073 ini·

206 1115 323 1171 delibus.
339 1120 375 1171 lte
387 1118 552 1185 presbyteris
565 1117 707 1183 Indorum,
720 1118 767 1185 qui
779 1118 855 1171 scissi
869 1124 934 1170 sunt
946 1129 996 1182 per
1007 1117 1120 1169 terrum.
1138 1120 1175 1170 lte
1187 1131 1252 1172 arca
1264 1118 1427 1173 lloe.1)eillis

207 1215 254 1282 qui
267 1216 440 1284 baptizantur
448 1231 498 1284 per
510 1218 614 1272 terrum
626 1217 784 1271 candidum.
795 1220 832 1272 lte
843 1216 967 1284 Origene.

241 1317 394 1384 capitulum
405 1319 447 1371 tit.
462 1319 499 1371 lie
510 1317 695 1371 celebratione
707 1316 885 1383 Epiphaniae.
897 1319 935 1369 lte
946 1314 1075 1368 iordane.
1089 1316 1127 1368 lto
1140 1316 1209 1368 mari
1234 1317 1387 1373 maledieto.
1400 1320 1429 1370 lte

208 1417 312 1470 Triaca.

240 1515 392 1582 capitulum
405 1517 446 1569 aa.
458 1518 495 1570 lie
504 1516 645 1584 evangetio
657 1516 833 1583 Epiphaniae.
848 1515 968 1580 Qualiter
980 1512 1165 1570 diversimode
1178 1514 1289 1582 legitur.

240 1616 392 1683 capitulum
403 1618 445 1670 dd.
459 1616 535 1681 Quod
548 1616 667 1669 Gentiles
681 1617 818 1668 honorant
829 1618 884 1668 tres
897 1627 982 1683 reges.

241 1715 394 1781 capitutum
406 1719 447 1770 st.
461 1719 499 1770 lte
510 1715 662 1769 Nestorinis
674 1715 809 1781 pessimis.
832 1716 869 1767 lie
888 1714 1054 1781 imperatore
1076 1718 1263 1769 tartarorum.
1284 1716 1322 1768 lte
1335 1715 1436 1783 Babylo·

208 1813 262 1868 nia.
273 1817 311 1868 lte
323 1816 421 1869 arbore
435 1814 522 1870 arida.

239 1913 391 1981 Capitulum
403 1917 444 1968 18.
459 1917 496 1968 lie
505 1915 711 1968 Nestorinorum
723 1912 918 1967 destructione.
930 1914 997 1967 ltem
1008 1913 1054 1966 ulti
1076 1925 1151 1966 nunc
1164 1917 1320 1967 morantur.
1334 1915 1373 1967 lio
1385 1926 1437 1967 cor·

206 2024 272 2080 porc
284 2014 354 2067 beati
367 2016 486 2069 Thoruae
498 2013 622 2080 apostoli,
634 2013 681 2067 ubi
693 2025 768 2066 nunc
780 2012 895 2078 quiescit
907 2020 935 2064 et
946 2012 991 2065 sit.

237 2111 1025 2181 3331313333.111133331333333333]1333133133
1043 2111 1125 2163 trium
1143 2123 1251 2180 regum.
1263 2114 1303 2165 lie
1322 2112 1357 2165 iis
1375 2125 1440 2180 quac

205 2207 334 2263 dicuntur
346 2223 394 2276 per
406 2210 489 2264 indos
506 2210 541 2264 de
552 2212 640 2266 tribus
653 2212 771 2280 regilius.

70 2315 147 2372 0350,
240 2307 393 2374 Capitulum
405 2309 446 2361 10.
460 2309 588 2377 Epilogus
601 2310 784 2378 rigmatizatus
796 2312 814 2363 '.

432 2740 556 2830 DVII.
580 2739 705 2828 Godex
732 2741 920 2850 signatus
941 2767 1053 2832 num.
1080 2740 1230 2831 10846.

242 2951 310 3003 Olim
324 2953 396 3004 Petri
409 2953 512 3006 Pithoei
523 2953 580 3018 (iol.
599 2957 640 3017 tr),
654 2953 755 3006 deinde
768 2954 861 3020 Suppl.
876 2953 922 3006 lat.
938 2955 1010 3006 tots.

242 3054 379 3107 Foliorum
392 3058 434 3120 at,
449 3058 516 3107 min.
530 3056 749 3120 (unimodi),
763 3055 844 3108 lineis
857 3054 955 3120 plenis,
969 3058 1098 3106 exaratus
1109 3065 1180 3105 saec.
1195 3055 1227 3104 x.

259 3154 299 3229 1ο
319 3154 503 3254 [Epistola
525 3155 699 3231 Hilduini
719 3154 872 3232 abbatis
891 3154 941 3230 ad
966 3152 1207 3231 Ludovicum
1226 3152 1442 3252 imperato-

357 3301 440 3355 rem
461 3278 510 3355 de
528 3279 605 3355 vita
623 3279 659 3355 S.
683 3278 869 3379 Dionysii]
884 3277 963 3364 (fol.
990 3278 1130 3374 lr-ltl‘l.

241 3410 290 3463 Eu.
302 3414 329 3464 P.
344 3414 384 3479 E,
399 3419 463 3465 tom.
478 3415 538 3477 cti,
550 3428 575 3477 p.
594 3412 794 3465 1311113133
816 3412 887 3464 soliis
909 3412 937 3462 in
958 3412 1045 3477 capite
1065 3410 1176 3474 codicis,
1190 3412 1324 3478 acephala
1344 3412 1440 3463 iacet

209 3511 452 3577 apostolicorum
463 3512 604 3565 virorum
617 3512 778 3578 ipsiusque
788 3511 883 3564 ctiam
892 3510 980 3563 urbis
990 3511 1181 3576 Romae(oap.
1195 3515 1210 3561 i
1225 3511 1300 3563 circa
1314 3511 1404 3573 merl).

308 3608 349 3684 10
367 3609 538 3709 Epistola
557 3610 732 3687 Hilduini
751 3609 903 3686 abbatis
922 3608 1073 3710 indigni
1101 3609 1151 3685 ad
1169 3616 1336 3688 cunctos
1352 3634 1436 3688 san-

358 3744 442 3812 otae
461 3736 676 3813 catholicae
695 3735 880 3813 ecclesiae
907 3734 1065 3813 11113331
1092 3734 1242 3831 fideles,
1266 3736 1439 3835 pandens

359 3861 561 3962 quomodo
581 3862 754 3940 invenire
777 3861 944 3963 quisque
962 3861 1062 3939 scire
1077 3861 1306 3940 desiderans
1320 3863 1437 3939 valeat

360 3986 398 4060 in
408 3985 572 4085 epistola
587 3985 637 4061 ad
651 3985 1017 4063 christianissimum
1034 3985 1313 4086 imperatorem
1328 3986 1437 4062 Chlu-

357 4105 544 4186 'dovicum
563 4108 724 4206 directa,
746 4109 850 4187 uude
876 4119 914 4188 31
938 4109 1150 4210 qualiter...
1173 4108 1250 4208 (iol.
1275 4108 1433 4197 tot-tto.

244 4243 357 4308 lteliqua
378 4248 409 4294 ut
427 4256 510 4308 supra
528 4243 589 4294 cod.
611 4245 677 4295 illd
698 4245 768 4305 11,11
787 4245 863 4306 (tom.
878 4244 898 4307 l,
913 4257 938 4307 p.
956 4246 1021 4308 118),
1036 4243 1084 4294 utri
1109 4243 1250 4308 inscriptio
1272 4256 1306 4295 es
1327 4244 1435 4298 lectione

211 4342 292 4407 hujus
304 4340 406 4394 codicis
419 4340 581 4406 complenda
594 4347 644 4394 est.

310 4438 349 4514 3⁰
367 4439 574 4539 [Hincmari
607 4438 770 4540 epistola
801 4437 852 4514 ad
883 4437 1064 4515 Carolum
1096 4438 1257 4514 Calvum
1290 4438 1340 4516 (le
1365 4441 1432 4515 vita

358 4563 395 4639 S.
418 4563 603 4664 Dionysii]
621 4563 867 4664 (foliis-llis).

243 4696 291 4750 Ed.
305 4697 334 4748 P.
346 4698 387 4759 lt,
400 4701 466 4749 torn.
479 4697 585 4760 cxxvt,
600 4708 627 4761 p.
643 4696 741 4748 total.
