3316 5482
1089 205 1091 210 '
1198 217 1213 246 e

454 362 548 412 666..
567 363 651 414 nar.
670 364 852 414 66166.-
867 364 1021 415 1666666.
1041 367 1088 416 au
1105 366 1183 417 666.
1203 363 1278 416 6666.
1419 351 1482 418 531

352 530 416 606 110
433 530 565 611 Passio
584 542 806 613 sanctarum
827 535 1023 636 virginum
1049 536 1179 623 Pistis,
1200 535 1244 613 id
1269 544 1327 616 666
1355 536 1482 635 Fides

399 655 528 756 Alpes,
549 655 660 758 quod
677 665 736 736 est
755 657 865 759 Spes,
886 658 1029 759 agape,
1051 661 1162 761 quod
1188 669 1246 739 est
1268 659 1429 773 Caritas,
1446 666 1485 738 et

399 781 535 857 matris
553 802 704 876 earum,
726 780 836 882 quod
854 788 912 860 666
942 781 1176 883 Sapientiae,
1206 783 1271 861 die
1289 782 1485 884 kal[enda-

400 903 501 1005 rum]
517 905 669 1005 augusti
690 904 771 1005 (fol.
796 904 1014 1007 lddf-ilbf).

279 1038 331 1092 66.
345 1037 532 1104 66666166
545 1038 762 1103 corennum.
779 1039 861 1104 666).

351 1136 414 1361 18(ο
427 1137 511 1215 Vita
528 1137 651 1216 sancti
667 1137 810 1237 Alexis,
844 1137 954 1240 quod
988 1144 1046 1218 est
1075 1164 1150 1218 svn
1180 1139 1367 1219 kalendas
1394 1140 1484 1241 julii

408 1261 475 1338 161.
498 1260 711 1360 libr-lis).
783 1312 786 1320 -

281 1395 478 1462 1161166616,
492 1394 567 1448 add.
581 1394 767 1462 11161.,1616.
783 1397 825 1461 lv,
838 1409 865 1462 p.
887 1397 988 1449 161111.
1012 1396 1065 1450 Sed
1078 1395 1151 1450 161116
1167 1396 1269 1451 avulsis
1289 1397 1423 1452 nonnulla
1441 1397 1486 1451 bic

246 1496 308 1551 illie
320 1496 350 1549 in
361 1497 422 1551 cod.
435 1495 638 1550 desiderantur.

678 1666 1018 1680 ———-——-—-

600 1878 808 1993 Appendix
839 1878 890 1966 cd
920 1880 1002 1972 cod.
1032 1879 1155 1972 5666.

248 2111 338 2177 Vtra
364 2109 398 2178 S.
425 2110 576 2180 1166666
600 2129 748 2178 sriscorr
773 2114 987 2180 Rsooususrs
1011 2111 1093 2200 (cn.
1113 2134 1225 2201 supra,
1244 2136 1276 2200 p.
1295 2115 1376 2195 530,
1398 2113 1480 2205 16⁰).

248 2334 381 2408 Incipit
393 2338 565 2411 prologus
578 2336 616 2397 in
640 2337 720 2399 vite
740 2337 857 2399 sancti
878 2353 923 2400 ao
943 2339 1145 2400 beatissimi
1159 2338 1481 2413 1161661166166661

436 2462 438 2467 v
735 2439 773 2498 61
782 2438 1007 2500 contessoris.

286 2633 352 2683 bum
365 2628 394 2682 in
407 2629 488 2683 laude
500 2629 586 2683 divini
599 2631 770 2698 aeternique,
792 2631 899 2685 cunctis
917 2645 966 2697 per
984 2633 1081 2686 orbem
1094 2632 1223 2688 fidelibus
1235 2638 1376 2687 caractere
1387 2633 1479 2687 661116-

205 2731 294 2787 attici
306 2729 399 2783 vexilli
412 2729 558 2797 insignitis,
572 2736 649 2783 actus
668 2736 751 2798 atque
772 2731 967 2786 inenarrabilia
988 2733 1119 2786 uirtutum
1141 2732 1264 2801 prodigia
1283 2732 1482 2787 venerabilium

248 2832 368 2896 patrum,
382 2834 438 2880 tam
451 2827 486 2880 ad
509 2828 671 2881 instantium
693 2842 786 2896 quam,
808 2836 932 2883 vertente
953 2830 1066 2885 volubili
1080 2837 1138 2884 rota
1151 2836 1317 2898 temporum,
1328 2831 1483 2885 mturorum

247 2927 371 2982 virorum
384 2927 602 2981 emolumenturn
615 2929 694 2982 beate
707 2928 798 2983 vivere
811 2928 1013 2998 [cupientium],
1027 2931 1176 3002 memoriae
1186 2935 1252 2984 sunt
1264 2930 1346 2999 digne
1355 2930 1486 2984 mandan-

249 3027 287 3081 da
298 3040 330 3080 ac
342 3027 478 3095 paginulis
490 3039 539 3092 pro
551 3028 719 3094 sempiterno
734 3035 911 3083 monumento
930 3029 1086 3096 inserenda,
1105 3034 1291 3096 opportunum
1305 3029 1364 3084 iore
1376 3029 1482 3096 censui,

249 3133 320 3181 nutu
333 3125 431 3180 christi
445 3133 527 3194 atque
539 3140 606 3193 pace
624 3134 781 3181 sanctorum
802 3129 936 3193 omnium,
959 3129 993 3182 de
1013 3130 1068 3183 vita
1089 3129 1239 3182 beatissimi
1257 3129 1424 3182 contessoris
1437 3129 1484 3181 bei

194 3231 233 3284 10
251 3226 371 3291 11616611,
383 3240 418 3280 ex
429 3227 532 3295 ingenti
544 3225 613 3280 61166
626 3228 821 3281 miraculorum
831 3229 961 3294 pauculos
971 3228 1052 3282 liores
1061 3228 1209 3294 decerpere
1222 3229 1256 3281 ad
1268 3228 1486 3282 aedificationem

250 3326 411 3394 legentium,
426 3327 954 3394 116666166666666616616116166166,
974 3331 1057 3381 testes
1074 3325 1213 3394 amplifico
1231 3326 1305 3380 cultu
1318 3326 1487 3380 excellenter

252 3429 318 3479 sunt
327 3423 512 3492 praeferendi,
526 3439 589 3478 curn
611 3425 691 3479 dictis
712 3426 772 3492 ejus
792 3426 959 3493 percipimus
980 3426 1118 3479 simillima
1132 3433 1160 3479 et
1172 3427 1276 3492 majora
1288 3423 1347 3478 ii'eri
1360 3430 1487 3491 portenta

251 3524 288 3577 ab
309 3523 364 3576 iilis
386 3536 457 3590 quae
477 3523 595 3577 fecisset.
617 3524 694 3577 Unde
718 3524 839 3590 prudens
860 3530 888 3578 et
907 3524 1046 3579 veridicus
1066 3527 1199 3592 propbeta
1219 3524 1309 3591 inquit
1330 3538 1337 3575 :
1359 3524 1489 3578 cantate

253 3621 384 3677 Domino
395 3622 553 3677 6661616666
565 3635 690 3689 novum,
714 3624 785 3676 1666
805 3623 872 3688 ejus
893 3622 928 3676 16
948 3623 1090 3677 contione
1108 3625 1353 3688 sanctorum5ct
1365 3621 1487 3674 iterum:

200 3724 238 3779 111
254 3721 399 3776 Laudato
410 3722 577 3776 Dominum
588 3722 755 3777 1666166116
766 3723 844 3789 ejus.
857 3722 981 3776 Laudare
994 3723 1106 3789 quidem
1124 3721 1270 3776 bominum
1282 3724 1326 3773 est
1339 3718 1418 3772 sicuti
1428 3729 1490 3772 san·

254 3825 330 3875 ctum
342 3826 510 3886 sanctorum,
524 3822 604 3876 sicuti
616 3821 759 3876 dominum
773 3822 960 3889 dominorum,
979 3823 1058 3875 sicuti
1080 3826 1232 3875 creatorem
1244 3823 1273 3873 et
1284 3819 1487 3884 redemptorem

255 3920 380 3974 omnium
391 3936 399 3987 ;
413 3919 525 3974 laudare
537 3926 646 3976 sanctos
659 3922 719 3988 ejus
730 3926 772 3976 est
783 3921 866 3975 661611
878 3924 1033 3975 creaturam
1044 3920 1159 3975 creatori
1170 3918 1317 3984 subditam,
1329 3914 1490 3972 6616116111-

256 4024 299 4073 ies
311 4024 432 4073 sacratos
443 4019 544 4073 excelsi
557 4022 629 4088 regis
640 4021 766 4090 stigmata
778 4027 906 4088 gerentes
915 4026 942 4074 et
952 4021 981 4073 in
991 4019 1065 4073 iilius
1077 4018 1256 4073 famulamine
1269 4022 1364 4072 contm
1375 4016 1490 4070 adversa

256 4130 384 4186 quaeque
396 4117 460 4172 fidei
472 4119 558 4173 lorica
569 4120 719 4188 expeditos,
733 4120 809 4173 unde
829 4119 1008 4186 insuperabili
1027 4119 1158 4185 trophaeo
1176 4117 1270 4170 donati
1283 4116 1413 4183 praemiis
1432 4127 1491 4168 cae·

207 4219 243 4272 10
261 4217 377 4272 lestibus
388 4218 520 4273 ditantur.
534 4220 596 4275 sole
608 4222 682 4274 enim
693 4221 814 4288 justitiae
828 4221 965 4286 illustrati,
983 4219 1136 4273 vibramine
1149 4218 1326 4271 lucernarum
1338 4217 1367 4269 in
1379 4214 1491 4282 speculo

257 4318 395 4372 bonorum
408 4331 522 4384 operum
534 4319 708 4388 flagrantium
728 4325 900 4385 coruscante,
922 4320 1012 4372 ubivis
1033 4319 1154 4387 gentium
1176 4330 1225 4370 seu
1246 4317 1369 4371 locorum
1381 4315 1491 4369 celebre

257 4429 360 4470 nomen
373 4418 433 4483 ejus
446 4418 631 4484 propalantes,
646 4431 697 4472 nec
709 4419 792 4472 minis
804 4431 855 4472 nec
868 4417 958 4486 flagris
971 4417 1197 4485 persequentium
1210 4414 1309 4469 cedere
1320 4413 1490 4480 affectantes,

256 4528 353 4570 serum
366 4516 461 4571 dulces
473 4519 579 4572 animas
591 4520 704 4573 cuilibet
724 4525 860 4573 tormento
879 4519 1056 4584 subicientes,
1075 4517 1209 4571 mnndum
1221 4515 1394 4570 documentis
1406 4515 1491 4568 sacris

257 4619 285 4669 et
295 4615 526 4681 praedicamentis
538 4617 602 4671 fidei
611 4618 777 4672 christianae
788 4619 874 4686 gratia
893 4617 1101 4685 suppleverunt.
1121 4617 1242 4680 Quorum
1262 4615 1492 4669 interventucon·
