3316 5482
206 306 274 374 392
546 320 672 372 caran.
691 318 793 371 cono.
811 317 986 370 meroen.
1004 316 1085 368 nar.

208 493 396 548 reddiderunt.
416 494 473 545 buo
495 490 627 558 perempti
645 493 709 544 sunt
728 489 819 543 subita
830 494 928 556 morte,
942 488 1039 542 tertius
1050 487 1149 554 adhue,
1161 487 1213 541 etsi
1235 487 1438 548 debilissimus,

208 595 281 649 vivit.
295 596 355 660 lpso
368 593 448 647 etiam
462 605 538 645 sacro
550 589 605 654 die,
614 589 768 644 toenisecae
780 587 890 656 quidam
901 588 953 642 sibi
963 588 1078 642 falcibus
1098 600 1189 653 crura,
1199 586 1316 655 quidam
1328 587 1440 642 brachia

208 691 403 758 amputabant3
417 689 553 756 quaedam
567 689 596 741 in
609 687 773 757 quibusdam
796 699 852 740 non
865 686 971 740 modica
992 687 1092 740 damna
1105 686 1276 753 incidebant,
1289 685 1340 753 qui
1354 686 1439 740 labori

207 797 316 845 terreno
329 789 502 843 insudabant.
515 788 590 854 Quod
603 799 668 841 vero
686 788 758 840 inter
778 786 1020 853 petragoricenses,
1040 786 1091 840 boe
1104 798 1160 839 non
1173 785 1264 839 solum
1277 785 1308 838 in
1320 784 1439 853 lingniis·

208 890 359 954 mensibus,
370 887 416 942 sed
437 888 518 942 etiam
538 887 652 955 contigit
670 886 913 940 sanctonensibus.
937 884 1014 938 Unde
1031 888 1107 939 tanto
1121 886 1217 938 timore
1229 885 1358 939 districto
1378 887 1466 953 gau-l

206 991 282 1044 dium
294 989 400 1043 cunctis
413 988 501 1041 visum
513 992 554 1040 est
572 986 709 1049 fidelibus,
729 992 757 1040 et
766 985 941 1039 sollemnitati
963 998 1073 1039 annuae
1092 985 1179 1038 sancti
1199 984 1251 1037 viri
1274 981 1438 1039 mortalibus

207 1089 304 1143 incolis
316 1088 426 1156 requies
436 1088 575 1154 permissa.
590 1087 693 1152 Quippe
702 1085 831 1152 deinceps
844 1084 936 1138 nullus
945 1084 1006 1148 tirit,
1019 1085 1066 1151 qui
1079 1096 1135 1138 non
1148 1082 1303 1138 studiosius
1315 1089 1439 1137 sanctuni

207 1193 317 1242 sanctae
340 1185 529 1240 sollemnitatis
546 1185 649 1238 coloret
668 1185 752 1250 diem,
770 1188 864 1250 utpote
886 1182 986 1236 christi
1006 1182 1133 1249 apostoli,
1155 1183 1202 1250 qui
1225 1196 1342 1237 omnem
1359 1182 1437 1250 lqui-

208 1288 310 1341 taniam
323 1287 351 1338 in
364 1286 478 1339 bomino
489 1288 554 1338 lesu
566 1285 673 1338 cbristo
685 1298 733 1351 per
746 1284 916 1353 euangelium
929 1283 1033 1350 genuit.

297 1487 384 1553 Vrra
402 1486 436 1553 S.
459 1485 611 1551 Ganannr
635 1503 766 1550 coutrrs
794 1481 875 1570 (Cir.
896 1503 1008 1570 supra,
1036 1504 1068 1570 p.
1087 1477 1169 1562 381,
1195 1480 1267 1569 44⁰)
1285 1481 1347 1570 (1).
1457 1482 1483 1535 ¹⁰

199 1624 206 1645 ι
249 1685 396 1758 nnetptt·
413 1687 584 1758 prologus
604 1683 642 1744 in
656 1683 736 1744 vita
748 1682 901 1743 homints
926 1680 991 1742 Del
1008 1681 1176 1743 'Geraldl
1188 1684 1210 1756 ⁸,
1234 1685 1308 1743 1110
1319 1680 1406 1743 idus

446 1785 613 1859 octobris,
630 1783 729 1845 edita
743 1799 768 1844 a
782 1785 908 1844 domno
923 1783 1042 1843 odone
1056 1782 1201 1842 abbate.

241 1978 400 2033 Reuerendo
422 1979 491 2046 patri
512 1983 539 2032 et
558 1977 661 2031 domno
682 1977 789 2031 aimoni
814 1975 905 2030 abbati
927 1978 1101 2029 consertus*
1122 1976 1236 2030 fratrum
1257 1980 1286 2030 et
1311 1976 1448 2031 minimus

208 2080 337 2133 abbatum
359 2079 456 2132 0ddo⁸
474 2082 633 2145 perpetuam
654 2076 770 2131 salutem
790 2075 819 2129 in
839 2076 985 2131 bomino⁸.
1008 2079 1170 2145 Rogaveras,
1192 2083 1280 2145 pater,
1302 2093 1449 2135 unacum

208 2179 310 2234 domno
322 2179 458 2246 Turpione
471 2177 598 2246 episcopo
611 2190 721 2231 necnon
742 2181 770 2230 et
789 2176 850 2229 aliis
864 2190 918 2230 non
931 2177 1025 2243 paucis
1048 2177 1186 2231 nobilibus
1207 2179 1285 2242 virts,
1297 2185 1332 2234 ut
1344 2182 1382 2236 de
1392 2184 1449 2238 vita
1466 2188 1495 2239 ts

209 2279 251 2332 sel
265 2277 406 2332 miraculis
418 2276 512 2332 domni
532 2276 639 2334 Geraldi
651 2274 756 2344 aliquid
771 2274 928 2329 scriberem.
943 2275 1019 2341 Quod
1041 2288 1090 2344 ego
1103 2276 1214 2344 quidem
1233 2278 1326 2345 primo
1339 2280 1448 2351 distuli,

210 2375 308 2444 partim
321 2377 386 2443 quia
398 2389 442 2429 res
455 2380 568 2443 propter
580 2388 657 2428 suam
678 2375 826 2428 novitatem
839 2375 906 2427 mibi
927 2375 1030 2428 incerta
1042 2374 1195 2443 videbatur,
1218 2377 1330 2443 partim,
1347 2380 1448 2448 fateor,

210 2476 274 2545 quia
287 2476 415 2529 timebam
429 2479 455 2529 et
466 2475 556 2530 adbuc
567 2475 650 2528 timeo
663 2488 699 2528 ne
711 2474 781 2528 torte
794 2475 843 2527 ista
855 2473 952 2528 relatio
965 2488 1013 2542 per
1024 2488 1069 2528 me
1083 2476 1281 2531 convenienter
1299 2478 1378 2534 edita
1391 2495 1450 2536 non

211 2576 315 2631 inisset.
329 2574 458 2629 bubietas
470 2588 534 2629 vero
546 2588 596 2641 per
605 2575 657 2628 boc
669 2575 788 2628 maxime
797 2575 1021 2642 suboritnrquod
1033 2574 1119 2628 isdem
1133 2576 1174 2629 uir
1182 2576 1211 2629 in
1221 2578 1334 2633 saeculo
1349 2586 1450 2647 potens

212 2677 264 2732 fuit
274 2696 282 2743 ;
294 2679 328 2732 ob
341 2679 393 2732 boc
405 2677 486 2731 etiam
498 2677 572 2744 quod
586 2675 615 2729 in
635 2677 799 2744 quibusdam
812 2677 880 2730 locis
897 2679 1049 2729 conventus
1061 2677 1225 2730 rusticorum
1243 2680 1357 2734 noviter
1376 2682 1450 2738 solet
1466 2683 1496 2737 to

209 2775 270 2831 lieri
282 2780 309 2830 el
320 2777 391 2830 sicut
402 2789 446 2829 res
457 2789 528 2829 vana
549 2775 677 2841 paulatim
691 2786 807 2828 cessare.
820 2776 891 2828 Sane
910 2787 972 2828 eum
985 2775 1091 2828 nobiles
1104 2775 1214 2842 qnidam
1233 2775 1307 2844 laici,
1320 2779 1410 2835 simul
1423 2789 1452 2836 et

209 2877 327 2946 religiosi
340 2877 443 2941 clerici,
457 2889 526 2943 quos
542 2876 614 2929 idem
626 2874 745 2929 domnus
763 2875 894 2929 Geraldus
906 2889 921 2928 a
934 2888 1020 2942 puero
1042 2877 1184 2943 nutrierat,
1197 2877 1279 2930 nobis
1299 2891 1450 2935 eonversa-

211 2978 313 3031 tionem
327 2977 385 3043 ejus
401 2975 481 3028 talem
494 2979 670 3027 enarrassent
682 2980 713 3027 ut
724 2988 773 3040 per
784 2974 953 3028 voluntatem
965 2975 1013 3028 bei
1031 2975 1170 3029 miraculis
1182 2975 1315 3044 indigna*
1330 2991 1392 3032 non
1404 2980 1449 3045 sit,

211 3075 377 3129 dubietatem
399 3073 610 3139 postposuimus,
629 3072 837 3125 considerantes
860 3073 988 3125 nimirum
1010 3073 1083 3139 quia,
1095 3075 1172 3141 juxta
1192 3088 1289 3128 vocem
1313 3078 1448 3143 apostoli,

213 3173 319 3227 nullum
332 3172 472 3225 saeculum
493 3172 603 3224 dimittit
624 3173 693 3224 bens
706 3171 765 3224 sine
785 3171 940 3225 testimonio
960 3172 1091 3225 bonitatis
1113 3186 1188 3227 suae.
1203 3173 1280 3227 Unde
1298 3177 1345 3228 et'
1370 3191 1448 3232 nunc
1464 3180 1496 3232 Ξ)

212 3273 292 3335 torte,
311 3272 375 3339 quia
393 3272 449 3338 jam
470 3275 658 3324 succrescente
679 3271 820 3338 iniquitate
841 3275 949 3337 patrum
970 3272 1113 3338 exempla·
1133 3286 1189 3326 non
1209 3286 1348 3340 curamus,
1372 3277 1449 3331 bunc

212 3387 320 3427 servum
333 3385 412 3425 suum
424 3371 504 3424 nobis
513 3370 536 3397 ¹⁰
549 3372 583 3425 ad
604 3370 763 3425 imitationis
775 3372 981 3426 incitamentum
995 3373 1099 3439 profert
1108 3373 1128 3400 ⁴¹
1144 3374 1186 3428 vel
1198 3374 1231 3428 ad
1244 3376 1448 3439 testimonium,

243 3538 327 3589 Prot.
341 3539 393 3574 -¹
415 3535 496 3602 (lnc,
510 3537 578 3595 etc.)
599 3548 657 3590 om.
681 3538 705 3588 l.
718 3564 751 3573 -
766 3535 775 3562 ⁸
790 3537 827 3597 (h.
851 3538 892 3599 1).)
915 3537 1000 3589 sancti
1022 3541 1046 3588 5.
1060 3536 1116 3575 -²
1135 3538 1300 3592 contessoris
1322 3541 1400 3594 cdd.
1422 3546 1449 3601 5,

213 3621 242 3673 et
254 3632 312 3672 oct.
326 3631 404 3685 quoe
415 3621 599 3685 sectaretur.
612 3647 645 3656 -
658 3623 668 3648 ⁴
681 3631 776 3671 servus
788 3620 812 3671 2.
823 3647 857 3656 -
869 3617 878 3643 ⁸
888 3618 963 3672 0bdo
979 3623 1000 3672 l.
1014 3649 1045 3657 -
1057 3617 1117 3686 ⁸·(p.
1128 3634 1149 3673 s.
1164 3621 1192 3673 in
1205 3621 1247 3683 1).)
1260 3623 1288 3673 in
1301 3625 1332 3675 1).
1347 3637 1375 3689 p.
1387 3638 1412 3679 s.
1422 3627 1449 3677 5.

215 3701 264 3740 -’
279 3702 389 3769 indigne
404 3703 427 3754 t.
441 3729 472 3739 -
485 3705 494 3729 ⁸
508 3714 566 3754 om.
582 3704 605 3755 t.
617 3729 645 3739 -
659 3703 670 3730 ⁸
682 3702 768 3754 codd.
782 3701 917 3767 exemplo.
927 3729 959 3739 —
972 3700 995 3727 ¹⁶
1007 3702 1049 3754 vel
1061 3702 1133 3755 add.
1145 3703 1170 3768 Ξ,
1181 3707 1206 3757 ὅ.
1218 3731 1246 3741 -
1258 3703 1278 3730 “
1290 3706 1415 3771 praefert
1422 3711 1449 3761 5.

250 3868 285 3928 (1)
304 3863 806 3930 1111011113)θὸῑοιη.11(1),εεεο.11;
820 3865 1023 3929 5501(1),εεεο.
1037 3868 1074 3931 x3
1089 3870 1115 3918 et
1126 3867 1192 3920 bibli
1203 3865 1247 3930 (3),
1261 3878 1332 3919 saec.
1348 3870 1406 3922 111.
1416 3899 1451 3909 -

216 3951 290 4001 llanc
302 3949 387 4001 Vitam
399 3950 427 4000 S.
440 3947 546 4000 deraldi
559 3947 648 4013 primo
655 3946 837 4011 judicavimus
849 3952 1017 4000 contractam
1028 3961 1060 4000 ex
1073 3949 1211 4015 prolixiori
1224 3947 1297 4003 edita
1306 3949 1376 4005 Act.
1388 3954 1449 4019 SS,

216 4032 251 4085 ad
264 4031 290 4085 d.
311 4035 342 4084 15
354 4032 422 4092 0ct.,
442 4034 507 4083 tom.
526 4030 568 4094 Vl,
582 4043 607 4094 p.
627 4031 730 4094 soc-st,
744 4035 797 4082 eta
820 4031 970 4096 majoribus
988 4032 1098 4096 nostris,
1117 4033 1188 4084 sicut
1205 4037 1231 4085 et
1249 4033 1283 4086 ab
1301 4033 1365 4087 aliis
1381 4037 1452 4090 viris

217 4114 314 4178 doctis,
335 4111 470 4178 adscripta
487 4114 514 4164 S.
537 4110 625 4165 0doni
644 4112 816 4165 Cluniaeensi
833 4113 892 4178 (cir.
912 4118 977 4166 tom.
997 4113 1054 4178 cit,
1075 4128 1102 4180 p.
1122 4115 1180 4173 iii,
1201 4129 1248 4167 nn.
1266 4115 1331 4180 λδ).
1350 4120 1453 4174 Postea

219 4201 307 4249 tamen
322 4193 454 4246 dubitatio
466 4193 556 4259 aliqua
573 4198 692 4245 mentem
706 4200 826 4247 nostram
839 4195 930 4257 subiit,
949 4208 1016 4246 num
1030 4195 1118 4260 potius
1135 4194 1266 4262 prolixior
1281 4197 1328 4250 illa
1341 4213 1377 4253 ex
1391 4202 1454 4256 bre·

217 4278 285 4330 siori
299 4274 459 4340 amplificata
473 4275 553 4327 suerit
565 4279 592 4326 et
604 4275 671 4327 haec
683 4276 797 4341 proinde
810 4281 912 4328 textum
931 4282 1117 4341 repraesentet
1137 4278 1223 4343 magis
1240 4279 1452 4347 primigenium.

218 4362 293 4411 liano
305 4358 386 4423 igitur
398 4356 507 4408 tandem
522 4356 572 4408 boc
584 4356 644 4410 loco
657 4354 841 4409 exhibendam
853 4357 991 4421 duximus,
1005 4358 1088 4424 idque
1100 4371 1132 4412 eo
1144 4358 1274 4413 libentius
1286 4362 1375 4429 quod,
1388 4380 1454 4420 eum

218 4439 372 4508 prolixioris
392 4438 463 4490 illius
476 4438 654 4506 fragmentum
673 4442 861 4494 tantummodo
875 4441 1060 4493 invenerimus
1074 4442 1100 4492 in
1114 4454 1170 4494 uno
1182 4441 1277 4496 codice
1290 4447 1360 4499 ³820
1373 4455 1453 4510 (tom.

219 4526 239 4578 1.
253 4539 280 4588 p.
301 4524 360 4585 368,
373 4522 435 4584 570),
455 4527 482 4572 at
498 4521 607 4575 brevior·
617 4523 674 4588 jam
689 4530 785 4589 quater
803 4524 922 4577 occurrit
937 4530 964 4576 ct
982 4525 1010 4576 in
1023 4523 1082 4576 aliis
1101 4525 1182 4577 etiarn
1198 4525 1343 4583 codicibus
1357 4540 1456 4599 postea

219 4603 406 4657 describendis
418 4602 470 4670 legi
482 4603 679 4670 perspeximus.
