3316 5482
324 347 388 412 148
663 356 787 408 curru.
808 355 908 407 cono.
929 355 1103 407 unomen.
1123 355 1205 407 nar.

318 531 417 597 ipsum.
431 533 517 596 Quem
529 527 630 582 deinde
649 527 690 581 vir
702 529 813 581 sanctus
826 526 1005 581 introducens
1017 526 1104 592 adse,
1118 532 1146 581 et
1158 526 1219 580 cibo
1232 526 1327 580 refecit
1338 530 1376 592 et,
1390 525 1461 580 dans
1475 527 1501 579 ei
1515 525 1550 581 de

318 628 400 682 melle
413 631 546 696 quantum
559 626 676 692 volebat,
690 624 719 679 in
732 638 798 694 pace
810 624 922 692 dimisit,
937 625 1112 692 pollicentem
1127 638 1277 693 numquam
1290 639 1320 679 se
1332 623 1431 680 amede
1451 631 1548 680 saneto

320 727 368 780 liei
383 726 446 780 talia
460 727 605 779 iacturum.
1151 782 1156 791 ,

351 824 406 878 30.
419 823 509 877 nobas
522 824 613 890 itaque
627 821 784 886 severinus,
798 820 947 888 spiritualis
960 827 1037 887 pater
1049 820 1120 887 ejus,
1131 821 1228 874 videns
1242 817 1309 874 baec
1321 824 1350 875 et
1361 819 1416 874 alia
1432 819 1554 887 plurima

319 924 404 977 sancti
419 922 518 975 llusicii
530 920 691 975 admiranda
704 932 798 987 opera,
810 925 837 973 et
850 920 915 987 quia
927 919 960 972 ad
974 933 1037 973 eum
1050 918 1085 972 de
1104 921 1217 974 remotis
1230 925 1366 974 terrarum
1381 918 1485 974 linibus
1497 921 1549 974 viri
1565 921 1582 973 b

320 1022 455 1090 benenati,
469 1021 609 1089 praesules
621 1022 703 1074 etiam
717 1025 743 1074 et
755 1020 879 1087 abbates,
892 1024 1031 1087 comperta
1044 1021 1197 1073 sanctitatis
1209 1020 1268 1087 ejus
1281 1020 1352 1074 lama
1363 1019 1554 1087 continebant,

320 1120 513 1176 oboedientiae
526 1119 687 1173 auctoritate
700 1119 878 1172 constrictum
891 1118 1058 1172 monasterio
1071 1131 1121 1172 suo
1133 1119 1177 1172 cui
1187 1124 1313 1185 praeerat
1323 1118 1401 1172 illurn
1411 1118 1555 1185 praefecit,

320 1227 348 1276 et
359 1222 434 1290 virga
447 1219 577 1287 pastorali
590 1217 715 1286 quamvis
726 1218 842 1271 invitum
855 1217 1060 1285 plurimumque
1071 1219 1237 1271 renitentem
1250 1217 1390 1285 suscipere
1402 1219 1501 1286 coegit.
1511 1218 1557 1271 sie

323 1322 366 1375 uir
377 1321 423 1375 liei
434 1319 559 1374 Eusiclus
579 1317 646 1371 dum
666 1330 716 1372 suo
724 1317 828 1385 Judicie
840 1315 966 1371 omnium
985 1330 1046 1371 esse
1064 1318 1151 1372 voluit
1163 1317 1339 1382 novissimus,
1353 1317 1399 1372 bei
1409 1315 1555 1384 dispensa·

320 1422 395 1475 tione
416 1420 504 1473 tactus
524 1422 564 1472 cst
584 1418 707 1473 omnium
729 1416 877 1484 praelatus.
900 1419 975 1470 lnter
989 1430 1059 1485 quos
1079 1418 1191 1485 quantis
1211 1417 1356 1471 virtutibus
1376 1417 1547 1485 quantisque
1567 1419 1600 1471 le

321 1522 405 1590 signis
417 1517 605 1573 ammirandus
623 1518 753 1582 extiterit,
776 1530 833 1570 non
853 1521 894 1570 est
918 1521 1028 1570 nostrae
1053 1517 1189 1571 facultatis
1206 1517 1344 1571 evolvere.
1363 1515 1417 1569 Sed
1436 1529 1489 1570 nec
1501 1529 1555 1570 nes

320 1625 413 1678 omnia
425 1623 485 1688 ejus
495 1626 571 1689 gesta
583 1622 727 1686 novimus;
741 1632 827 1686 pauca
840 1623 941 1685 tamen,
955 1632 1027 1687 quae
1044 1620 1124 1674 nobis
1142 1624 1282 1688 comperta
1295 1624 1370 1687 sunt,
1384 1618 1418 1673 ad
1432 1620 1480 1673 bei
1492 1619 1554 1673 lau·

322 1720 386 1774 dem
399 1718 528 1772 fidelibus
540 1715 655 1786 legenda
669 1716 861 1783 relinquimus.
1213 1729 1214 1732 ¹

355 1821 405 1874 31.
419 1822 506 1874 Locus
520 1819 548 1871 in
561 1831 615 1886 que
628 1817 674 1871 bei
687 1817 806 1871 larnulus
818 1818 943 1871 llusicius
953 1818 1081 1872 manebat
1090 1819 1150 1873 sine
1163 1818 1300 1887 lapidibus
1312 1824 1340 1874 ct
1352 1819 1424 1873 saxis
1435 1818 1552 1873 omnine

322 1926 389 1988 erat,
403 1923 430 1974 ei
443 1932 498 1973 non
511 1917 668 1971 inueniebat
678 1917 753 1970 unde
765 1917 905 1970 basilicam
918 1923 1100 1973 construeret.
1114 1919 1259 1973 Dicebatur
1268 1926 1359 1974 autem
1371 1920 1396 1973 ei
1409 1932 1425 1972 a
1437 1918 1553 1987 quibus·
1575 1918 1608 1971 to

324 2019 388 2073 dam
404 2017 477 2086 quod
490 2021 565 2069 trans
579 2016 682 2068 llumen
696 2028 792 2083 magna
805 2023 877 2069 esset
889 2017 967 2084 copia
980 2016 1113 2084 lapidum,
1127 2018 1201 2072 unde
1214 2031 1283 2085 opus
1296 2032 1376 2072 suum
1389 2022 1484 2084 posset
1496 2030 1558 2084 per-

324 2120 415 2185 licere,
438 2117 489 2171 nisi
509 2116 573 2183 quia
594 2115 671 2169 navis
695 2116 737 2168 vel
757 2115 912 2169 vehiculum
936 2130 991 2171 non
1012 2123 1072 2172 erat
1092 2124 1122 2172 ut
1134 2123 1227 2184 posset
1239 2131 1286 2172 ees
1298 2117 1444 2172 devehere.
1458 2115 1512 2170 sed
1531 2122 1561 2170 et

323 2233 408 2288 prope
420 2220 510 2272 locum
524 2217 601 2270 illum
615 2217 738 2270 terebant
747 2229 808 2270 esse
821 2216 943 2282 lluvium,
956 2218 1000 2271 cui
1014 2231 1115 2272 nomen
1128 2223 1188 2271 erat
1199 2218 1356 2285 confluens,
1369 2230 1402 2271 eo
1415 2217 1489 2284 quod
1501 2217 1560 2270 due

323 2319 397 2372 duvii
409 2318 447 2370 ibi
463 2317 491 2369 in
504 2330 588 2371 unum
601 2314 754 2383 conlluunt,
768 2315 814 2369 ubi
828 2318 945 2371 daemon
957 2318 1148 2371 commanebat
1159 2319 1235 2385 quia
1253 2319 1333 2386 vulgo
1348 2316 1490 2370 dicebatur
1506 2319 1559 2370 lle-

324 2424 436 2486 ptunus,
447 2416 494 2484 qui
504 2428 691 2483 quoscumque
702 2415 772 2468 infra
784 2415 939 2469 milliarium
949 2430 1036 2471 unum
1046 2430 1128 2483 supra
1140 2416 1182 2470 vel
1192 2417 1262 2470 inira
1273 2417 1433 2484 navigantes
1442 2416 1562 2470 sentiret
1578 2416 1613 2470 2⁰

325 2516 518 2583 submergebat
538 2519 564 2568 et
584 2513 709 2567 necabat.
732 2517 809 2569 llunc
830 2520 922 2568 tamen
943 2515 1109 2569 daemonem
1131 2516 1214 2569 vieini
1227 2514 1280 2570 loci
1295 2513 1559 2570 illiuslrabaudum

324 2614 515 2680 nominabant,
528 2627 561 2668 eo
574 2614 648 2681 quod
660 2627 676 2666 a
688 2594 852 2680 quibusdam
866 2628 881 2667 a
894 2628 924 2668 se
935 2614 1058 2682 deceptis
1076 2617 1112 2668 ita
1130 2628 1159 2668 se
1173 2617 1263 2669 vecari
1277 2616 1381 2669 lecerit.
1398 2615 1479 2668 lstius
1491 2627 1559 2682 erge

324 2718 423 2771 timore
435 2714 570 2782 perterriti
592 2727 688 2768 ornnes
708 2713 755 2781 qui
777 2715 830 2768 iter
841 2715 957 2783 agebant
970 2727 1049 2768 secus
1062 2716 1153 2769 locum
1166 2715 1284 2768 transire
1296 2714 1338 2768 vel
1352 2714 1486 2783 remigare
1503 2717 1560 2767 tre·

324 2817 465 2885 pidabant.
487 2818 566 2868 blane
585 2828 650 2869 vero
672 2816 852 2881 apprehensis
873 2815 970 2869 beatus
990 2816 1113 2870 Eusicius
1134 2816 1276 2882 operariis,
1295 2814 1329 2868 ad
1344 2813 1516 2884 colligendos
1528 2818 1560 2868 et

325 2915 526 2971 coacervandos
544 2915 650 2981 lapides
668 2928 716 2967 eos
729 2919 804 2968 trans
817 2914 929 2995 bumen—
940 2914 1081 2969 conduxit.
1101 2915 1202 2968 l'idens
1214 2920 1305 2969 autem
1317 2927 1366 2967 ees
1378 2926 1444 2980 prae
1457 2913 1559 2967 timore
1579 2913 1615 2966 25

326 3016 442 3070 monstri
453 3015 527 3068 illius
544 3014 602 3079 ipse
615 3015 729 3067 absente
751 3014 786 3065 ibi
801 3027 858 3068 non
879 3028 941 3070 esse
952 3028 1074 3080 securos,
1089 3016 1127 3067 ait
1139 3016 1178 3067 eis
1192 3030 1198 3067 :
1211 3013 1245 3068 Si
1260 3012 1413 3082 videritis,
1427 3011 1560 3081 fratres,

325 3117 494 3171 adeersum
514 3127 565 3168 ees
579 3112 775 3180 pecuniamne
795 3112 879 3167 iliad
900 3114 1071 3182 triremem,
1094 3114 1154 3169 cito
1173 3113 1279 3168 securi
1290 3111 1491 3167 intromittite
1503 3124 1559 3168 eos

325 3217 414 3269 eitra
426 3213 584 3270 circulum
597 3211 689 3266 berec.
716 3212 865 3267 wastinae
879 3214 963 3267 enim
975 3214 1112 3268 discedet
1124 3228 1143 3267 a
1156 3213 1249 3268 uobis.
1263 3216 1380 3268 sumens
1392 3226 1505 3281 quoque
1517 3213 1562 3266 air

326 3316 374 3369 bei
387 3316 420 3368 de
434 3316 535 3366 barena
548 3326 618 3380 quae
630 3317 688 3366 erat
700 3317 764 3366 ante
777 3327 840 3368 eum
853 3319 880 3367 et
892 3327 998 3379 ponens
1018 3315 1046 3366 in
1064 3315 1167 3380 gremio
1180 3326 1242 3377 suo,
1255 3313 1386 3367 circuibat
1400 3325 1474 3378 arra,
1487 3324 1561 3378 quae

248 3397 251 3406 ¹
326 3419 403 3470 erant
424 3418 541 3479 petrosa,
566 3426 696 3480 spargens
721 3418 784 3478 post
806 3427 835 3466 se
860 3414 989 3467 barenam
1014 3415 1110 3480 ipsam,
1136 3419 1161 3465 nt
1186 3413 1345 3466 munitionis
1363 3413 1403 3465 eis
1416 3411 1552 3479 retugium
1574 3413 1611 3465 tte

326 3513 527 3578 demonstrans,
540 3511 648 3564 dicebat
660 3511 731 3563 illis:
746 3512 869 3565 Mercede
886 3511 936 3566 bic
953 3511 1066 3575 securi,
1082 3512 1324 3578 diurrcemopua
1336 3512 1474 3565 vestrum
1485 3510 1557 3563 eine

327 3609 661 3678 terrerepcrficienics.
676 3611 826 3677 Statimque
839 3610 940 3664 relictis
951 3611 1004 3663 illis
1023 3611 1058 3664 ad
1071 3611 1181 3677 propria
1199 3623 1325 3664 reversus
1345 3613 1396 3674 est,
1415 3613 1470 3662 tota
1483 3606 1561 3661 dein·

328 3725 393 3779 ceps
417 3710 471 3773 die,
489 3708 560 3762 sicut
581 3722 688 3774 semper
710 3709 835 3776 iaciebat,
857 3711 1031 3764 orationibus
1052 3723 1153 3764 vacans
1174 3723 1263 3777 usque
1285 3710 1320 3762 ad
1339 3710 1556 3762 noctem.Nocte

327 3812 418 3879 itaque
430 3810 651 3875 superveniente,
673 3822 736 3862 curn
755 3809 866 3864 vidisset
883 3811 1024 3876 operarios
1037 3823 1102 3864 suos
1115 3822 1171 3862 non
1185 3808 1286 3873 redire,
1300 3821 1370 3875 quos
1382 3808 1416 3861 ad
1429 3806 1558 3875 colligen-

327 3910 377 3963 dos
390 3909 494 3975 lapides
514 3913 590 3960 trans
612 3908 714 3962 llumen
739 3908 889 3973 dimiserat,
910 3912 1008 3962 timens
1030 3923 1064 3962 ne
1086 3908 1194 3962 adversi
1216 3907 1321 3975 aliquid
1338 3907 1411 3973 passi
1425 3907 1553 3972 luissent,
1574 3908 1611 3960 ott

327 4010 419 4063 tunica
440 4015 537 4061 exutus
558 4007 656 4061 uadum
679 3991 753 4074 quod
775 4022 859 4075 prope
882 4015 941 4062 erat
962 4009 1130 4075 pertransiit,
1149 4010 1256 4062 concite
1277 4020 1371 4074 gressu
1391 4007 1509 4060 tendens
1525 4005 1562 4059 ad

328 4108 420 4162 locum
431 4106 479 4160 ubi
491 4118 538 4160 ces
551 4107 700 4160 dimiserat.
722 4110 845 4174 Cumque
865 4108 1003 4161 circuiens
1024 4109 1155 4160 clamaret
1166 4107 1280 4160 ubinam
1293 4110 1396 4170 essent,
1411 4104 1559 4159 latitabant

330 4208 404 4261 enim
413 4219 480 4273 prae
489 4207 587 4259 timere
597 4206 764 4273 phantasiae,
775 4206 875 4273 trepidi
888 4213 1023 4261 venerunt
1032 4206 1066 4260 ad
1075 4221 1147 4260 eum.
1159 4207 1261 4271 Quibus
1272 4204 1358 4258 dixit:
1368 4204 1563 4265 Quidtimidi

328 4307 412 4374 estis,
425 4305 567 4374 fratres?
582 4307 779 4375 confitemini
800 4307 928 4362 Dorieino
949 4311 978 4362 ct
1000 4307 1141 4363 ircvocate
1159 4321 1272 4362 nornen
1297 4307 1363 4373 ejice
1378 4327 1386 4358 .·
1400 4305 1563 4373 zpoeensim

324 4406 483 4472 protector
495 4407 540 4457 eet
552 4405 635 4459 vitae
647 4409 781 4460 orostrae.
805 4406 847 4458 llli
868 4410 970 4473 autern,
984 4407 1134 4460 relerentes
1147 4406 1282 4473 quaesibi
1295 4405 1476 4473 contigerant,
1490 4403 1564 4459 dice·
1581 4405 1617 4458 40

329 4505 397 4558 bant
408 4505 433 4556 ei
447 4520 453 4555 :
468 4504 605 4572 Deiniee,
618 4505 726 4558 statim
738 4507 904 4573 postquam
917 4506 1076 4560 decessioti
1088 4520 1108 4559 a
1120 4506 1218 4571 scobis,
1233 4507 1407 4559 openetrum
1420 4503 1509 4557 istud
1521 4505 1561 4558 de

329 4600 462 4670 flumine
481 4602 599 4669 eccietw,
624 4603 717 4670 qemi
738 4617 834 4671 eques
851 4604 951 4672 rcr'gem
969 4609 1005 4659 ut
1029 4604 1116 4659 nobis
1139 4603 1311 4671 videbatur,
1329 4601 1557 4671 fremebundus
