3316 5482
277 413 369 465 eme.
388 412 473 464 uun.
492 412 609 464 susus.
628 433 673 444 -
689 412 843 463 uppuuu.
862 413 910 463 uu
926 412 1003 462 σοι).
1023 410 1098 462 sess.
1238 395 1304 462 323

68 582 209 637 moverit
226 584 351 638 eaelum
372 586 402 637 et
421 586 548 652 terram,
566 584 672 638 maria
692 586 722 637 et
741 584 847 637 omnia
866 596 946 651 quae
963 583 998 636 in
1018 583 1064 636 eis
1084 586 1167 637 stent.
1193 584 1306 637 Praeses

68 681 216 748 respondit
230 699 236 735 :
249 682 335 736 Divis
348 684 382 735 tu
402 683 483 750 qnod
503 695 567 737 non
579 683 689 750 Apollo
708 681 763 737 hoe
775 681 872 750 fecit?
884 683 926 736 dit
943 683 1117 737 beatissimus
1136 682 1284 736 Floseellus
1298 698 1304 734 z

75 782 151 835 Vere
162 781 236 836 divi
255 785 285 836 et
303 782 371 837 dieo
392 782 467 850 quia
488 794 552 837 non
563 780 648 851 feeit.
662 785 695 835 ut
707 781 812 836 addidit
828 798 834 835 :
852 783 978 837 Oslulti
997 785 1027 836 et
1047 782 1135 836 tardi
1153 783 1246 837 eorde
1263 783 1306 835 ad

69 882 271 950 eredendum,
285 882 341 950 qui
351 882 455 937 colitis
473 883 594 949 lapides
606 885 637 936 et
649 882 745 949 lione.
762 882 842 941 Quid
858 884 942 936 euim
949 883 1057 950 potins
1074 883 1211 937 adorare
1222 881 1305 935 debe·
1356 914 1359 919 -

34 983 54 1034 5
70 994 153 1049 mus,
167 980 357 1036 invisibilem
369 983 466 1036 Deum
476 981 531 1050 qni
542 985 653 1037 cuneta
666 982 794 1049 creavit,
805 995 848 1036 on
868 985 1049 1037 ereaturam
1061 981 1225 1049 visibilem,
1238 995 1306 1035 sur·

70 1081 147 1135 dam
158 1083 188 1135 et
199 1083 329 1149 mutum,
343 1081 408 1134 sive
421 1093 490 1135 eam
502 1094 581 1149 quae
592 1080 725 1149 firmitur
735 1095 756 1135 u
768 1081 947 1135 visibilibus
960 1081 1136 1135 hominibus
1147 1083 1178 1135 et
1193 1083 1305 1135 rnorta·

72 1179 180 1235 emur
403 1183 406 1187 ’
1377 1160 1385 1169 “

106 1279 139 1333 8.
152 1282 228 1334 Tune
240 1292 351 1347 praeses
366 1280 456 1347 eoepit
472 1294 536 1334 eum
549 1280 689 1334 blanditiis
700 1280 817 1334 delinire
830 1287 857 1333 et
877 1280 969 1334 dicere
985 1280 1097 1347 :Audi
1111 1282 1218 1334 noster
1229 1279 1305 1333 dile·

71 1379 211 1434 ctissime
230 1380 387 1434 Floseelle.
408 1380 616 1446 Imperatores
635 1380 740 1434 nostri
761 1378 1008 1433 transmiserunt
1030 1377 1118 1432 nobis
1138 1377 1305 1446 epistolam

15 1480 55 1533 lb
70 1478 292 1548 adscriptam,
301 1480 531 1548 praecipientes
551 1483 587 1533 ut
608 1480 721 1535 odores
739 1481 811 1534 deos
828 1483 951 1534 nostros
972 1481 1003 1534 et
1019 1480 1183 1548 relinquas
1207 1477 1306 1532 oruci-

71 1578 185 1647 fiseum.
201 1580 287 1640 duod
303 1581 332 1634 si
342 1579 465 1649 feceris,
479 1580 600 1634 dabunt
611 1580 669 1634 tibi
675 1593 876 1648 purpureum
887 1579 1104 1633 vestimentum
1116 1581 1146 1632 et
1158 1590 1304 1632 eoronam

72 1679 108 1733 in
125 1680 236 1748 eapite,
249 1683 278 1734 et
289 1680 352 1735 eris
364 1680 402 1735 ab
423 1680 501 1748 ipsis
518 1682 673 1736 secundus
690 1681 725 1734 in
743 1693 837 1747 repno
849 1693 965 1734 eorum.
978 1678 1018 1732 dd
1031 1680 1121 1746 quae·
1134 1680 1219 1733 vietor
1231 1678 1303 1732 Flos·
1331 1678 1340 1697 ·
1353 1691 1435 1745 quem
1447 1680 1472 1732 2.

72 1780 161 1833 sellus
182 1779 342 1846 respondit:
362 1781 479 1835 Vestros
501 1782 573 1835 deos
589 1781 727 1834 adorare
742 1779 882 1847 perditio
903 1779 1085 1832 animorum
1106 1781 1170 1844 est;
1191 1789 1305 1832 corona

71 1891 146 1933 vero
158 1877 250 1944 huius
262 1879 383 1946 mundi,
396 1893 512 1933 aurum
524 1882 617 1946 utque
632 1891 782 1946 purpura
802 1878 955 1946 veterique
976 1877 1106 1932 honores
1126 1878 1304 1942 eneaecant,

12 1979 53 2031 15
70 1979 110 2030 ut
128 1977 176 2030 aii
194 1978 369 2046 Scriptura,
388 1981 505 2031 mentes
523 1977 665 2047 fidelium
685 1980 715 2031 et
728 1980 915 2045 pervertunt
935 1976 1029 2031 verba
1042 1978 1211 2043 justorum.
1236 1975 1304 2029 Tor·

68 2077 341 2143 menlasiquidem
361 2075 586 2143 inferrejustis
604 2079 703 2144 potes,
716 2076 770 2130 sed
790 2079 897 2129 tamen
912 2089 974 2144 per
987 2076 1049 2130 istd
1071 2077 1224 2129 tamnertta
1243 2086 1304 2126 mo·

69 2178 239 2230 montanea
250 2177 396 2244 consequi
408 2179 543 2244 possunt
559 2176 681 2245 pendia
703 2176 771 2229 sine
782 2176 846 2245 fine
865 2189 1031 2229 mansura.
1044 2175 1188 2229 Monimo
1206 2174 1305 2242 ibitur

68 2274 133 2328 sibi
149 2278 303 2329 torntenta
310 2279 491 2344 praeparat
501 2276 556 2343 qui
564 2279 697 2343 propter
714 2289 798 2329 vana
812 2276 898 2330 idola
918 2278 948 2330 et
959 2275 1093 2331 caducos
1106 2273 1237 2328 honores
1255 2271 1304 2339 sa·

68 2377 187 2429 ctorem
198 2389 292 2428 suum
304 2378 498 2430 contemnere
509 2378 652 2430 conatur.
669 2378 783 2429 Praeses
804 2374 894 2428 dixit:
909 2374 1068 2441 Numquid
1081 2377 1115 2427 tu
1134 2374 1198 2427 loco
1214 2372 1305 2427 Geor·

10 2476 48 2529 20
66 2474 126 2542 pii,
139 2474 194 2542 qui
213 2475 360 2543 malefica
379 2475 550 2529 Athanasii
569 2477 714 2530 earmina
735 2478 765 2529 et
785 2475 871 2530 idola
891 2475 1066 2543 dissipavit,
1087 2475 1135 2528 vis
1155 2486 1230 2541 esse,
1250 2473 1304 2541 qui

71 2574 158 2642 copis
177 2587 281 2629 omnes
298 2575 438 2629 animose
458 2575 543 2628 idom
561 2575 745 2629 destrueret
766 2579 863 2628 beatus
883 2574 1031 2627 Floseeltus
1052 2573 1219 2640 respondit:
1242 2573 1303 2640 Epo

70 2675 172 2728 Deum
183 2672 318 2728 adorare
337 2673 449 2728 bonum
469 2687 535 2728 esse
543 2675 705 2741 praedica.
719 2673 826 2729 Sanbti
836 2674 952 2741 qvezppe
963 2687 1074 2728 nomeu
1085 2673 1199 2726 dimisti
1213 2672 1303 2726 Geor-

67 2771 128 2840 pii,
140 2772 197 2840 qui
208 2784 271 2827 nou
291 2772 396 2825 timuit
416 2773 581 2827 inimicum
601 2773 785 2840 Datianum,
794 2785 854 2839 per
873 2785 960 2840 quem
980 2775 1010 2826 et
1031 2772 1125 2825 multi
1145 2771 1199 2838 qui
1218 2783 1304 2824 nuno

69 2873 148 2924 sunt
160 2870 338 2940 christiani,
352 2872 605 2927 incredulitatem
624 2885 643 2926 a
656 2886 689 2926 se
703 2876 900 2938 removentes,
914 2872 947 2924 in
972 2871 1127 2926 Christum
1139 2870 1264 2924 eredere
1274 2872 1305 2922 et

10 2972 47 3024 ιδ
67 2968 232 3037 baptisari
243 2971 378 3024 voluisse
389 2970 625 3037 dipnoseuntur,
634 2971 757 3038 quique,
770 2971 852 3025 sieut
860 2969 1057 3038 disperditur
1067 2970 1143 3022 lana
1151 2971 1180 3021 et
1189 2968 1303 3021 nebulo

67 3072 99 3124 et
110 3069 193 3124 einis
205 3073 279 3124 unte
289 3069 404 3139 faeiem
416 3072 508 3139 venti,
522 3071 568 3125 ila
580 3074 610 3125 et
622 3085 682 3138 vos,
696 3073 768 3125 deos
778 3085 899 3139 ortoque
908 3073 1034 3138 vestros,
1045 3070 1199 3136 disperdit
1210 3070 1217 3088 ¹
1228 3072 1302 3123 unte
1316 3081 1325 3098 ·
1338 3078 1501 3148 disperdidit

66 3168 185 3237 facian
197 3169 331 3224 umens
1391 3147 1416 3198 ²·

103 3267 134 3320 9.
149 3269 196 3320 liis
207 3266 286 3321 dietis
296 3281 312 3320 a
324 3273 429 3332 saneto,
443 3269 612 3334 Valerianus,
626 3269 711 3322 iratus
723 3270 757 3322 ad
770 3271 853 3324 verba
863 3271 932 3337 ejus,
941 3270 1023 3336 jussit
1034 3276 1065 3323 ut
1076 3270 1173 3322 beatus
1187 3268 1302 3322 Flosoel·

68 3366 114 3420 lus
136 3366 350 3433 suspenderetur
370 3368 540 3435 torquendus
563 3369 690 3436 gravibus
709 3370 815 3434 poenis.
829 3372 896 3422 cum
918 3376 1009 3423 autem
1028 3382 1178 3435 suspensus
1198 3373 1303 3436 torque·

10 3468 48 3520 ³0
69 3472 158 3529 retur,
171 3465 267 3518 beatus
284 3465 433 3519 Floseellus
450 3465 557 3518 dicebat
571 3482 578 3517 ι
594 3466 722 3532 Oquam
735 3467 880 3535 reficior!
892 3470 924 3520 Et
936 3468 973 3520 ait
984 3467 1143 3520 valerianus
1157 3483 1163 3519 :
1182 3467 1263 3519 Dum
1275 3468 1304 3519 te

67 3563 162 3618 caedi
172 3563 275 3631 jubeo,
296 3564 420 3618 vincere
441 3567 469 3618 te
488 3564 579 3618 eredo
600 3564 783 3632 aliquando.
802 3570 916 3620 Sanetus
936 3567 1023 3620 vietor
1043 3565 1192 3619 Flosoeilus
1212 3565 1302 3618 dixit:

70 3664 202 3722 Quando
213 3664 297 3717 enirn
310 3665 466 3733 infirmor,
482 3667 557 3720 tuno
564 3668 674 3731 potens
687 3679 767 3727 suin,
775 3668 910 3733 propter
922 3679 991 3719 eum
1004 3666 1058 3732 qui
1073 3679 1122 3718 me
1133 3664 1301 3733 confortat,

67 3761 184 3828 quiesi
200 3762 340 3818 Christus
357 3764 445 3817 lesus
466 3763 654 3829 vindicator,
667 3763 748 3816 Deus
768 3766 798 3816 et
818 3765 977 3830 Dedimus,
990 3763 1046 3831 qui
1057 3766 1160 3831 potest
1172 3764 1243 3817 deos
1256 3775 1301 3814 ve·

67 3865 152 3917 siros
161 3865 191 3917 el
199 3877 328 3932 veprium
337 3867 457 3919 malum
466 3865 636 3920 destruere.
643 3867 803 3919 Valerianus
813 3869 865 3921 ait:
875 3868 1068 3922 Solummodo
1074 3870 1206 3935 propter
1215 3871 1302 3922 tuam

16 3965 52 4016 stt
68 3963 253 4030 stultitiam,
268 3967 302 4017 ut
312 3965 426 4030 dipnus
438 3978 480 4033 es,
494 3964 563 4030 ipni
575 3965 661 4018 tradi
676 3966 852 4033 praecipio,
865 3969 902 4018 ut
915 3967 1038 4019 videam
1058 3967 1088 4019 si
1100 3969 1129 4020 te
1140 3966 1302 4031 adjuvabit

67 4074 161 4129 quem
173 4066 209 4116 tu
220 4063 388 4131 confiteris.
400 4064 432 4117 Si
442 4064 526 4117 enim
538 4078 591 4131 epo
603 4065 795 4131 crucifixum
808 4068 985 4120 invocarem
998 4066 1161 4134 hominem,
1173 4066 1301 4133 confun-

67 4163 170 4217 derm'.
184 4167 280 4218 Beatus
293 4164 441 4217 Floseeltus
453 4165 595 4232 respoudit
609 4181 616 4216 :
632 4164 779 4231 Coresusio
801 4164 882 4219 mihi
899 4168 950 4233 sit,
963 4167 992 4220 si
1004 4167 1094 4223 timeo
1107 4171 1144 4236 te,
1162 4171 1191 4221 et
1203 4169 1299 4222 vinni·

67 4262 125 4315 bue
136 4263 192 4330 qui
202 4262 342 4331 dilipunt
356 4262 513 4316 Christum
533 4263 649 4316 similis
670 4265 826 4317 sententia
846 4264 1063 4332 subsequatur.
1082 4266 1178 4319 Unum
1197 4268 1302 4319 autem

67 4361 138 4416 dico
151 4376 158 4413 ι
171 4361 263 4416 eredo
284 4361 359 4428 quid
372 4361 499 4428 juvabit
520 4375 568 4415 me
589 4360 737 4427 Christus,
761 4363 836 4428 quio
856 4363 1058 4429 dilipeniibus
1080 4365 1175 4416 Deum
1197 4365 1303 4418 omnia

14 4463 49 4515 ld
66 4463 262 4515 concurrunt
275 4460 309 4514 iu
329 4460 451 4514 bonum.
464 4463 577 4514 Praeses
589 4460 656 4513 dixit
670 4478 676 4512 ε
690 4462 732 4514 Et
744 4474 797 4528 epo
814 4474 900 4515 ituree
917 4462 979 4516 scio
994 4463 1070 4528 quia
1084 4464 1248 4531 maleficus
1259 4477 1300 4516 es.

67 4560 218 4614 Floseellus
231 4566 340 4613 sanetus
354 4561 494 4626 respondit
508 4577 514 4612 :
529 4560 591 4614 Nos
612 4559 783 4614 christiani
794 4561 950 4614 storninuti
969 4576 1088 4629 sumtus,
1102 4562 1198 4629 etqui
1210 4565 1302 4616 ›tertie-

62 4661 121 4731 fiei
132 4663 209 4714 sunt
219 4660 268 4712 dii
279 4659 376 4713 vestri
387 4663 479 4725 sunt‚·
491 4673 547 4714 tros
560 4663 665 4714 tumen
678 4659 761 4727 v'psos
772 4660 979 4715 destruemus.
1018 4722 1021 4726 ⁴
