3316 5482
261 379 355 430 sinn.
374 379 455 429 nur.
475 377 592 429 eanrs.
611 398 655 408 -
671 377 826 428 cernuo.
845 377 893 427 nu
910 376 988 427 con.
1007 372 1085 426 5365.
1224 357 1290 423 397

49 548 205 602 custodiret
217 548 241 574 ¹⁸
254 565 262 602 ε
275 560 366 616 neque
379 549 452 602 enim
469 546 513 601 vel
525 546 645 612 hospites
658 547 693 600 ad
704 546 855 599 bibendum
866 557 997 612 umquam
1010 543 1032 570 ¹⁸
1045 544 1166 612 cogebat.
1178 542 1255 608 Quod
1269 543 1291 595 si

51 658 170 700 neeesse
189 650 262 700 esset
274 644 306 712 ¹¹,
320 659 401 700 mane
419 658 466 699 eos
479 642 501 671 ⁴⁸
515 643 662 712 reficiebat,
674 644 731 711 ipse
743 649 835 697 tamen
851 648 915 697 ante
927 630 1036 696 tertiam
1045 642 1068 669 ¹·
1078 642 1236 696 nullatenus
1247 640 1294 694 ali·

52 745 122 815 quid
133 744 332 813 gustatums¹⁰,
339 750 451 812 propter
456 742 525 797 illud
536 745 669 798 :Beatum
677 743 824 810 princeps
834 742 889 810 qui
896 742 931 796 irc
940 745 1075 810 ternpore
1082 754 1137 796 suo
1146 739 1288 796 comedit.

52 845 230 912 ieiuniorum
249 845 308 899 dies
326 845 362 898 ita
375 844 396 873 '¹
410 845 572 899 observabat
583 849 624 911 ut,
638 843 660 896 si
673 843 811 898 dominica
823 843 882 897 dies
894 843 1031 897 evenisset
1047 842 1138 911 vigilia
1151 843 1286 910 quajeju-

20 942 40 999 Ι
56 944 185 998 nandum
196 949 278 1012 esset,
290 943 465 1011 praecedenti
486 944 600 997 sabbato
610 943 756 1010 jejunaret.
767 944 837 996 ltaro
859 947 951 996 autem
970 946 1017 996 aut
1029 940 1052 969 ⁸⁸
1065 954 1216 1009 numquam
1237 939 1291 993 nisi

56 1044 161 1110 pascba
173 1043 217 1098 vel
230 1042 384 1110 praecipuis
395 1042 585 1096 festivitatibus
597 1042 640 1095 bis
649 1040 797 1095 reficiebat.
812 1041 979 1109 Pauperibus
988 1040 1012 1069 ⁸¹
1024 1045 1053 1095 et
1064 1040 1194 1107 injuriam
1205 1039 1292 1107 passis

57 1143 171 1197 adeum
182 1155 292 1209 semper
303 1142 354 1195 luit
372 1142 443 1196 liber
455 1155 590 1208 accessus,
604 1154 655 1195 nec
675 1139 816 1210 indigebat
827 1140 929 1208 aliquis
941 1146 973 1193 ut
993 1141 1018 1193 ei
1031 1138 1226 1193 munusculum
1238 1139 1289 1193 ali-

57 1241 134 1308 quod
145 1255 198 1308 pro
208 1241 428 1295 commendanda
439 1241 602 1295 necessitate
614 1253 663 1294 sua
675 1240 804 1294 deterret.
827 1243 885 1293 lton
897 1241 971 1293 enim
984 1238 1008 1266 ⁸⁴
1021 1238 1056 1292 ad
1074 1237 1292 1293 subveniendum
1335 1242 1338 1247 “

58 1338 222 1394 flectebatur
239 1339 263 1366 ¹⁸
281 1340 430 1407 quantitate
440 1340 563 1393 muneris
573 1338 622 1392 sed
631 1339 741 1405 majoris
752 1339 940 1407 magnitudine
951 1338 1130 1392 necessitatis.
1144 1340 1175 1390 ln
1186 1341 1292 1390 tantum

12 1438 42 1493 0
56 1439 134 1493 euim
146 1438 169 1466 ¹⁸
182 1453 284 1493 munus
295 1439 418 1505 accipere
439 1440 552 1493 timebat
563 1446 594 1491 ut
606 1438 728 1492 tortellas
749 1452 819 1505 quae
832 1439 903 1491 liunt
914 1451 945 1492 er
958 1450 1021 1492 cera
1033 1436 1068 1501 ¹⁷,
1081 1449 1152 1504 quae
1165 1437 1235 1490 torte
1248 1436 1293 1489 ali·

58 1539 122 1607 quis
143 1538 169 1591 ei
181 1537 332 1604 deserebat,
345 1551 438 1592 coram
450 1537 584 1605 reliquiis,
597 1551 666 1605 quas
687 1550 796 1604 semper
809 1550 901 1591 secum
914 1537 1041 1603 babebat,
1054 1536 1150 1590 ardere
1169 1536 1291 1602 iaceret3

59 1638 94 1693 ad
108 1651 191 1692 snum
202 1650 267 1693 vero
278 1638 441 1705 obsequium
453 1642 500 1691 ant
511 1643 696 1705 comparatam
708 1651 798 1692 ceram
811 1643 858 1691 aut
870 1638 903 1692 de
917 1639 1017 1691 cortice
1032 1636 1135 1690 faculas
1144 1641 1192 1690 aut
1201 1636 1292 1703 piceas

59 1738 182 1793 hastulas
190 1738 309 1792 ministri
322 1739 513 1805 procurabant.
524 1740 627 1806 Sponte
639 1753 705 1807 ergo
716 1739 885 1806 pauperibus
895 1739 1085 1805 subveniebat,
1097 1751 1150 1792 nec
1160 1737 1291 1806 dedigna-

61 1839 143 1893 batur
155 1843 203 1892 aut
214 1852 263 1906 per
272 1853 301 1893 se
311 1845 358 1893 aut
365 1852 413 1906 per
423 1852 487 1893 suos
499 1852 596 1893 eorum
606 1840 813 1893 necessitatibus
826 1839 953 1894 solatium
965 1840 1108 1906 praebere.
1121 1839 1149 1892 Si
1159 1852 1224 1893 vero
1233 1838 1291 1905 pla-

10 1936 44 1991 8
59 1937 146 1991 citum
167 1937 240 1992 inter
260 1937 447 1993 discordantes
459 1937 591 2005 audisset,
609 1939 721 1992 missam
730 1952 779 2006 pro
792 1951 889 1992 eorum
911 1938 1134 1993 reconciliatione
1155 1938 1287 1992 celebrari

60 2037 189 2103 iaciebat,
210 2037 336 2090 similiter
354 2050 439 2107 agens
450 2051 514 2091 cum
534 2039 654 2106 aliquem
671 2038 841 2103 defunctum,
855 2038 920 2092 licet
937 2052 1098 2106 pauperem,
1110 2038 1291 2106 cognovlsset.

60 2137 146 2191 llnlta
166 2137 293 2207 religiose
312 2142 339 2192 et
358 2139 472 2192 honeste
492 2139 576 2207 gessit
595 2151 665 2205 quae
678 2132 713 2192 ad
731 2139 846 2192 activam
863 2139 946 2192 vitam
968 2137 1096 2192 decenter
1115 2138 1291 2192 conveniunt.

60 2235 145 2289 ltulta
165 2235 346 2289 nibilominus
357 2237 392 2291 ab
403 2236 568 2290 adversariis
580 2248 676 2303 passus
688 2240 741 2303 est,
754 2237 788 2290 de
799 2237 899 2304 quibus
909 2235 1023 2305 singilis
1032 2249 1094 2290 eum
1104 2234 1196 2290 divina
1207 2236 1293 2304 gratia

60 2334 224 2388 mirabiliter
235 2335 369 2390 liberavit.
389 2336 521 2401 Quoniam
541 2350 617 2400 vero,
638 2336 708 2390 sicut
725 2349 785 2390 mos
803 2336 885 2404 exigit
898 2335 1097 2390 ecclesiasticus
1114 2334 1148 2402 ¹⁸,
1166 2333 1293 2403 primitus

10 2432 45 2488 Ι)
59 2433 108 2488 ille
120 2446 151 2503 se
162 2431 193 2487 in
205 2433 338 2489 actualem
349 2436 433 2489 vitam
444 2435 620 2490 laudabiliter
632 2435 753 2489 exercuit
764 2439 793 2488 et
803 2435 902 2489 dehinc
914 2440 1002 2490 aetate
1013 2442 1155 2489 crescente
1172 2434 1207 2488 ad
1219 2447 1293 2489 amo

57 2547 117 2588 rem
129 2533 356 2601 contemplativae
366 2534 473 2601 plenius
485 2535 689 2602 inferbuit,1am
698 2535 734 2589 de
745 2535 788 2588 his
799 2547 870 2602 quae
881 2535 917 2589 ad
929 2535 1045 2590 eandem
1058 2535 1141 2589 vitam
1153 2534 1293 2602 pertinent

57 2634 153 2702 aliqua
168 2634 328 2688 referamus.

90 2743 123 2795 7.
137 2744 206 2796 cum
217 2754 281 2810 ergo
291 2742 332 2795 vir
342 2743 448 2797 bomini
457 2743 574 2798 caeleste
583 2743 751 2799 desiderium
760 2745 846 2813 magis
857 2758 889 2798 ac
899 2744 984 2812 magis
997 2744 1200 2811 insumpsisset,
1218 2745 1290 2798 inter

56 2843 147 2897 malos
159 2841 299 2897 relucebat
306 2844 384 2910 quasi
391 2843 479 2897 lilium
488 2844 561 2898 inter
570 2846 663 2912 spinas
674 2859 851 2900 succrescens
861 2863 869 2912 ;
879 2850 907 2899 et
915 2846 950 2899 ab
959 2845 1188 2913 occupationibus
1196 2846 1293 2900 mundi

10 2936 39 2992 Β
56 2954 87 2994 se
106 2940 239 3007 paulatim
258 2941 431 3007 subtrabens,
451 2941 561 2995 nolebat
576 2945 633 3009 jam
657 2944 774 2997 terrenis
801 2942 974 2997 actionibus*
993 2942 1138 3011 implicari,
1158 2955 1215 2997 non
1237 2943 1294 3010 jam

56 3039 92 3093 ad
105 3039 199 3107 regale
211 3039 339 3105 placitum
351 3039 362 3066 '
374 3039 519 3108 proficisci,
532 3054 590 3095 non
602 3042 757 3109 principum
779 3043 963 3097 conventibus
982 3043 1127 3110 interesse,
1140 3043 1189 3096 sed
1201 3042 1294 3098 divino

57 3137 144 3191 cultui
158 3136 169 3163 ⁸
181 3138 361 3206 mancipatus,
372 3141 548 3207 semetipsum
561 3141 675 3195 bomine
691 3140 741 3195 ‘et
750 3143 842 3196 omnia
855 3155 925 3210 quae
937 3142 1124 3209 temporaliter
1136 3141 1296 3209 possidebat

56 3248 222 3291 consecrare
234 3237 378 3304 disposuit.
393 3239 573 3293 Gauzbertum
586 3241 678 3307 itaque
690 3242 878 3296 venerabilem
890 3247 917 3295 et
928 3241 1010 3295 laude
1023 3240 1138 3309 dignum
1152 3238 1295 3295 evocavit⁸

56 3335 229 3411 episcopum,
242 3342 270 3391 et
281 3337 307 3391 ei
318 3339 458 3407 religionis
469 3340 593 3394 habitum
605 3354 634 3394 se
647 3341 806 3395 desiderare
818 3342 957 3408 professus
970 3342 981 3369 ⁸
994 3346 1045 3408 est,
1061 3354 1165 3409 suaque
1180 3340 1292 3408 praedia

16 3428 43 3484 to
56 3434 136 3489 beato
146 3437 228 3490 Petro
240 3437 424 3503 apostolorum
436 3439 553 3506 principi
564 3440 633 3494 velle
647 3443 715 3506 'per
728 3445 920 3494 testamentum
932 3440 1068 3510 delegare,
1077 3444 1104 3494 et
1115 3440 1137 3493 sl
1150 3441 1291 3509 regulares

57 3535 209 3588 monacbos
221 3542 371 3602 utcumque
383 3533 393 3562 ⁸
407 3539 583 3605 repperisset,
606 3552 668 3592 cum
690 3539 731 3591 bis
743 3539 901 3593 desiderare
922 3553 951 3593 se
971 3539 1137 3600 conversari.
1159 3537 1289 3606 sedquia

57 3631 126 3687 tales
139 3635 267 3687 monacbi
279 3635 394 3701 reperiri
405 3649 461 3689 non
472 3637 647 3704 poterant,ad
659 3639 711 3691 boc
721 3638 942 3692 consiliumillud
953 3638 1113 3705 perductum
1126 3643 1168 3692 est
1179 3642 1209 3692 ut
1218 3637 1296 3692 cleri·

58 3736 136 3786 catus
148 3732 368 3788 benedictionem
380 3735 551 3801 susciperet:
564 3735 638 3803 quod
653 3742 745 3790 tamen
757 3738 915 3791 bominibus
928 3737 962 3791 ad
986 3739 1037 3792 boc
1062 3737 1163 3791 celaret
1179 3741 1210 3790 ut
1219 3736 1296 3790 mali·

58 3830 136 3886 volos
148 3845 282 3899 quosque,
289 3833 336 3900 qui
348 3847 412 3887 eum
426 3834 525 3888 laicum
536 3841 674 3902 putarent,
685 3837 782 3903 majori
793 3841 898 3890 terrore
909 3837 1112 3903 comprimeret,
1125 3839 1179 3891 beo
1189 3841 1290 3901 tamen,

10 3929 39 3985 ln
59 3930 109 3998 qui
121 3930 259 3996 inspector
272 3929 363 3984 cordis
375 3936 426 3997 est,
436 3933 612 3987 manifestum
623 3934 727 4003 luisset,
739 3935 802 3989 illos
814 3935 861 4003 qui
871 3935 1053 3989 interfuerant
1060 3933 1219 4004 juramento
1230 3949 1294 3989 con·

60 4028 171 4082 strinxit
182 4034 213 4082 ut
225 4027 279 4083 boc
292 4030 320 4083 in
332 4031 387 4083 vita
399 4032 458 4099 ejus
470 4033 539 4086 nulli
552 4033 768 4089 manifestarent.
781 4035 820 4089 ld
840 4033 987 4088 celandum
1009 4048 1074 4088 vero
1087 4035 1128 4087 sui
1150 4039 1293 4089 tonsuram

58 4237 90 4248 -
106 4208 130 4234 ⁴⁸
142 4209 312 4262 custodiebat
321 4214 346 4262 5.
360 4240 392 4249 -
405 4215 427 4242 ¹⁸
439 4225 498 4265 om.
508 4215 561 4280 23.
575 4242 608 4251 -
620 4214 642 4242 ⁰
653 4216 692 4280 (n.
707 4217 742 4280 e.)
754 4228 817 4268 nam
829 4215 896 4278 (non
907 4215 933 4281 2)
945 4221 1035 4268 essent
1046 4217 1099 4282 ab.
1114 4243 1146 4254 -
1159 4214 1181 4241 ¹⁸
1194 4227 1253 4269 om.
1268 4217 1292 4268 l.

58 4318 90 4332 -
117 4289 138 4318 ¹⁸
151 4292 229 4345 tertia
244 4295 266 4344 l.
281 4292 345 4345 -t⁸
357 4296 392 4359 (a.
408 4296 445 4362 g.)
456 4309 482 4362 g.
496 4308 521 4348 a.
534 4297 559 4348 t.
575 4324 606 4334 -
619 4296 639 4323 '¹
652 4310 710 4351 om.
725 4300 776 4362 ω.
790 4327 822 4336 -
834 4297 856 4324 ·’
866 4311 924 4352 orn.
938 4301 963 4351 t.
976 4326 1006 4337 -
1019 4298 1042 4325 ¹⁸
1055 4297 1250 4365 insuperadd.
1264 4299 1290 4349 5.

54 4402 92 4415 -
105 4374 129 4400 '⁴
142 4376 167 4427 ei
180 4377 232 4442 2,5.
248 4405 275 4413 -
291 4375 314 4402 “
327 4378 487 4432 llectabatur
501 4382 524 4431 l.
537 4407 571 4417 -
582 4379 604 4406 ¹·
617 4381 718 4447 quippe
735 4383 787 4446 2,5.
808 4410 841 4417 -
858 4381 880 4407 ¹⁷
894 4387 931 4447 (q.
950 4381 968 4433 l.
987 4394 1022 4435 ex
1038 4381 1075 4444 c.)
1091 4393 1170 4434 cerae
1187 4383 1239 4446 25.
1259 4405 1291 4418 -

54 4457 80 4484 ¹⁸
94 4459 149 4521 (ex.
163 4458 240 4520 eccl.)
254 4459 322 4512 eccl.
336 4473 379 4512 ex.
393 4462 445 4525 25.

91 4538 188 4592 Num.
203 4540 274 4593 ’1.-
287 4547 294 4572 ¹
310 4543 535 4608 occupationibus
548 4546 642 4608 tit-
655 4541 664 4568 ¹
678 4545 808 4611 palatium
817 4549 842 4598 5.
852 4573 880 4583 -
891 4545 985 4599 'cultu
997 4548 1022 4611 Ξ,
1036 4550 1061 4599 5.
1073 4574 1103 4585 -
1116 4556 1126 4583 ⁸
1138 4545 1251 4599 omnino
1261 4547 1288 4597 5.

50 4652 88 4665 -
104 4620 118 4646 ·
128 4623 233 4676 vocavit
245 4623 271 4690 i,
285 4627 311 4677 5.
324 4650 359 4664 -
369 4624 531 4680 'confessus
542 4627 567 4679 Ξ.
580 4653 613 4666 -
624 4628 633 4655 ²
646 4625 725 4681 valde
734 4630 759 4695 2,
772 4630 797 4680 5.
808 4626 863 4667 -⁸
878 4632 908 4681 ut
922 4628 1087 4695 ubicumque
1098 4628 1157 4696 m.
