3316 5482
212 368 280 435 430
560 383 686 435 caran.
705 383 807 434 cono.
827 382 1003 433 meroen.
1022 383 1104 435 nar.

245 556 301 608 84.
314 558 349 621 (1)
360 555 533 609 Cluniaoensi
545 555 680 609 coenobio
693 556 787 608 subest
799 554 934 622 quaedam
947 554 1014 608 cella
1027 567 1099 622 quae
1111 552 1216 608 dicitur
1227 556 1344 623 caritas,
1357 556 1432 623 inqua

111 654 113 658 ’
212 653 331 720 primum
357 653 526 720 praepositus
547 653 711 706 constitutus
723 658 764 706 est
783 653 826 706 vir
837 652 938 708 nobilis
958 657 987 706 el
998 652 1153 720 religiosus,
1176 654 1295 708 nomine
1315 652 1432 720 eimrdu,

213 753 261 821 qui
272 754 396 821 regimen
407 752 530 821 ejusdem
542 752 674 807 ecclesiae
687 753 773 806 tenuit
785 753 848 819 plus
857 766 939 820 quam
952 752 1062 821 triginta
1076 765 1166 806 annos
1178 770 1186 819 ;
1201 754 1256 806 sub
1268 766 1326 821 quo
1338 752 1433 807 minian

212 853 297 907 crevit
308 853 368 920 ipsa
379 853 476 907 eadem
496 853 574 919 cella,
588 852 625 906 ita
644 858 674 906 ut
687 853 780 907 subse
801 853 913 906 baberet
924 852 992 906 alias
1012 851 1104 906 cellas.
1118 853 1194 906 lnter
1220 852 1277 907 alia
1294 865 1359 908 vem
1376 864 1431 921 quar

213 952 334 1020 possedit
345 953 466 1007 ildelium
485 953 643 1020 donatione,
656 952 719 1007 data
730 957 772 1007 est
792 953 928 1020 quaedam
940 953 1085 1019 possessio,
1107 966 1179 1020 quae
1198 952 1276 1008 crux
1299 952 1453 1021 dieitur,ini

212 1057 287 1106 terra
310 1053 452 1121 briqiensi,
477 1051 633 1120 aquodam
653 1053 753 1106 illustri
776 1053 844 1107 siro.
866 1051 910 1105 Ad
937 1066 1019 1120 quam
1044 1052 1249 1119 possessionem
1274 1050 1432 1107 venerandus

213 1151 342 1206 Gimrdus
354 1154 445 1206 statim
463 1152 612 1205 transmisit
631 1152 858 1219 quamplurimos
876 1152 1033 1217 monaebos,
1049 1164 1228 1219 praeponens
1237 1153 1281 1207 eis
1293 1152 1432 1221 religiosnn

213 1251 302 1307 vimm
315 1251 453 1319 quendam
465 1257 492 1304 et
504 1251 654 1305 ferventem
667 1252 696 1304 in
709 1252 807 1305 ordine
818 1263 878 1304 suo.
893 1251 943 1305 Ubi
956 1250 1022 1305 dnm
1032 1256 1134 1318 essent,
1147 1253 1312 1319 supervenit
1322 1251 1435 1306 festivitas

214 1351 365 1405 beatissimi
376 1363 408 1405 ao
419 1350 606 1419 gloriosissimi
619 1351 783 1405 contessoris
803 1351 902 1404 christi
913 1350 1045 1405 diobolai.
1064 1354 1133 1404 'rum
1146 1351 1247 1405 iratres
1264 1351 1437 1420 requisierant

215 1451 334 1517 priorem
346 1451 369 1504 si
384 1451 524 1504 historiam
545 1451 579 1504 de
600 1450 755 1516 festivitate,
769 1463 840 1517 quae
861 1455 903 1503 est
924 1451 1045 1517 propria,
1066 1449 1257 1504 decantarent.
1279 1451 1384 1514 Quibus
1402 1446 1470 1502 llicit

216 1549 357 1617 respondit
378 1567 385 1604 :
403 1550 480 1616 Non,
502 1550 578 1617 quic
598 1551 686 1617 apud
709 1550 895 1605 cluniacum
914 1562 976 1603 non
996 1551 1157 1604 metetur.
1181 1551 1212 1603 iit
1233 1550 1275 1602 illl
1295 1563 1312 1604 e
1336 1555 1440 1604 contra:
1486 1526 1488 1537 ¹

215 1650 352 1704 Dominus
371 1650 476 1704 noster
499 1649 658 1705 Girardus
672 1649 767 1716 prior
778 1647 860 1716 facit
879 1662 951 1704 eam
971 1651 1103 1703 cantare
1123 1648 1158 1701 in
1170 1649 1263 1705 donno
1282 1652 1393 1705 nostre
1411 1648 1442 1703 dr

219 1748 374 1816 decime,-
386 1751 415 1803 ei
427 1750 508 1816 quod
519 1749 555 1803 in
566 1749 655 1803 domo
666 1751 777 1804 nostre
789 1750 949 1814 cantatur,
968 1761 1025 1803 reos
1037 1748 1180 1803 deberem
1199 1751 1348 1804 cantore.
1368 1748 1445 1816 siqui·

216 1846 278 1901 dem
290 1846 363 1902 idem
375 1848 516 1915 dinamus,
528 1861 544 1901 a
554 1850 698 1916 juventute
718 1862 767 1902 sua
785 1849 891 1902 illectus
903 1849 933 1901 in
950 1861 1044 1904 amore
1056 1849 1154 1914 sancti,
1167 1861 1231 1902 cum
1252 1848 1289 1902 ad
1300 1850 1445 1917 prioratum

216 1946 346 2015 venisset,
358 1947 423 2000 iecit
443 1947 614 2000 testivitatem
636 1947 723 2014 ipsius
743 1948 831 2001 sancti
844 1961 935 2014 perse
955 1951 984 2001 et
1000 1961 1049 2015 per
1069 1960 1133 2001 suos
1155 1948 1296 2015 subjectos
1309 1947 1447 2017 magnifiee
1459 1944 1482 1999 11

216 2046 350 2100 celebrari
361 2051 389 2100 et
399 2047 537 2113 propriam
549 2046 691 2100 historiam
703 2046 853 2101 decantari.
865 2045 905 2099 Ad
918 2060 1034 2114 quorum
1047 2047 1131 2100 verba
1140 2047 1287 2115 respondit
1298 2048 1377 2115 prior
1387 2060 1446 2102 con·

218 2145 362 2199 tumaoiter
373 2151 400 2198 et
419 2145 508 2198 dixit:
522 2144 631 2200 Nonne
651 2157 704 2199 vos
722 2145 798 2198 estis
814 2144 961 2201 mornacii
984 2145 1225 2200 cluniacenses!
1237 2144 1282 2199 illi
1302 2144 1446 2215 responde

218 2250 282 2298 runt
292 2258 356 2298 cum
368 2244 519 2298 bumilitate
539 2258 569 2297 se
582 2257 653 2297 esse.
667 2247 699 2297 lit
711 2244 775 2297 iile:
792 2245 877 2304 duod
889 2244 923 2296 in
944 2246 1048 2299 vestra
1059 2244 1191 2303 ecclesia
1210 2248 1368 2300 cantatur·
1384 2258 1449 2301 cuae

219 2345 291 2414 tate,
304 2347 335 2398 et
345 2345 394 2398 nil
404 2345 553 2412 emplius.
566 2345 657 2399 Altera
670 2345 714 2399 dle
736 2347 834 2400 itemm
847 2345 1090 2413 interpellaverunt
1110 2358 1173 2399 eum
1185 2343 1222 2398 de
1240 2345 1401 2412 supradicta
1412 2357 1447 2398 re

219 2443 269 2508 Qui
281 2444 366 2497 iratus
377 2443 518 2497 interdixit
530 2445 570 2497 eis
582 2458 617 2498 ne
633 2440 800 2498 'ulteriusde
813 2446 862 2498 nac
883 2458 989 2498 recum
1002 2445 1184 2512 requirerent.
1198 2444 1253 2497 Sed
1272 2443 1313 2497 illi
1325 2457 1447 2511 perseve-
1460 2443 1485 2496 bt

219 2549 312 2597 rantes
324 2543 352 2597 in
364 2543 496 2610 petitione
508 2556 567 2609 sua,
581 2544 659 2597 tertia
671 2545 729 2597 uice
742 2557 804 2597 eum
825 2544 985 2610 suppliciter
997 2547 1179 2598 exoraverunt
1191 2548 1222 2596 nt
1235 2543 1276 2596 eis
1288 2543 1450 2598 concederet

218 2643 365 2699 decantare
376 2645 528 2701 historiam.
541 2646 588 2698 lile
600 2645 715 2698 nimium
737 2646 821 2699 iratus
834 2651 929 2700 eontra
942 2657 999 2709 cos,
1012 2643 1192 2697 uehementer
1210 2641 1303 2695 verbis
1315 2646 1450 2696 contume

219 2743 295 2799 liosis
314 2746 403 2813 eoepit
414 2758 462 2799 eos
482 2758 606 2812 arguere,
619 2746 737 2812 eoquod
759 2746 817 2798 ausi
840 2745 943 2799 luerint
954 2728 1047 2799 contra
1068 2756 1147 2797 suum
1162 2740 1343 2795 interdictum
1354 2742 1391 2796 de
1403 2742 1449 2794 bae

83 2847 94 2871 ·
128 2845 159 2901 '.
218 2855 248 2896 re
260 2857 324 2897 eum
337 2850 476 2912 repetere3
490 2845 602 2911 insuper
615 2850 641 2897 et
654 2857 735 2910 scopa
746 2844 810 2897 lecit
822 2857 869 2898 eos
889 2843 1027 2910 vapulari·
1041 2854 1089 2910 pro
1108 2843 1159 2894 bae
1181 2840 1271 2906 eulpa.
1292 2842 1378 2894 Nocte
1390 2852 1450 2894 vera

221 2943 416 3011 subsequente,
429 2957 491 2996 eum
504 2957 533 2996 se
545 2945 635 3010 sopori
648 2942 778 3005 dedisset,
791 2956 855 2996 ecee
875 2943 971 2996 beatus
981 2941 1126 2995 diobolaus
1139 2944 1204 2993 ante
1222 2952 1286 2992 eum
1301 2953 1366 2993 cum
1379 2940 1450 3007 virga
1463 2938 1488 2991 11

220 3042 302 3109 stetit,
316 3043 410 3110 sicque
420 3056 483 3096 eum
493 3048 535 3095 est
546 3040 660 3095 allatus:
676 3043 719 3095 Ter
728 3039 832 3109 fecisti
840 3040 1006 3095 monachos
1020 3042 1089 3094 tuos
1101 3038 1264 3093 uerberari
1272 3051 1375 3092 cause
1383 3037 1451 3091 mei.

227 3141 346 3197 Videbis
359 3143 436 3210 quid
448 3144 520 3197 iride
533 3142 589 3196 ribi
599 3143 724 3196 eveniet.
741 3143 849 3196 Canta.
864 3146 940 3196 Tunc
960 3143 1018 3208 ipse
1032 3146 1140 3195 sanctus
1159 3141 1250 3206 coepit
1263 3140 1453 3207 antiphonam,

222 3257 292 3310 quae
304 3245 343 3296 sic
355 3244 487 3310 incipito
510 3243 626 3297 Christi
637 3244 752 3311 pietus.
766 3244 814 3297 llic
835 3256 899 3297 vero
917 3257 979 3296 cum
1002 3243 1089 3295 nollet
1109 3240 1307 3307 subsequendo
1331 3245 1454 3305 cantare,

221 3344 312 3410 coepit
324 3357 387 3397 eum
398 3342 576 3397 vehomenter
587 3344 741 3407 verberare,
756 3357 832 3396 more
843 3348 975 3397 consueto
994 3341 1115 3410 magistri
1128 3352 1213 3406 puero
1230 3340 1334 3394 volenti
1349 3339 1455 3394 discere

222 3443 336 3497 litteras.
350 3443 418 3507 Quid
431 3443 515 3495 multa
526 3443 538 3494 t
550 3442 664 3495 Tamdiu
686 3443 787 3510 quippe
799 3441 969 3495 verberando
982 3447 1008 3495 et
1028 3438 1161 3493 discendo
1172 3439 1329 3493 decantavit
1341 3440 1368 3493 ei
1384 3439 1456 3493 anti·
1469 3439 1488 3489 b

222 3544 341 3610 plionam
364 3555 508 3609 usquequo
530 3544 576 3596 iile
598 3543 756 3597 memoriter
768 3555 828 3595 eam
850 3543 1008 3595 decantaret
1026 3554 1058 3594 ar
1077 3540 1191 3607 integro.
1206 3541 1237 3590 11
1257 3539 1391 3591 monachi
1408 3540 1456 3606 qui

222 3644 324 3698 circum
335 3643 472 3711 jacebant,
483 3656 545 3695 oum
558 3656 621 3696 eum
634 3643 777 3696 audissent
788 3642 865 3709 quasi
884 3640 1053 3708 deplorando
1064 3643 1175 3692 cantare
1187 3636 1377 3704 supradictam
1389 3639 1459 3692 anti·

223 3742 352 3808 pbonam‚
367 3746 509 3810 surgentes
520 3741 555 3794 dc
568 3741 705 3795 eubilibus
726 3741 793 3808 suis,
807 3741 1046 3793 circumsteterunt
1059 3737 1157 3790 lectulo
1171 3735 1244 3789 illius
1256 3749 1320 3789 cnm
1334 3735 1457 3790 lumina·

223 3840 308 3895 ribus.
320 3842 353 3894 Et
363 3839 487 3893 videntes
499 3853 562 3893 eum
583 3853 612 3893 se
625 3839 740 3892 nimium
753 3839 942 3904 defricantem,
957 3837 1095 3903 simulque
1118 3834 1311 3888 decantantem
1329 3835 1461 3901 antipho·

222 3953 297 4006 nam,
309 3942 487 3996 vehementer
496 3941 704 4006 obstupuomnt,
713 3952 795 4006 quam
805 3938 924 3991 maxime
937 3935 1079 3990 credentes
1088 3933 1192 4001 aliquid
1203 3938 1341 3987 secretum
1353 3933 1458 4000 inesse,
1475 3938 1488 3988 1

223 4038 297 4106 quod
309 4052 366 4093 non
378 4038 516 4104 videbam,
530 4052 578 4105 per
598 4039 649 4092 hoe
661 4037 734 4105 qnod
756 4037 842 4090 oculis
855 4036 1014 4089 cernebam.
1026 4035 1122 4088 lluiius
1133 4038 1226 4086 tamen
1238 4044 1323 4086 ausus
1335 4039 1378 4086 est
1397 4047 1460 4087 enm

224 4139 362 4207 evigilare,
377 4151 542 4204 magnopere
562 4142 748 4204 exspectantes
764 4135 847 4190 tinem
869 4136 919 4188 rei.
934 4139 1000 4188 Cum
1021 4147 1086 4187 vero
1098 4133 1171 4186 bene
1190 4137 1217 4184 et
1230 4132 1396 4186 memoriter
1416 4135 1463 4186 ille

225 4251 315 4305 perse
327 4239 415 4304 ipsum
433 4237 605 4291 decantasset
615 4240 699 4290 totam
720 4237 908 4303 antiphonam,
922 4233 1073 4302 evigilavit3
1096 4230 1248 4297 vidensque
1260 4231 1361 4285 iratres
1373 4240 1464 4287 astare

257 4404 292 4469 (1)
304 4405 376 4467 Quae
386 4403 548 4468 sequuntur,
558 4400 615 4465 jam
627 4399 688 4452 aliis
708 4398 800 4451 verbis
821 4402 931 4450 narrata
953 4396 1124 4462 repperimus
1141 4394 1169 4446 in
1188 4393 1250 4445 cod.
1264 4394 1335 4447 5285
1348 4399 1428 4457 (tom.
1444 4398 1465 4458 l,

226 4499 253 4551 p.
265 4487 368 4548 bibli,
382 4498 459 4537 num.
469 4485 520 4549 26).
544 4485 667 4535 Attamen
688 4494 744 4535 non
766 4481 902 4548 ingratum
924 4479 1078 4547 legentibus
1091 4489 1141 4530 nos
1153 4477 1273 4528 facturos
1286 4480 1464 4544 censuimus,

226 4568 248 4619 si
260 4572 288 4620 et
310 4568 380 4621 banc
392 4566 588 4631 narrationem,
602 4564 797 4631 simpliciorem
810 4568 847 4630 et,
860 4568 891 4617 ut
907 4560 1027 4627 videtur,
1040 4559 1126 4628 magis
1139 4558 1346 4627 primigeniam,
1364 4562 1411 4615 bic
1422 4576 1467 4616 ea·

227 4650 406 4704 tribuerimus.
