3316 5482
223 339 289 405 600
574 353 700 404 caran.
719 353 820 403 cono.
840 352 1013 404 unomen.
1032 353 1114 405 aar.

256 524 430 586 chartaceus,
445 523 571 576 loliorum
585 523 628 587 811,
643 521 710 574 min.
724 522 927 588 (0131)(111),
941 522 1022 575 lineis
1034 521 1132 588 plenis,
1146 526 1277 576 exaratus
1288 536 1355 577 saer.
1367 524 1408 575 11.

260 625 355 676 Totum
368 623 491 676 codicem
507 622 627 688 complet
698 688 702 699 .

324 720 504 822 [Historia
521 724 744 798 sanctorum
762 720 881 799 trium
901 719 1115 821 magorum]

258 855 403 908 Distributa
415 855 444 907 in
463 852 635 920 capitulatio,
654 866 773 920 quorum
794 853 876 907 index
895 853 966 906 lihro
979 853 1173 919 praemittitur.
1188 854 1356 920 subjunctus
1367 859 1435 907 estet

179 956 181 963 ⁴
223 954 369 1022 1111119111
382 952 637 1019 rythmatizatus.
650 953 721 1005 satis
733 953 785 1005 erit
803 952 846 1004 hic
859 951 977 1005 indicem
1001 951 1204 1018 transcripsisse
1227 957 1259 1006 ut
1279 951 1363 1007 libelli
1375 951 1437 1018 haim

227 1053 343 1108 fabulosi
356 1053 448 1119 aliqua
460 1052 555 1104 notitia
569 1052 700 1105 tradatur.

258 1152 411 1220 capitulum
424 1151 553 1218 primam.
567 1152 697 1218 Prologus
710 1151 782 1203 libri.

259 1250 412 1319 capitulum
425 1253 450 1303 2.
460 1252 481 1303 h
493 1264 547 1316 quo
558 1256 614 1303 tres
623 1262 701 1317 reges
720 1254 810 1303 ortum
831 1249 995 1313 habuerunt,
1008 1249 1112 1302 scilicet
1124 1261 1139 1302 a
1151 1249 1280 1315 Balaam3
1300 1249 1441 1303 1111111111

226 1353 337 1406 luerunt
348 1352 503 1417 prophetae.

259 1451 593 1518 capitulumbbemonte
606 1450 723 1517 vaus,in
735 1461 790 1516 quo
808 1450 896 1517 primo
914 1449 990 1502 stella
1009 1449 1060 1502 luit
1077 1449 1142 1502 visa.
1160 1450 1227 1503 vide
1241 1449 1326 1503 etiam
1340 1448 1447 1516 capitulo

227 1553 334 1619 quinto.

260 1651 414 1718 capitulum
433 1652 459 1702 1.
473 1649 592 1713 Qualiter
610 1648 645 1701 dc
665 1649 796 1717 progenie
817 1651 887 1702 vaus
910 1649 938 1700 in
958 1649 1046 1702 dchar
1066 1652 1213 1701 venerunt.
1244 1650 1283 1702 be
1309 1646 1454 1702 diademate

92 1751 168 1807 'sic
228 1751 378 1805 11111111·Ι

259 1847 411 1915 Capitulum
424 1850 449 1899 ii.
463 1849 500 1898 be
513 1846 662 1912 prophetiis
680 1846 827 1899 nativitatis
849 1846 954 1900 bomini
976 1848 1041 1898 iesu
1059 1845 1167 1909 christi,
1189 1850 1217 1897 et
1237 1845 1275 1898 de
1293 1845 1401 1899 caldeis
1415 1844 1456 1912 qui

228 1949 339 2003 student
351 1949 380 2000 in
392 1947 546 2013 astrologia.
560 1946 681 1999 Gentiles
701 1947 817 1999 credunt
827 1946 882 1999 illis
903 1944 1066 2013 prophetiis.
1090 1948 1128 1999 be
1140 1944 1350 2011 pulchritudine
1363 1947 1457 2000 montis

31 2056 40 2075 ·
53 2065 114 2107 vox
120 2062 210 2130 prae·
231 2048 300 2101 laus
313 2052 340 2100 et
351 2045 386 2099 de
397 2046 510 2098 scientia
523 2045 632 2098 illorum
643 2045 690 2112 qui
703 2045 805 2098 ibidem
818 2045 972 2098 illorum...·
985 2040 1186 2097 custodiebant.

47 2121 201 2173 mma·
264 2145 416 2211 capitulum
428 2145 453 2197 6.
465 2143 541 2208 Quod
551 2143 673 2196 Christus
686 2148 765 2196 natus
777 2143 828 2196 luit
839 2143 867 2195 ih
880 2143 1019 2196 Bethleem
1032 2143 1061 2195 in
1074 2142 1182 2209 tugurio
1195 2141 1233 2195 ibi
1246 2142 1302 2196 bis.
1321 2145 1360 2196 be
1375 2143 1458 2197 domi·

227 2247 280 2300 bus
292 2245 339 2298 ubi
352 2243 480 2297 animalia
490 2243 692 2297 conducuntur.
707 2245 744 2295 lle
758 2256 890 2309 praesepe
902 2244 1019 2296 bomini.
1033 2247 1070 2297 be
1089 2245 1148 2298 loco
1168 2244 1216 2297 uhi
1237 2249 1366 2310 pastores
1378 2250 1461 2298 custo

230 2345 341 2399 diebant
352 2357 472 2413 gregem.
486 2346 522 2396 lle
535 2342 697 2396 condicione
710 2348 798 2395 terrae
810 2343 1008 2410 promissionis.

263 2445 416 2512 capitulum
431 2448 454 2496 1.
470 2445 506 2495 lte
520 2442 625 2496 herode
639 2455 701 2509 rege
713 2447 741 2495 et
752 2442 826 2509 quod
840 2448 905 2495 tunc
915 2444 1010 2497 ludaei
1023 2457 1079 2498 non
1092 2444 1230 2498 habehant
1242 2457 1349 2513 regem.

263 2544 453 2610 capitulumti.
466 2543 596 2608 Qualiter,
620 2541 760 2609 quomodo
782 2549 809 2597 et
828 2543 940 2610 quando
961 2543 1039 2597 stella
1061 2544 1196 2611 apparuit.
1211 2547 1248 2596 be
1272 2543 1359 2612 ligura
1382 2543 1464 2610 ipsius

231 2644 335 2696 stellae.
348 2645 385 2695 be
394 2655 460 2695 voce
473 2654 543 2708 quae
556 2641 583 2693 in
597 2654 628 2694 ea
640 2640 789 2694 cstaudita.

264 2742 417 2809 Capitulum
427 2744 451 2795 o.
466 2744 503 2794 be
515 2741 722 2807 praeparatione
737 2741 819 2793 trium
832 2754 927 2809 regum
940 2754 988 2808 per
1007 2755 1054 2795 eos
1075 2743 1144 2795 lacte
1155 2742 1214 2795 visa
1231 2742 1322 2796 stella.
1337 2742 1462 2796 beterris

231 2846 258 2895 et
269 2841 359 2909 regnis
371 2855 476 2895 eorum.
491 2844 528 2894 be
540 2841 629 2894 trihus
643 2838 725 2892 lndis.

262 2942 414 3006 Capitulum
426 2943 465 2993 lo.
479 2941 528 2993 Ubi
538 2940 666 2993 Melchior
678 2939 729 2992 suit
741 2946 832 2993 natus.
841 2942 878 2992 lle
891 2941 957 2992 mari
972 2941 1065 2994 rubro.

266 3042 418 3109 Capitulum
434 3045 472 3093 11.
487 3042 535 3094 Ubi
549 3041 593 3092 alii
608 3053 685 3107 reges
699 3041 754 3092 nati
768 3041 878 3093 luerunt
889 3041 973 3093 etubi
986 3054 1083 3093 corum
1096 3055 1191 3109 regna.

264 3141 418 3206 Capitulum
432 3143 471 3192 11.
486 3140 598 3202 Quando
609 3140 642 3191 ad
655 3140 794 3192 Bethleem
806 3146 833 3192 et
844 3153 890 3206 per
903 3154 983 3206 quam
998 3139 1071 3193 viam
1082 3146 1228 3193 venerunt.

265 3240 417 3306 Capitulum
434 3243 471 3292 15.
487 3240 535 3293 h'bi
548 3239 598 3303 ipsi
611 3237 693 3291 simul
705 3245 902 3292 convenerunt.

265 3339 419 3406 capitulum
431 3342 469 3390 11.
484 3338 623 3402 Quomodo
636 3339 787 3390 Jerusalem
800 3339 980 3391 intraverunt.

266 3438 419 3505 capitulum
432 3442 470 3491 1.·1.
484 3437 624 3501 Quomodo
637 3443 691 3489 tres
705 3450 782 3504 reges
801 3438 1005 3504 interrogabant
1018 3437 1051 3490 de
1064 3451 1127 3505 rege
1140 3443 1215 3490 nato.

267 3539 420 3605 Capitulum
436 3542 474 3591 16.
489 3541 576 3601 Quare
589 3536 677 3602 primo
691 3538 718 3589 in
728 3537 879 3590 Jerusalem
892 3543 1027 3590 venerunt
1040 3544 1188 3604 antequam
1206 3539 1236 3590 in
1250 3540 1400 3593 Bethleem.

267 3638 420 3704 Capitulum
437 3640 474 3689 li.
488 3637 564 3701 Quod
577 3641 632 3689 tres
645 3650 723 3703 reges
745 3640 821 3688 extra
839 3637 988 3689 Jerusalem
1005 3637 1133 3690 viderunt
1150 3636 1257 3690 stellam
1278 3638 1381 3691 denuo.
1400 3640 1461 3691 hen

225 3740 361 3810 ‚viderunt
374 3744 495 3803 pastores
507 3737 672 3802 quibuscum
685 3736 798 3802 angelus
811 3741 869 3788 erat
882 3736 999 3788 loculus.

266 3836 420 3903 Capitulum
432 3838 471 3889 18.
485 3835 553 3899 Quid
567 3848 644 3902 reges
656 3834 781 3887 lecerunt
792 3834 902 3901 quando
913 3835 1072 3900 erantturta
1085 3835 1233 3889 Bethleem.
1253 3838 1291 3888 be
1306 3837 1385 3890 stella
1397 3848 1460 3903 quae

234 3938 335 3989 mansit
347 3935 406 3988 lixa.

267 4035 420 4099 capitulum
435 4035 474 4086 19.
489 4034 544 4085 Sub
557 4045 610 4099 qua
621 4033 706 4085 forma
717 4033 766 4098 ipsi
777 4032 904 4084 viderunt
917 4033 1026 4084 Mariam
1041 4038 1154 4085 matrem
1165 4040 1192 4086 et
1204 4038 1296 4087 lesum
1311 4036 1370 4102 elus
1381 4034 1457 4086 lilium

235 4135 301 4186 dum
314 4136 365 4200 ipsi
379 4147 493 4186 munera
516 4133 685 4186 obtulerunt.
700 4132 768 4195 Quid
790 4132 840 4197 ipsi
862 4132 1022 4184 obtulerunt
1045 4139 1073 4184 et
1093 4132 1127 4185 de
1149 4145 1247 4186 eorum
1263 4140 1366 4188 statum
1387 4133 1458 4187 etde

235 4247 332 4286 eoram
344 4232 515 4285 condicione.

270 4333 422 4399 Capitulum
435 4334 476 4384 10.
491 4332 558 4394 Quid
573 4332 623 4398 ipsi
639 4333 805 4384 obtulerunt.

269 4432 420 4496 Capitulum
433 4433 474 4482 al.
489 4433 525 4483 bc
538 4430 734 4497 significatione
749 4445 895 4484 rnunerum
904 4432 1069 4495 oblatorum,
1080 4431 1114 4482 dc
1128 4445 1209 4496 porno
1223 4446 1306 4486 aureo
1323 4434 1419 4487 oblato.

269 4531 421 4597 capitulum
435 4533 476 4583 11.
492 4532 540 4583 Ubi
554 4531 619 4583 illud
632 4544 742 4596 pomum
753 4533 871 4584 evanuit.

269 4631 423 4695 Capitulum
436 4632 477 4681 11.
491 4630 610 4693 Qualiter
621 4631 723 4684 reuersi
736 4635 800 4685 sont
813 4630 845 4684 ad
860 4644 954 4684 corum
969 4637 1063 4685 terras
