3316 5482
362 328 429 395 344
712 338 835 389 aaran.
855 337 958 388 cono.
977 335 1153 387 nxmoau.
1171 336 1252 388 aar.

394 513 427 567 9.
440 510 520 565 Aliud
541 511 672 579 deinceps
691 522 748 563 nou
765 509 857 562 minus
877 512 1014 576 patratum
1027 511 1068 561 est
1080 507 1252 560 miraculum.
1264 506 1402 571 Quaedam
1416 506 1537 573 femina,
1547 506 1598 559 llil

359 612 485 682 degardis
497 612 619 678 nomine,
633 612 668 664 de
680 609 852 664 Lemovelioa
865 608 962 675 patria,
975 607 1088 661 dextera
1101 619 1184 659 manu
1198 611 1225 660 et
1243 605 1357 660 dextero
1368 605 1439 673 pede
1461 619 1498 659 ex
1518 606 1597 674 longo

360 717 484 778 tempore
496 710 586 764 iuerat
597 714 737 765 contracta
750 714 778 763 el
798 707 832 762 ad
850 707 989 775 ultimum,
1003 705 1077 773 quod
1095 706 1214 772 nequius
1227 706 1287 773 luit,
1301 704 1470 761 daemonum
1491 706 1592 759 babita-

360 810 452 864 culum
471 810 549 863 lacta.
564 809 641 873 Quod
661 813 806 862 cernentes
826 806 923 861 aflines
944 805 1027 872 illius,
1040 805 1088 872 qui
1098 806 1155 871 jam
1177 806 1261 858 multa
1273 803 1308 858 de
1328 805 1476 859 virtutibus
1498 804 1597 858 christi

359 909 486 977 martyris
497 907 652 975 audierant,
661 907 694 960 ad
709 907 905 961 monasterium
917 905 991 958 illius
1004 917 1065 957 eam
1079 902 1282 970 perduxerunl3
1291 917 1378 971 eaque
1387 903 1453 956 illue
1466 903 1596 970 adducta,
1614 907 1632 958 5

358 1009 551 1077 exspectabant
563 1022 612 1074 per
625 1014 751 1061 sanctum
765 1007 880 1059 militem
894 1019 974 1059 suum
987 1004 1026 1056 illi
1039 1004 1086 1058 bel
1105 1004 1322 1058 misericordiam
1343 1001 1504 1057 affuturam.
1518 1006 1597 1058 cun·

358 1123 413 1177 que
428 1121 482 1162 una
495 1109 540 1163 die
552 1108 653 1162 ibidem
666 1109 776 1162 interra
789 1106 967 1160 decumberet
987 1110 1016 1158 el
1037 1117 1089 1157 nec
1109 1104 1231 1157 exterius
1243 1118 1295 1157 uec
1314 1104 1432 1157 interius
1441 1104 1485 1158 uti
1504 1105 1599 1158 buma-

359 1222 412 1263 uus
429 1206 514 1276 exigit
526 1221 593 1261 usus
610 1221 640 1261 se
652 1208 724 1261 terre
746 1207 857 1272 valeret,
870 1205 937 1258 vidit
949 1208 1088 1272 tamquam
1110 1203 1216 1258 radium
1237 1203 1303 1257 solis
1319 1202 1355 1258 de
1374 1216 1456 1271 capsa
1470 1203 1599 1271 ejusdem

359 1308 445 1362 sancti
459 1308 533 1361 exire
551 1314 578 1361 et
594 1320 682 1374 usque
703 1306 737 1359 ad
759 1320 789 1359 se
809 1306 887 1358 illum
910 1305 1073 1370 extendere;
1088 1305 1166 1371 cujus
1179 1304 1319 1370 splendor,
1333 1302 1460 1358 mirabile
1481 1305 1555 1372 visu,
1566 1309 1599 1358 ul

359 1420 446 1474 paene
459 1411 564 1462 mortua
577 1407 700 1460 membra
713 1404 810 1475 tetigit,
824 1418 889 1458 mox
900 1403 1045 1458 vivificavit
1056 1408 1085 1457 et
1096 1400 1230 1457 daenmne
1242 1404 1376 1456 vacuavit.
1617 1406 1650 1457 to

391 1507 441 1559 10.
451 1506 527 1560 Alius
538 1506 659 1573 denique
668 1506 761 1571 bomo,
771 1503 935 1558 Lantiredus
949 1504 1072 1570 nominc,
1083 1517 1131 1570 per
1149 1502 1246 1572 viginti
1260 1503 1383 1570 quinque
1395 1515 1488 1557 annos
1501 1504 1598 1559 luxoen

355 1607 494 1660 amiserat.
508 1604 557 1669 Qui
571 1610 599 1657 et
611 1605 670 1670 ipse
682 1602 800 1657 audiens
812 1616 881 1670 quas
894 1602 1017 1656 Christus
1029 1616 1079 1669 per
1092 1615 1202 1656 servum
1215 1616 1296 1656 suum
1309 1601 1410 1656 cotidie
1427 1604 1598 1670 operabatur

357 1705 480 1771 virtutes,
494 1704 637 1769 impetrato
650 1703 764 1756 duotore
776 1702 810 1755 ad
820 1702 881 1770 elus
894 1699 1041 1755 ecclesiam
1060 1700 1201 1768 pervenil;
1215 1701 1418 1769 procidensque
1439 1702 1466 1755 in
1480 1706 1593 1771 terram,

356 1808 386 1857 ut
398 1803 451 1856 sibi
463 1804 641 1856 misereretur
652 1807 777 1856 sanctum
790 1802 981 1856 potentianum
999 1800 1172 1868 implorabat.
1186 1802 1217 1853 El
1235 1813 1310 1869 ecce,
1325 1805 1405 1855 noete
1416 1799 1592 1870 adveniente,

356 1902 424 1958 vidit
444 1903 591 1955 insomnis
611 1902 684 1969 quod
706 1902 778 1955 idem
799 1906 912 1954 sanctus
933 1902 992 1968 ejus
1013 1900 1108 1954 oculos
1130 1904 1252 1969 tangeret
1273 1900 1593 1969 eumqueillumioarcl3
1612 1905 1645 1957 lb

356 2002 503 2069 statimque
515 2002 550 2054 de
561 2001 621 2055 loco
632 2001 681 2055 ubi
690 2002 799 2068 jacebat
812 2014 970 2068 exsurgens,
984 2013 1014 2053 se
1026 2000 1210 2053 illuminatum
1222 2000 1355 2055 veraciter
1366 2001 1477 2070 agnovit
1499 2004 1594 2057 ellico

357 2112 390 2153 ac
402 2103 497 2154 sancto
510 2099 671 2153 Potentiano
684 2112 748 2152 cum
760 2099 881 2152 lacrimis
892 2099 993 2167 gratias
1007 2098 1109 2152 retulit.

392 2199 438 2251 11.
466 2187 618 2251 Posl'baec
640 2197 752 2265 quidam
773 2202 944 2264 contractus,
966 2197 1078 2251 nomine
1092 2196 1260 2265 adelardus,
1284 2211 1347 2251 cum
1367 2211 1418 2266 pro
1443 2198 1594 2254 obtinenda

358 2295 484 2348 similiter
496 2295 626 2362 sospitate
648 2294 768 2349 eundem
790 2301 916 2349 sanctum
935 2297 1081 2362 expetisset
1100 2301 1128 2350 et
1148 2296 1176 2349 in
1196 2296 1353 2363 pavimento
1374 2297 1509 2352 ecclesiae
1525 2311 1594 2353 rese·

358 2393 454 2460 dlsset,
467 2394 557 2460 coepit
576 2395 694 2460 propriis
715 2395 842 2448 manibus
863 2399 1017 2448 contractos
1037 2399 1181 2448 attrectare
1200 2402 1276 2449 artus
1289 2409 1321 2450 ao
1341 2397 1389 2450 did
1407 2397 1593 2466 rigidosvelle
1608 2400 1640 2452 bl

359 2493 508 2548 extendere
520 2506 629 2548 nervos.
642 2497 718 2547 Tunc
730 2494 824 2547 divina
844 2495 1044 2548 interveniente
1063 2495 1218 2564 clementia,
1233 2496 1364 2563 paulatim
1377 2510 1407 2551 se
1420 2496 1505 2552 iidem
1518 2500 1593 2553 nervi

359 2593 506 2646 extendere
526 2605 557 2646 ac
569 2592 700 2660 quiddam
712 2594 815 2647 doloris
827 2600 935 2660 praeter
948 2593 1057 2647 solitum
1070 2600 1222 2660 cooperunt
1234 2595 1344 2649 afferre.
1358 2599 1481 2666 cumque
1494 2599 1594 2666 partim

359 2689 455 2745 dolore
467 2693 567 2759 partim
588 2693 686 2762 gaudio
706 2705 787 2746 voces
806 2695 951 2758 emitteret,
964 2697 992 2746 ol
1003 2705 1099 2748 omnes
1111 2695 1159 2761 qul
1179 2694 1296 2748 aderant
1313 2696 1348 2749 ad
1363 2697 1443 2750 illum
1460 2700 1593 2752 accurris·

361 2795 431 2853 sent,
453 2795 583 2846 consueta
604 2793 741 2847 redivivae
763 2792 899 2858 sospitatis
920 2792 1050 2845 miracula
1071 2800 1223 2862 agnoscunt
1234 2800 1316 2863 alque
1336 2796 1457 2851 excelsas
1469 2799 1594 2866 omnipo

364 2892 430 2944 tenti
444 2895 498 2945 beo
512 2892 606 2945 laudes
618 2893 647 2944 in
660 2905 805 2946 commune
817 2893 985 2959 persolvunt.
1610 2901 1641 2953 ’,ὅ

399 2991 450 3045 1².
463 2995 556 3059 Neque
574 2993 641 3046 illud
654 2993 792 3047 silendum
809 2999 874 3059 puto
892 2993 966 3061 quod
984 2994 1096 3061 quidam
1116 2994 1165 3061 vir,
1179 2995 1320 3050 Vuldndus
1340 2996 1464 3064 nomine,
1483 3011 1594 3065 gravem

362 3093 391 3144 ln
403 3097 522 3159 utroque
539 3093 608 3158 pede
621 3106 653 3145 ex
667 3092 810 3161 podagrico
828 3095 924 3148 morbo
942 3099 1114 3147 contraxerat
1126 3095 1259 3160 dolorem,
1271 3101 1298 3149 et
1318 3110 1381 3150 cum
1402 3096 1451 3150 diu
1463 3111 1512 3163 per
1530 3099 1595 3166 quid

363 3191 474 3258 aliquod
487 3193 638 3246 remedium
650 3192 751 3246 babere
771 3194 903 3260 potuisset
923 3196 1003 3249 anxie
1014 3197 1202 3263 perquisisset,
1217 3197 1284 3250 nihil
1296 3202 1338 3250 est
1356 3197 1501 3252 inventum
1520 3199 1594 3253 unde

361 3289 397 3342 ab
418 3289 577 3343 infirmitate
599 3291 689 3344 curari
710 3292 851 3357 quivisset.
871 3293 973 3345 deinde
995 3298 1034 3347 tot
1054 3298 1081 3347 et
1102 3295 1184 3347 tantis
1205 3295 1305 3348 auditis
1324 3295 1473 3350 virtutibus
1488 3310 1562 3365 quae
1580 3310 1595 3351 a

362 3387 505 3455 magnilloo
526 3389 623 3441 Cbrisli
643 3390 777 3455 discipulo
799 3390 910 3457 debant,
924 3391 1029 3444 baculis
1051 3393 1114 3445 binc
1139 3393 1203 3446 indo
1216 3394 1306 3459 potius
1323 3400 1492 3448 sustentatus
1511 3409 1595 3464 quam
1613 3397 1645 3449 dd

361 3488 462 3554 pedum
480 3489 567 3543 olllcio
580 3503 655 3552 usus,
668 3492 719 3553 [ut]
731 3490 783 3542 iter
794 3491 828 3543 ad
841 3492 987 3545 caelestem
1002 3493 1136 3545 medicum
1155 3492 1287 3560 dirigeret
1299 3499 1384 3561 utque
1396 3495 1448 3547 sibi
1461 3497 1597 3549 auxillum

362 3588 447 3641 torret
458 3589 542 3641 eundi
556 3588 695 3642 humiliter
707 3591 868 3655 postularet,
878 3592 935 3658 jam
948 3591 1117 3658 aliquamdiu
1130 3606 1291 3660 progressus
1309 3593 1398 3647 iuerat
1409 3600 1436 3647 ct
1453 3595 1483 3647 in
1503 3596 1599 3649 ambu-

363 3686 444 3741 lando
457 3687 563 3741 sortiter
575 3688 733 3754 laborabal;
747 3703 809 3743 oum
823 3691 914 3744 subito
935 3690 1031 3743 dolore
1049 3690 1155 3744 sublato
1175 3692 1319 3746 sanitatem
1338 3693 1452 3760 recepit,
1466 3699 1552 3761 atque
1568 3695 1598 3749 in

361 3784 422 3851 ipsa
436 3785 513 3851 bora,
526 3798 579 3852 qua
600 3785 635 3837 ad
654 3786 819 3851 explendum
841 3788 892 3840 iter
909 3793 1032 3840 sanctum
1052 3788 1103 3841 sibi
1124 3791 1248 3842 auxiliari
1266 3791 1354 3857 petiit,
1365 3793 1417 3855 [se]
1434 3791 1598 3846 exauditum

362 3882 506 3937 intellexit.
520 3884 596 3937 Unde
619 3889 719 3952 quanta
741 3885 826 3939 valuit
837 3885 987 3953 eeleritate,
1001 3895 1082 3953 prout
1102 3888 1215 3956 dignum
1228 3895 1296 3957 erat,
1309 3890 1343 3943 ad
1356 3890 1447 3945 locum
1460 3904 1517 3958 quo
1536 3899 1600 3946 ten·
1616 3894 1646 3945 53

363 3982 454 4049 debat,
466 3988 555 4051 gratos
568 3989 595 4037 el
607 3983 702 4038 laudes
716 3989 790 4039 lanto
804 3985 909 4040 medico
928 3987 1075 4054 relaturus,
1091 3989 1223 4055 pervenit,
1237 3993 1264 4042 et
1276 3991 1344 4043 votis
1364 3988 1465 4043 oblatis
1478 3991 1513 4044 ad
1536 4006 1600 4060 pro·

364 4082 422 4150 pria
434 4096 496 4136 cum
511 4083 611 4136 laetitia
624 4084 765 4138 remeavit.

396 4181 446 4233 18.
460 4179 530 4233 illud
543 4181 624 4233 etiam
637 4188 678 4234 cst
688 4182 871 4249 adiciendum,
882 4183 955 4250 quod
975 4186 1048 4239 inter
1060 4186 1173 4239 multam
1188 4185 1376 4255 languentium
1389 4188 1512 4251 turbam,
1526 4204 1601 4257 quae

363 4277 427 4331 illuc
447 4278 570 4345 undique
592 4279 755 4346 confluebat,
775 4281 886 4348 quidam
908 4285 958 4349 vir,
972 4286 1094 4338 llndroas
1118 4291 1239 4354 vocatus,
1261 4300 1276 4339 a
1296 4299 1376 4340 saevo
1396 4287 1537 4344 daemone
1558 4298 1602 4345 est

362 4383 487 4444 arreptus
499 4383 524 4432 et
536 4379 601 4432 illuc
613 4394 629 4432 a
641 4380 733 4433 multis
746 4382 904 4437 bominibus
918 4383 950 4436 ad
969 4385 1122 4438 curandum
1136 4391 1177 4438 est
1195 4386 1345 4451 adductus;
1359 4399 1441 4453 quem
1455 4388 1494 4442 ila
1507 4390 1602 4445 diabo
1618 4391 1649 4444 tt

361 4474 413 4529 lica
431 4477 580 4530 stimulatio
601 4479 720 4546 agitabat
731 4486 761 4532 ut
783 4495 879 4534 luanus
892 4488 918 4534 ct
940 4488 1021 4549 capul
1034 4489 1060 4537 ot
1083 4485 1188 4551 reliqua
1201 4485 1322 4538 membra
1337 4486 1389 4539 buo
1403 4487 1527 4556 illucque
1547 4492 1601 4544 cir·

362 4575 509 4629 cumlerrct
529 4589 560 4629 ac
582 4591 769 4647 quoscumque
782 4587 872 4647 posset
893 4582 1021 4635 dentibus
1034 4583 1166 4652 laniaret3
1181 4585 1254 4639 unde
1268 4585 1427 4640 fortissimis
1444 4588 1601 4645 adstrictus
