3316 5482
277 111 371 160 amn.
389 111 473 161 nar.
492 111 608 162 runis.
627 132 672 143 -
689 111 841 162 urrann.
861 111 908 161 nn
925 111 1002 162 con.
1021 109 1097 162 sair.
1227 97 1294 164 289

90 277 124 330 θ.
140 278 250 332 interea
262 277 328 332 dum
341 280 406 347 quid
419 286 512 348 ageret
524 280 717 347 meditabatur,
726 282 800 335 omni
813 294 862 348 spe
875 282 1013 335 mundana
1025 282 1184 349 postposita,
1196 281 1292 335 ridens

54 385 87 430 se
99 389 278 446 nequaquam
292 391 372 446 posse
385 380 488 434 habere
500 394 575 447 spem
589 380 641 433 nisi
654 381 683 433 in
696 383 749 434 lieo
761 381 828 434 etin
842 382 944 435 sanctis
962 382 1031 448 ejus,
1045 381 1200 448 excogitans
1214 381 1292 434 mira-

54 476 119 530 cula
131 479 224 544 qnae'
236 480 345 548 saepius
355 480 479 534 audierat
491 479 549 534 lieri
562 493 611 548 per
622 480 809 535 beatissimum
821 479 1005 546 leonardum,
1019 481 1079 547 elus
1090 480 1251 534 clementiae
1263 484 1290 534 et
1344 482 1354 501 ·

55 576 266 632 misericordiae
278 579 530 646 recommendavit,
544 580 605 634 etsi
621 578 687 633 inde
699 585 790 646 posset
801 578 928 642 evadere,
941 577 975 632 ad
994 579 1053 645 ejus
1065 579 1209 633 ecclesiam
1227 592 1290 632 cnm

20 665 44 721 5
58 673 148 744 dignis
159 677 321 731 muneribus
339 691 369 731 se
389 683 535 732 venturum
550 678 682 744 promisit.
696 680 753 743 Quo
769 678 849 746 iacto,
863 679 988 745 protinus
1007 691 1037 732 se
1049 679 1078 731 in
1091 678 1210 732 lacrimis
1228 689 1290 744 pro·

60 776 141 844 rupit,
154 789 220 830 eum
232 778 353 846 singultu
364 783 391 833 et
402 778 578 832 lacrimarum
588 779 690 846 gemitu
702 779 842 833 humiliter
853 784 881 833 et
893 779 990 834 devote
1004 777 1091 832 sancti
1104 778 1239 832 leonardi
1251 779 1291 830 in·

62 881 201 930 cessanter
211 877 362 944 deposcens
373 879 556 944 clementiam,
568 879 707 932 indicens:
722 878 1038 946 osaacteleouarde,
1048 878 1138 933 eidus
1147 889 1290 944 aureum,

61 978 113 1044 qui
136 978 171 1032 ia
193 981 346 1047 quamtum
368 977 483 1047 lucifer
502 983 621 1036 ceterae
641 981 753 1034 stellas
776 982 906 1048 superat
927 979 1085 1046 claritate,
1108 978 1143 1031 iu
1167 979 1292 1032 tautum

61 1077 287 1145 mperecceiiic
298 1091 403 1134 omues
420 1078 611 1148 consessores
624 1079 853 1134 miraculorum
865 1084 894 1133 et
906 1079 1059 1134 virtutum
1071 1077 1288 1143 adornatione,

13 1164 47 1224 io
60 1174 101 1228 ad
112 1175 204 1242 mque
216 1189 318 1233 vocem
332 1177 525 1232 reviviscunt
544 1177 672 1246 mortui,
686 1176 809 1246 iasimui
829 1179 1000 1242 caueatur,
1022 1174 1215 1231 incarcerati
1231 1175 1290 1228 eol-

59 1278 188 1343 ountur,
201 1277 277 1344 quia
288 1277 371 1332 sicca
381 1290 454 1333 cera
465 1277 578 1354 desiuit
589 1290 610 1330 a
622 1276 707 1345 facie
717 1277 810 1346 ignis,
824 1277 870 1330 ita
883 1276 984 1331 amuis
999 1276 1145 1331 reliditur
1164 1273 1247 1342 ferri
1262 1274 1292 1327 et

58 1386 225 1431 carcemcm
236 1375 409 1432 adsumitur
420 1377 463 1431 ad
478 1378 702 1433 invocationem
718 1377 767 1430 tui
784 1376 922 1432 nomimis
944 1375 1096 1444 liquescit,
1113 1377 1147 1428 tu
1161 1387 1194 1428 es
1205 1371 1290 1441 refu·

56 1473 145 1542 pium
150 1487 341 1544 patariorum,
353 1489 423 1544 sper
434 1476 615 1545 dolentium,
627 1475 784 1531 medicina
793 1475 1035 1544 infirmantium,
1048 1473 1290 1541 compeditorum

57 1572 239 1631 mamito.
251 1575 422 1631 oumarrat
431 1576 520 1644 miii,
532 1571 768 1645 quaesaputar
786 1578 841 1629 tua
851 1592 860 1642 3
871 1574 955 1643 quia,
968 1574 1111 1642 quamvis
1124 1571 1199 1644 liaeo
1208 1571 1291 1637 iuste

17 1669 42 1724 to
52 1673 177 1742 patiar,
199 1675 304 1730 tamea
323 1675 424 1730 viatim
434 1675 576 1744 penuria
599 1680 629 1731 et
648 1674 730 1744 ferri
748 1675 880 1743 duritia,
899 1687 1097 1742 nequaquam
1113 1673 1171 1727 diu
1191 1682 1291 1727 coutet

57 1770 139 1826 miii
149 1785 215 1828 esse
221 1773 340 1843 poterit
350 1775 427 1830 aito.
1218 1777 1222 1783 ’

91 1873 179 1928 &llis
197 1880 224 1928 et
244 1875 399 1942 huiusmodi
412 1876 578 1931 clamoribus
600 1877 683 1930 miser
695 1876 741 1929 ille
762 1879 841 1930 nocte
864 1874 963 1943 dieque
983 1878 1108 1929 sanctum
1125 1872 1291 1927 vociferabat

56 1970 242 2036 leonardum,
255 1974 283 2027 in
296 1979 402 2029 tantum
415 1975 542 2042 quodvis
556 1976 654 2042 aliquis
674 1975 703 2028 in
717 1975 786 2029 turri
803 1974 973 2042 superposita
991 1986 1043 2026 nec
1060 1973 1089 2024 in
1104 1972 1166 2025 aula
1184 1971 1210 2024 ei
1225 1982 1291 2023 eon·

53 2071 151 2138 iuncta
160 2072 283 2128 dormire
294 2079 408 2142 poterat
421 2075 497 2141 Quod
515 2075 611 2130 videns
628 2075 757 2129 dominus
775 2076 822 2142 qui
841 2087 904 2128 eum
922 2077 1074 2140 acceperat,
1088 2073 1159 2125 intra
1177 2085 1206 2124 se
1218 2070 1289 2138 cogi·

9 2168 37 2222 to
54 2175 115 2223 tare
127 2173 217 2239 coepit
229 2173 296 2240 quid
317 2173 352 2227 de
363 2187 396 2228 eo
417 2179 518 2243 ageret,
532 2186 568 2227 ne
587 2174 688 2228 totiens
701 2178 826 2227 sanctum
839 2171 1012 2226 leonardum
1033 2170 1192 2239 appellaret.
1205 2169 1290 2237 igitur

56 2267 109 2323 diu
128 2272 277 2340 excogitata
291 2272 399 2339 fraude,
411 2272 440 2326 in
461 2274 520 2340 ipso
532 2273 620 2327 noctis
641 2273 812 2339 crepusculo,
827 2272 916 2339 quae'
928 2270 1081 2324 facinorum
1102 2270 1226 2323 omnium
1245 2273 1287 2322 est
1343 2272 1352 2293 ·

57 2371 179 2435 muscia,
192 2384 318 2440 egressus
336 2385 370 2426 ex
382 2373 455 2438 aula,
468 2373 589 2427 dimissis
600 2372 732 2426 militibus
750 2374 944 2440 ingressusque
960 2371 1068 2435 turrim,
1081 2369 1157 2422 venit
1168 2369 1202 2422 ad
1215 2368 1288 2421 lora·

57 2482 125 2523 men
136 2472 263 2539 carceris,
277 2473 325 2527 uhi
338 2473 422 2526 miser
434 2473 480 2527 ille
492 2473 610 2527 assiduis
622 2478 746 2526 sanctum
765 2470 941 2525 leonardum
959 2468 1151 2535 interpellabat
1167 2469 1291 2539 vocibus,

56 2573 87 2621 et
99 2573 200 2622 mnata
211 2583 277 2624 voce
288 2570 376 2623 dixit:
395 2571 474 2632 Quid
485 2570 555 2625 visi
566 2571 642 2640 quid
660 2569 812 2639 quaeris?
826 2570 887 2625 Our
906 2581 955 2624 me
970 2566 1078 2621 diebus
1094 2565 1293 2636 noctibusque

10 2670 37 2724 5
54 2667 235 2736 inquietari
247 2670 347 2724 Putas
361 2673 389 2725 te
400 2683 422 2724 o
433 2684 482 2725 me
499 2670 662 2736 emoudiri,
676 2683 748 2725 cum
759 2671 798 2724 de
808 2669 959 2736 magistro
979 2680 1045 2722 uteo
1055 2668 1218 2734 Scriptura
1237 2668 1292 2720 ter·

55 2769 143 2822 tetur
155 2785 163 2824 :
175 2769 355 2825 Peccatores
374 2771 456 2824 Deus
475 2782 539 2825 nou
559 2770 672 2825 audiit
683 2770 760 2825 Ecce
787 2782 840 2837 ego
859 2782 930 2824 esum
951 2769 1080 2823 sauctus
1100 2766 1295 2821 hemardus.

54 2864 219 2933 quedere,
231 2866 365 2934 sipotes.
379 2866 417 2920 ld
439 2868 517 2934 cujus
537 2879 633 2921 vocem
653 2867 688 2920 ita
712 2867 852 2934 disruptae
874 2870 939 2920 sunt
956 2864 1104 2932 compedes
1124 2868 1153 2918 et
1171 2863 1295 2916 manicae

55 2966 163 3019 terreae
174 2979 206 3020 ac
218 2968 240 3020 sl
253 2968 311 3034 ipse
333 2968 429 3021 beatus
448 2969 608 3021 leonardus
635 2968 825 3036 confregisset.
839 2967 916 3021 Unde
935 2972 963 3020 et
975 2980 1032 3020 non
1045 2972 1085 3018 est
1105 2965 1218 3018 dubium
1232 2961 1296 3015 huic

56 3066 192 3122 miraculo
204 3076 376 3134 praesentem
389 3069 473 3122 tuisse
486 3073 611 3122 sanctum
629 3069 812 3122 leonardum.
826 3066 929 3122 oeinde
950 3081 1012 3120 cum
1025 3070 1101 3119 tanto
1122 3065 1226 3131 impetu
1238 3062 1292 3116 uir·

11 3169 37 3222 o
57 3166 209 3221 tusdivina
221 3167 298 3221 illum
319 3169 440 3223 solutum
460 3168 578 3237 arripuit
599 3175 629 3223 ut
649 3169 683 3223 de
705 3167 843 3236 profundo
864 3168 992 3234 carceris,
1005 3167 1052 3234 qui
1073 3179 1123 3219 sex
1142 3163 1228 3217 stadia
1247 3166 1294 3216 aut

56 3270 164 3333 septem
176 3267 292 3323 lralehm
304 3268 506 3335 proitrnditatis,
519 3274 583 3322 ante
592 3268 767 3334 dunelmum,
779 3269 826 3335 qui
840 3280 921 3321 causa
934 3279 1000 3319 suae
1013 3269 1125 3319 venerat
1136 3262 1292 3328 derisionis,

57 3364 223 3418 sustulisset

91 3464 124 3519 ὅ.
135 3466 219 3530 Quem
239 3466 390 3521 Gulielmus
410 3468 556 3537 aspiciens,
569 3468 661 3521 timuit
685 3466 836 3535 effugerem
850 3479 901 3520 nec
919 3465 1057 3520 desistens
1073 3477 1090 3517 a
1106 3463 1292 3529 simulatione,

57 3565 126 3619 dixit
139 3564 294 3620 :Ascende
305 3579 400 3634 super
413 3568 530 3622 collum
543 3580 663 3633 meum‚·
673 3567 748 3635 quia
761 3579 814 3634 eqo
827 3569 855 3620 te
866 3564 1009 3634 deseram
1018 3564 1061 3618 ad
1069 3562 1295 3617 mmmsterium

11 3667 40 3720 55
56 3676 162 3719 meum
174 3664 331 3720 illaesum
345 3668 401 3721 lloc
412 3667 474 3720 ideo
486 3667 594 3721 dixerat
614 3667 678 3734 quia
691 3679 754 3720 eum
774 3666 845 3719 inter
857 3678 923 3718 suos
943 3664 1044 3717 milites
1066 3664 1094 3716 in
1106 3663 1169 3716 aula
1186 3661 1294 3715 deterre

55 3764 177 3831 volebat,
190 3765 286 3819 volens
296 3766 375 3819 illum
387 3765 543 3821 interlicere
555 3772 601 3820 aut
615 3767 714 3820 iterum
732 3766 914 3819 incarcerare.
929 3767 984 3833 Ugo
1000 3777 1064 3818 vero
1076 3763 1153 3815 illum
1175 3760 1293 3814 credens

56 3875 118 3918 esee
130 3869 255 3918 sanctum
274 3866 457 3932 leonardum,
471 3867 517 3934 qui
531 3879 595 3920 eum
616 3867 650 3919 de
663 3869 737 3919 tanta
757 3865 882 3933 angustia
901 3861 1292 3931 libemuerat,quodlussc1at

56 3962 154 4017 devote
165 3963 297 4030 implerit,
311 3969 338 4018 et
357 3979 440 4031 super
458 3965 557 4018 collum
572 3964 646 4018 illius
667 3963 800 4018 ascendit.
815 3966 899 4028 Quem
922 3962 1073 4016 Guilelmus
1094 3959 1208 4015 firmiter
1224 3959 1289 4012 arri·

56 4059 146 4130 plens,
159 4066 258 4129 putam
270 4075 299 4117 se
311 4063 346 4117 de
366 4077 399 4118 eo
417 4068 523 4118 certum
535 4077 604 4131 esse,
617 4063 712 4117 volens
734 4077 806 4131 eum,
820 4063 899 4117 sicuti
912 4063 1119 4129 excogitaverat,
1142 4059 1214 4112 male
1235 4065 1288 4112 tra·

12 4162 37 4214 lo
55 4165 140 4227 ctare,
153 4160 187 4215 de
200 4162 269 4215 turri
278 4163 369 4228 coepit
380 4162 556 4216 descendere.
565 4164 584 4214 0
594 4161 685 4216 divina
697 4161 877 4226 elementiam
890 4157 1034 4213 ineffabilis
1046 4157 1176 4224 potentia,
1187 4170 1203 4210 o
1216 4157 1289 4210 inae

55 4262 201 4315 stimabllis
220 4263 306 4316 virtus
325 4264 452 4329 caritatis,
466 4276 482 4316 o
495 4261 632 4316 ineffabile
649 4261 754 4316 donum
770 4261 928 4315 divinitatis.
943 4261 1001 4326 iiia,
1025 4259 1166 4313 consessor
1178 4257 1286 4324 Christi,

53 4374 172 4428 operare
185 4361 259 4428 quod
276 4363 407 4428 operaris.
421 4363 495 4428 aperi
515 4363 617 4414 viscera
636 4360 841 4414 misericordiae
855 4376 862 4411 :
876 4360 922 4427 qui
939 4359 1054 4412 illudere
1068 4364 1142 4424 putot
1155 4356 1287 4421 illuditur,

121 4473 223 4516 cerne.
234 4472 322 4516 riuis.
337 4474 362 4515 r.
376 4475 404 4516 11.
1193 4459 1224 4510 iti
