3316 5482
448 373 542 423 arcu.
561 371 646 424 ιιιί.
664 371 782 423 coms.
801 391 847 402 -
862 371 1016 422 menno.
1035 372 1084 422 ιιι
1099 371 1177 423 con.
1200 373 1278 426 acce.
1409 357 1475 425 409

239 551 385 603 amecutus
396 544 496 610 linerat,
508 541 558 598 sed
573 527 703 611 magisac
715 541 801 610 magis
813 541 928 609 cupiens
940 553 1064 596 crescere
1073 543 1103 595 in
1112 543 1227 597 scientia
1236 547 1320 612 atque
1332 543 1475 613 sapientia,

239 645 421 702 transmeavit
431 645 524 711 Alpes,
538 642 703 710 perquirens
714 641 838 709 diligenti
851 641 977 694 studiosi
990 654 1074 709 quem
1087 648 1178 709 posset
1194 643 1320 698 invenire
1332 657 1381 711 per
1393 657 1476 712 quem

238 745 392 813 sapientior
400 741 460 796 lieri
468 746 568 809 posset.
574 742 606 793 lit
614 739 741 807 quamvis
749 739 847 792 multos
854 741 911 807 jam
920 741 972 794 sub
981 752 1031 794 suo
1041 739 1198 807 magisterio
1207 741 1357 809 discipulos
1366 743 1474 797 babuis-

238 851 289 912 aet,
303 857 370 898 nam
390 842 484 910 plures
504 841 533 894 in
554 853 603 893 sua
623 840 711 906 patria
731 838 839 894 scholas
859 843 986 893 mouerat
1005 840 1041 893 de
1062 841 1239 909 grammatica
1260 849 1288 895 et
1300 842 1435 897 rhetorica
1448 845 1476 896 et

212 942 545 1008 lmaximedialc[c]tica,
567 952 639 1008 quae
655 952 687 993 ec
707 943 832 1005 tempore
849 952 931 1006 quam
950 939 1068 995 maxime
1086 941 1179 1007 elapsa
1195 940 1294 1009 luerat,
1314 947 1344 995 et
1360 955 1410 1009 per
1422 943 1476 997 boc

239 1050 322 1099 notus
335 1055 392 1096 non
403 1042 492 1095 solum
505 1040 632 1094 itomanis
644 1038 693 1092 sed
715 1046 743 1091 et
761 1039 880 1105 Graecis,
900 1051 963 1091 nam
982 1052 1032 1106 pro
1050 1045 1124 1093 certo
1141 1040 1223 1093 nobis
1245 1042 1386 1108 protestati
1399 1046 1474 1110 sunt,

239 1142 365 1210 quiante
376 1153 427 1194 nos
439 1140 559 1206 bierunt,
572 1136 647 1205 quod
660 1137 719 1204 ipsa
730 1149 784 1202 ars,
803 1136 907 1191 scilicet
923 1135 1096 1207 diale[c]tica,
1116 1152 1166 1205 per
1182 1152 1247 1193 eum
1257 1145 1419 1206 recuperata
1434 1140 1471 1193 sit

242 1248 270 1296 et
281 1245 414 1296 renovata
427 1255 433 1291 :
448 1238 581 1307 quamvis,
595 1237 718 1318 inquam,
732 1237 769 1289 ita
785 1235 906 1300 floreret,
923 1242 1017 1290 tamen
1034 1238 1135 1291 ardens
1152 1237 1292 1294 desiderio
1309 1239 1473 1310 litterarum,

239 1344 315 1397 venit
327 1343 357 1394 in
368 1345 460 1407 partes
471 1337 619 1392 Galliarum
630 1354 638 1404 ;
651 1339 678 1390 et
697 1335 813 1391 audiens
833 1336 933 1390 famam
954 1337 1095 1404 cujusdam
1118 1340 1286 1408 berengerii,
1304 1340 1474 1395 'turonensis

195 1444 224 1496 lo
241 1441 375 1496 ecclesiae
386 1436 582 1504 archidiaconi,
591 1436 637 1504 qui
645 1436 745 1489 multos
757 1440 785 1488 et
793 1448 879 1503 prope
889 1449 985 1490 omnes
996 1437 1180 1504 praecellebat
1192 1439 1306 1493 scientia
1318 1439 1473 1495 litterarum

240 1542 270 1596 io
282 1541 338 1594 illis
348 1539 481 1607 partibus,
495 1539 569 1592 venit
579 1535 614 1590 ad
626 1549 701 1603 eum,
715 1536 808 1590 celans
820 1537 933 1590 omnino
946 1537 1008 1605 quis
1020 1542 1104 1605 esset,
1117 1538 1296 1607 subdiditque
1307 1552 1338 1593 se
1349 1541 1409 1607 ejus
1418 1540 1473 1594 dis·

211 1710 215 1715 ¹
239 1640 382 1708 cipulatui.
396 1642 431 1692 at
451 1651 514 1692 cum
534 1637 574 1690 nil
593 1637 631 1690 ibi
652 1649 681 1690 se
702 1635 833 1704 prolicere
852 1640 986 1714 cerneret,
1005 1650 1101 1691 revera
1118 1650 1192 1706 vero,
1206 1643 1237 1691 ut
1260 1642 1322 1706 post
1333 1639 1471 1707 apparuit,

241 1740 404 1809 intellegens
416 1752 480 1793 eum
493 1750 548 1792 non
561 1749 621 1790 esse
632 1749 715 1790 sanae
727 1735 879 1802 doctrinae,
892 1737 1025 1791 abscessit
1036 1737 1071 1790 ab
1083 1750 1126 1805 eo,
1142 1739 1279 1792 etiterum
1302 1752 1350 1805 per
1362 1752 1392 1794 se
1403 1744 1431 1793 et
1443 1739 1472 1794 in

240 1839 397 1911 burgundia
409 1840 464 1894 ct
456 1854 486 1893 m
505 1839 604 1893 ceteris
629 1837 788 1907 regionibus
808 1837 910 1891 Galliae
929 1837 1021 1904 coepit
1040 1838 1173 1892 maximas
1194 1837 1304 1893 scholas
1326 1845 1430 1907 tenere,
1445 1845 1472 1895 et

188 1943 222 1995 ld
188 1944 409 2010 lmagnopere
421 1952 469 2007 per
480 1940 533 1993 boc
543 1938 649 1992 cunctis
661 1938 851 1991 innotescere
864 1938 910 1990 et
903 1952 931 1991 ιι
944 1952 1041 2006 magna
1053 1939 1235 1994 admiratione
1247 1953 1317 1995 esse.
1523 1943 1611 1999 'cod

274 2039 305 2093 8.
320 2040 460 2108 cumque
453 2052 482 2092 in
495 2040 546 2092 boc
557 2038 647 2091 studio
668 2050 719 2104 per
738 2037 909 2104 aliquantum
927 2043 1036 2106 tempus
1054 2051 1110 2092 non
1131 2038 1238 2093 modice
1262 2039 1408 2108 floruisset,
1424 2039 1470 2095 ille
1486 2009 1657 2078 ¹⁸⁰⁰¹⁰⁸⁰⁰f⁰

239 2154 289 2208 qni
281 2139 336 2193 de
344 2139 426 2193 saulo
439 2139 552 2192 Paulum
570 2137 644 2205 lecit,
658 2137 692 2191 de
715 2137 834 2204 superbo
852 2136 995 2206 humilem,
1014 2137 1049 2192 de
1066 2138 1220 2207 legisperito
1238 2141 1361 2208 gentium
1379 2139 1470 2195 docto·

240 2254 311 2306 rem,
324 2240 383 2306 ipse
396 2240 469 2294 bunc
479 2251 529 2293 sua
541 2239 637 2307 gratia,
651 2237 789 2305 quomodo
801 2237 888 2291 voluit
899 2243 926 2290 et
940 2243 971 2291 ut
983 2238 1042 2305 elus
1054 2238 1199 2306 dispositio
1211 2239 1423 2306 praeordinavit,
1435 2237 1470 2292 ad

239 2353 319 2394 suam
331 2338 547 2394 misericordiam
560 2339 677 2391 attraxit.
691 2336 813 2391 Audiens
826 2339 927 2405 quippe
945 2338 1045 2391 tamam
1057 2338 1177 2408 regionis
1193 2340 1386 2406 llormanniae,
1399 2351 1471 2406 quae

190 2442 224 2495 ab
239 2442 318 2508 prius
328 2439 452 2494 lteustria
463 2438 616 2502 dicebatur,
629 2439 658 2491 in
679 2451 733 2505 qua
745 2437 874 2491 ducatum
891 2438 988 2506 agebat
1005 2438 1170 2493 hereditario
1185 2441 1248 2507 jure
1260 2440 1412 2493 Willelmus
1424 2438 1470 2492 ille

240 2541 289 2608 qui
302 2546 396 2607 postea
408 2539 562 2608 subjugavit
573 2538 624 2592 sibi
637 2542 721 2591 totam
729 2537 853 2603 angliam
860 2539 952 2605 armis,
963 2543 990 2591 et
998 2538 1089 2591 sciens
1098 2543 1172 2593 certo
1185 2540 1272 2593 relatu
1285 2539 1340 2592 illic
1353 2521 1468 2592 multum

238 2640 391 2706 collapsum
403 2638 522 2692 studium
538 2637 705 2691 litteraturae
728 2636 877 2692 mutatione
897 2637 1055 2691 barbaricae
1075 2639 1174 2706 gentis,
1188 2643 1215 2692 et
1227 2638 1391 2706 intellegens
1403 2652 1466 2705 pru·

238 2719 402 2793 deotissime
418 2737 588 2804 inspectione
608 2735 673 2790 inde
696 2748 726 2789 se
748 2747 829 2803 posse
849 2735 963 2802 adipisci
985 2737 1116 2802 majorem
1138 2737 1252 2805 gloriam
1274 2741 1301 2791 et
1313 2737 1465 2804 plurimum

236 2842 393 2906 quaestum,
405 2836 479 2890 venit
492 2835 548 2888 illic
560 2848 623 2889 cum
638 2835 741 2902 paucis.
764 2834 816 2888 sed
837 2840 985 2903 antequam
1004 2836 1173 2903 pervenisset
1184 2836 1219 2890 ad
1232 2835 1356 2891 notitiam
1371 2837 1466 2892 multo

187 2941 219 2993 ab
237 2950 310 3001 rum,
323 2935 431 2989 attraxit
452 2934 530 2988 illum
543 2934 577 2988 ad
595 2947 624 2988 se
639 2932 686 2987 ille
698 2934 744 3001 qui
763 2933 876 2987 Paulum
889 2935 994 2987 vocavit
1011 2933 1046 2987 de
1062 2934 1147 2998 caelo,
1167 2935 1218 2988 boc
1237 2934 1328 2989 modo.
1345 2936 1464 3000 Quadam

235 3036 291 3103 dle,
304 3035 371 3089 dum
382 3036 433 3088 iter
445 3038 537 3103 ageret
548 3034 623 3088 solus
640 3047 702 3087 cum
714 3046 771 3086 uno
789 3033 916 3099 scholari,
930 3033 1027 3087 incidit
1044 3034 1072 3086 in
1090 3033 1227 3101 latrones;
1243 3034 1290 3101 qui
1301 3036 1326 3088 ei
1339 3035 1464 3089 auteren-

234 3141 278 3190 tes
297 3134 389 3188 omnia
403 3147 473 3201 quae
486 3133 611 3201 babebat,
624 3133 719 3186 sinunt
737 3133 823 3201 abire,
840 3138 945 3186 mnium
964 3135 990 3187 ei
1007 3134 1176 3188 dimittentes
1195 3138 1329 3188 vetustam
1345 3135 1463 3202 chlamy·

235 3236 312 3302 dem,
325 3240 417 3288 cetera
431 3234 525 3287 omnia
542 3246 636 3286 secum
657 3233 816 3286 retinentes.
837 3234 912 3286 lunc
930 3233 977 3287 ille
995 3234 1153 3288 recordatus
1171 3239 1212 3287 est
1229 3233 1303 3288 illins
1322 3234 1464 3302 cuiusdam

234 3335 323 3388 sancti
335 3334 396 3401 riri,
409 3334 456 3401 qui
472 3346 534 3386 oum
554 3345 570 3386 a
588 3332 784 3400 longobardis,
798 3340 828 3386 ut
845 3333 940 3386 beatus
957 3338 1050 3386 narrat
1068 3333 1224 3402 Gregorius,
1237 3338 1329 3388 tentus
1341 3339 1423 3401 esset,
1436 3338 1464 3387 et

187 3437 216 3491 to
233 3434 262 3488 ei
274 3446 355 3486 suum
375 3432 510 3486 caballum
528 3431 715 3496 abstulissent,
729 3436 790 3499 post
807 3444 854 3485 eos
872 3431 1002 3498 clamans,
1017 3431 1163 3499 flagellum,
1176 3445 1231 3500 quo
1243 3446 1345 3500 equum
1367 3432 1463 3487 solitus

233 3531 416 3599 eratminari,
435 3531 534 3586 obtulit
551 3532 591 3584 eis
611 3530 708 3584 dicens
729 3547 735 3582 :
754 3531 872 3599 tollite,
892 3533 929 3584 ut
948 3530 1089 3586 leccenna
1110 3533 1194 3586 unde
1214 3531 1270 3587 boc
1282 3532 1462 3599 jumentum

232 3631 505 3700 minarepocaitic.
519 3631 621 3696 Quibus
632 3631 723 3697 dictis,
736 3631 861 3698 protinus
877 3632 905 3683 in
924 3629 1077 3685 orationem
1095 3644 1124 3685 sc
1143 3631 1227 3686 dedit.
1242 3632 1284 3684 llli
1302 3645 1366 3686 vero
1380 3646 1463 3686 cursu

234 3730 332 3798 rapido
350 3735 485 3785 venerunt
503 3729 538 3783 ad
558 3730 684 3796 liuvium,
709 3730 821 3784 nomine
840 3729 1021 3796 Vulturnum3
1047 3742 1129 3796 quem
1148 3729 1225 3782 nullo
1247 3728 1328 3784 modo
1349 3729 1465 3784 transire

234 3835 394 3898 potuerunt.
415 3831 537 3897 Cumque
560 3828 635 3883 nullo
654 3829 735 3883 modo
756 3828 873 3882 transire
893 3832 1012 3896 possent,
1027 3828 1223 3882 intellexerunt
1241 3829 1305 3896 quia
1323 3842 1356 3882 ex
1374 3829 1464 3896 culpa,

187 3933 216 3986 55
233 3943 318 3998 quam
331 3942 410 3984 servo
422 3930 470 3984 liei
482 3929 611 3995 fecerant,
623 3929 673 3983 ista
682 3927 827 3996 dispendia
840 3927 1002 3982 tolerabant.
1016 3927 1065 3992 Qui
1078 3928 1169 3981 statim
1184 3928 1295 3995 reversi,
1309 3940 1367 3983 non
1376 3928 1465 3983 solum

233 4028 354 4082 reddunt
365 4029 439 4096 quod
451 4028 630 4096 abstulerant,
641 4028 780 4082 sedetiam
791 4028 880 4095 ipsum
894 4027 1065 4080 libertinum
1078 4027 1194 4080 invitum
1207 4028 1236 4080 in
1248 4040 1351 4095 equum
1363 4027 1464 4095 dequo

231 4128 420 4194 deposuerant
431 4128 531 4195 lerant,
544 4133 572 4181 et
585 4129 710 4195 protinus
723 4126 875 4181 abscedunt
892 4133 920 4179 et
938 4126 988 4180 iter
1006 4141 1085 4179 suum
1100 4126 1187 4180 libere
1199 4131 1342 4194 peragunt.
1351 4125 1410 4193 Sic,
1425 4126 1464 4179 in·

231 4226 333 4293 quiens
343 4229 523 4295 lanfrancus,
535 4242 589 4296 epo
601 4228 733 4296 faciam.
747 4229 882 4284 Redeam
892 4230 921 4280 et
933 4227 1063 4293 offeram
1075 4227 1122 4280 eis
1134 4241 1215 4294 quae
1224 4227 1420 4293 dioriserant,
1434 4230 1465 4281 et

231 4338 305 4381 cum
317 4325 372 4382 boc
386 4326 498 4396 fecero,
510 4328 642 4382 reddeat
653 4327 732 4381 mibi
744 4327 849 4381 omnia
862 4339 940 4379 mea.
955 4328 986 4379 Et
997 4340 1060 4379 eum
1070 4326 1179 4379 iecisset
1191 4325 1264 4393 quod
1279 4332 1371 4379 mente
1383 4339 1464 4380 exco-

187 4428 212 4480 0
229 4426 372 4494 gitaverat,
385 4440 441 4480 non
453 4428 478 4480 ei
497 4428 607 4494 proluit,
620 4427 668 4480 sed
688 4428 715 4479 in
735 4428 811 4493 pejus
833 4426 871 4478 illl
893 4426 1038 4492 prouenit:
1058 4426 1132 4493 paria
1151 4425 1219 4478 alia
1238 4425 1418 4493 intentione,
1432 4431 1461 4479 ut

231 4526 294 4592 ipse
306 4527 411 4580 solebat
421 4527 537 4594 reterre,
547 4527 724 4580 libertinus
735 4526 816 4579 illud
824 4524 908 4594 fecit,
922 4525 989 4578 clia
999 4537 1060 4592 ego.
1072 4525 1251 4578 Libertinos
1255 4538 1343 4592 pura
1352 4527 1463 4592 mente,

229 4625 270 4679 ut
282 4623 427 4681 baberent
439 4628 469 4680 et
475 4625 672 4695 possiderent
684 4643 694 4692 ,·
705 4638 760 4692 ego
772 4623 950 4679 calliditate
970 4626 1000 4678 et
1020 4624 1098 4691 cloio,
1121 4626 1155 4678 ut
1166 4623 1333 4678 redderent
1343 4622 1463 4690 ablata,
