3316 5482
305 369 397 418 aran.
417 368 500 418 nar.
521 366 638 417 rxars.
657 388 702 397 -
717 345 872 416 arrabo.
893 365 940 414 xo
957 365 1035 414 eon.
1055 363 1129 413 san.
1272 349 1337 415 125

134 533 218 589 etbaco
226 536 392 592 eratcuidam
401 537 496 603 juveni
509 548 654 604 generoso,
667 534 781 588 nomine
788 535 947 596 coruscum,
959 535 1135 600 desponsata.
1147 535 1230 598 Quae,
1241 534 1336 588 audito

133 637 223 688 nocue
233 636 439 703 praedicationis
459 635 570 702 eloquio
591 647 623 687 ao
643 633 774 686 mirificae
795 632 905 686 deitatis
926 633 1041 686 attonita
1062 633 1219 699 praeconio,
1241 637 1336 699 utpote

131 733 179 797 jan
186 738 278 791 aelesti
288 736 421 804 inspirata
433 737 593 803 spiramine,
606 735 728 788 auditum
739 735 912 802 evangelium
923 747 1017 787 seeum
1028 735 1064 787 ita
1077 732 1242 799 disputando
1256 739 1339 787 retra-

133 832 236 890 cubatio
247 845 354 904 pectore
367 836 418 889 :Si
429 836 483 890 itti
490 838 611 903 sponso,
618 847 679 902 per
691 847 782 901 quem
794 836 907 888 cancta
919 833 1093 887 sccbsiatnnt
1104 835 1266 902 elemento,
1276 834 1339 887 oir-

99 930 267 998 opinatorem
288 950 391 991 nesam
410 936 597 990 inviolatam
617 947 746 988 serrare
766 935 913 1001 valerem,
936 933 1040 1001 ipsam
1047 935 1165 1001 procul
1176 933 1269 987 dnbio
1282 933 1337 988 cni

131 1033 304 1097 copulatione
315 1034 350 1088 in
363 1037 497 1102 tempore
508 1032 815 1102 liniturajnnpcneia
827 1045 897 1085 snm
911 1031 1108 1099 dimitterem,
1125 1032 1237 1100 iiiique
1248 1046 1338 1100 quem

129 1130 172 1182 eol
180 1135 204 1185 et
221 1134 295 1188 iuna
314 1134 486 1201 mirantur,
500 1133 591 1199 ecqua
602 1132 739 1186 essentia
751 1144 807 1185 nec
829 1131 940 1198 incipit
951 1144 1007 1185 nec
1019 1131 1138 1185 desinet
1150 1132 1184 1185 in
1196 1134 1336 1201 saecula,

128 1229 181 1284 toto
190 1233 284 1286 cordis
295 1211 411 1300 affecta
423 1230 629 1286 inhaererem.
652 1233 723 1284 ilaec
744 1231 809 1283 dum
832 1231 907 1298 virgo
925 1236 951 1282 et
963 1230 1015 1283 alia
1028 1244 1109 1297 quam
1123 1231 1239 1297 plurima
1252 1231 1338 1285 revol-

123 1333 224 1386 veretin
235 1335 335 1400 animo,
350 1331 473 1398 nudem,
488 1333 553 1385 licet
564 1343 670 1399 pagane
683 1335 764 1397 esset,
785 1331 813 1383 in
832 1344 864 1384 ea
875 1336 1006 1398 operante
1017 1332 1119 1397 Spiritu
1130 1330 1235 1398 divino,
1248 1345 1339 1385 surre-

10 1424 13 1473 ἱ
72 1433 102 1484 td
119 1430 155 1483 xit
165 1430 198 1485 da
208 1437 291 1486 stratu
304 1432 484 1499 intempestae
499 1432 587 1485 noctis
600 1431 712 1484 silentio
725 1435 752 1484 et
765 1429 799 1484 ad
813 1430 914 1494 locum,
927 1431 956 1484 in
969 1443 1024 1497 quo
1037 1429 1242 1497 praedicatores
1251 1432 1340 1485 sancti

113 1531 294 1599 quiescebant,
307 1545 390 1585 cursu
404 1531 520 1586 tetendit
532 1531 649 1585 concito.
669 1530 725 1583 illis
736 1533 801 1584 v'ero
812 1531 915 1597 sopori,
935 1530 1008 1596 quod
1018 1536 1059 1584 est
1070 1531 1191 1584 debitum
1206 1532 1339 1598 corporis,

110 1630 281 1697 sedentibus,
293 1631 369 1700 uirgo
382 1631 548 1698 introgressa
569 1630 628 1681 istis
649 1628 781 1682 exclamat
798 1629 911 1682 vocibus
925 1646 931 1682 :
944 1629 1031 1682 Servi
1040 1629 1096 1683 Dei
1107 1630 1337 1696 omnipotentis,

103 1740 219 1797 precor
225 1728 463 1797 poserem-pire,
471 1730 500 1782 et
509 1740 566 1794 me,
573 1740 668 1795 qnam
675 1726 820 1781 diabolus
829 1727 975 1781 rediscere
982 1727 1163 1795 conabatur,
1172 1727 1206 1779 ia
1212 1728 1339 1783 nornine

104 1831 237 1884 sarwtoe
253 1827 418 1882 Trinitatis
430 1827 597 1894 baptizate.
611 1828 722 1880 Famula
735 1828 781 1880 liei
794 1827 862 1879 haec
875 1831 979 1892 orante,
993 1827 1176 1880 ammirantur
1187 1828 1238 1880 viri
1251 1829 1338 1880 sancti

55 1932 89 1983 iii
107 1932 213 1981 antam
221 1927 302 1980 iidem
310 1927 338 1980 in
346 1928 596 1992 lemineooorpore,
603 1931 630 1979 et
639 1928 689 1979 bac
699 1939 765 1979 voce
774 1926 1015 1993 respondentesde
1026 1927 1124 1981 lectulo
1132 1929 1335 1980 surrexerunt’:
1392 1930 1479 2007 'coci

105 2026 220 2082 Amica
231 2027 288 2080 Dei
298 2027 435 2092 Rooterm,
446 2026 576 2080 Doniirw
595 2028 701 2080 nostro
713 2026 787 2079 Jesn
802 2024 922 2080 Christo
941 2026 1000 2080 isto
1019 2028 1071 2081 tuo
1082 2026 1237 2081 desiderio
1255 2025 1338 2080 vehe·
1355 2008 1516 2051 sus¹⁰¹¹⁸⁵e·

104 2128 229 2180 moriter
235 2125 412 2193 placitura,
424 2125 549 2192 pretias
561 2123 730 2192 referimus
742 2125 802 2179 Deo
814 2126 908 2178 Patri
925 2128 953 2178 et
966 2125 1057 2192 Filio,
1072 2127 1126 2193 qni
1144 2125 1221 2178 teob
1233 2139 1341 2180 errore

102 2225 222 2295 perstiti
232 2237 289 2279 sno
300 2226 410 2278 sancto
422 2223 572 2291 dipnatus
584 2227 628 2277 est
642 2224 786 2277 liberare.
791 2223 965 2290 praesidio.
986 2224 1056 2278 Non
1072 2227 1118 2277 est
1136 2226 1241 2277 antem
1253 2224 1341 2277 nobis

105 2325 252 2395 facultas
264 2323 462 2391 adimplendi
474 2324 507 2376 in
519 2323 574 2378 boc
590 2325 654 2377 ioco
666 2324 747 2390 qnod
753 2325 911 2393 posticias,
924 2325 977 2392 sed
986 2325 1016 2378 si
1027 2325 1105 2378 ilinc
1115 2338 1174 2391 qno
1184 2325 1341 2378 tendimns

51 2428 87 2480 2⁰
99 2427 177 2494 port
188 2436 246 2478 nos
258 2424 364 2477 uenire
375 2435 438 2477 non
449 2423 605 2491 neptepos,
624 2425 654 2476 et
674 2422 862 2490 baptismum
874 2425 904 2477 et
914 2423 1130 2477 remissionem
1138 2426 1340 2491 pcccatorum

100 2523 312 2592 percepisset
323 2534 472 2590 mansum
485 2525 585 2588 taum,
598 2522 804 2589 pertinenciis
817 2524 871 2589 est,
879 2523 1058 2592 purificata
1070 2535 1226 2590 opnosces.
1240 2523 1339 2576 audita

107 2637 174 2690 ergo
186 2624 238 2675 bac
251 2621 444 2689 promissione,
455 2620 546 2687 puella
557 2620 707 2673 terrentius
718 2619 847 2686 baptizari
856 2620 1048 2686 exardescens,
1059 2623 1125 2687 petit
1133 2622 1168 2674 ab
1178 2622 1218 2674 eis
1231 2627 1259 2673 ut
1269 2622 1339 2674 viam

107 2722 257 2789 locumque
270 2734 325 2788 quo
343 2721 490 2773 tenderent
509 2720 563 2773 sibi
584 2719 729 2788 diligenter
748 2719 921 2774 denotarent.
941 2723 1017 2774 Tunc
1029 2720 1078 2772 viri
1097 2721 1154 2786 liei,
1167 2720 1202 2773 de
1216 2722 1275 2788 ejus
1287 2727 1342 2774 tam

108 2821 189 2874 iirma
201 2820 364 2874 credulitate
377 2819 471 2888 ganisi,
485 2819 632 2873 ordinatim
647 2819 719 2872 viam
732 2820 766 2872 ab
788 2820 852 2884 ipsis
865 2820 1024 2886 inquisitam
1036 2819 1183 2886 locumque
1196 2822 1222 2873 ei
1234 2822 1343 2873 innota·

55 2923 91 2975 25
109 2925 220 2974 rerunt.
231 2922 264 2973 lit
276 2933 356 2973 mane
369 2920 450 2981 iacto,
462 2933 493 2973 ex
506 2932 583 2972 more
595 2924 748 2987 surgentes,
762 2920 815 2972 iter
826 2918 900 2986 quod
913 2925 1061 2985 coeperant
1081 2925 1230 2973 tenuerunt
1247 2925 1283 2983 et,
1294 2920 1344 2974 du·

111 3027 190 3074 ctore
203 3022 329 3077 Domino.
339 3021 448 3073 assidue
462 3019 664 3087 praedicantes,
675 3020 708 3071 ad
721 3020 852 3084 oppidum
865 3020 943 3072 illisa
955 3020 1033 3072 beato
1044 3023 1122 3072 Petro
1132 3020 1254 3086 apostolo
1266 3033 1341 3074 reve·

110 3122 196 3176 latum
209 3120 391 3174 devenerunt.
404 3120 454 3185 Qui
467 3134 528 3173 cum
542 3119 636 3173 eadem
651 3124 731 3172 nocte
749 3118 905 3186 indigerent
923 3119 1050 3185 bospitio,
1063 3119 1199 3186 quaedam
1213 3120 1343 3172 meretrix

111 3234 223 3288 egressa
235 3220 354 3286 suscepit
366 3231 412 3271 eos
425 3220 453 3270 in
466 3218 591 3283 lupanari
605 3232 663 3271 suo.
678 3219 768 3270 Sancti
779 3232 843 3272 vero
861 3219 1027 3284 sacerdotes,
1038 3219 1124 3284 ipsam
1138 3219 1250 3272 domum
1263 3232 1344 3287 agno·

111 3325 221 3373 scentes
231 3320 347 3371 anticam
369 3318 517 3385 nequitiae,
539 3318 658 3370 latenter
677 3323 818 3377 exeuntes,
829 3316 967 3383 quendam
981 3317 1071 3371 locum
1085 3319 1232 3384 petierunt,
1246 3320 1274 3371 in
1288 3331 1343 3386 quo

59 3422 93 3473 30
112 3432 210 3486 vepres
222 3417 400 3471 abundabant
412 3421 438 3470 et
452 3417 579 3470 horridae
592 3416 686 3483 silvae,
700 3423 727 3468 et
741 3417 836 3469 muniti
850 3422 960 3469 sanctae
972 3418 1060 3470 crucis
1073 3417 1223 3482 signaculo,
1237 3419 1343 3485 requie·

111 3524 212 3571 xerunt
232 3518 269 3569 ibi
293 3517 366 3569 illius
386 3518 474 3570 noctis
495 3517 592 3583 spatio.
615 3519 691 3568 blane
713 3520 802 3569 autern
814 3516 895 3580 lacto,
910 3517 1074 3570 christianae
1087 3518 1267 3571 seminatores
1281 3517 1342 3571 fidei

111 3621 292 3671 recesserunt
312 3616 345 3669 ad
367 3616 509 3683 oppidum,
531 3622 557 3668 et
575 3616 683 3682 publica
696 3616 870 3669 confessione
883 3620 1041 3669 reverenter
1053 3617 1243 3682 praedicantes
1255 3619 1343 3670 bomi-

110 3732 189 3781 num,
202 3717 352 3770 daemones
365 3716 400 3769 de
418 3716 538 3769 obsessis
557 3716 719 3782 corporibus
731 3713 888 3782 effugando,
902 3715 1025 3781 leprosos
1039 3715 1197 3769 mundando
1211 3720 1237 3769 et
1252 3722 1342 3771 cetera

110 3828 194 3882 quam
206 3814 325 3881 plurima
336 3815 412 3882 signa
425 3813 562 3880 iaciendo,
572 3826 654 3866 omne
668 3814 720 3867 loci
738 3813 812 3866 iilius
825 3814 1018 3866 subverterunt
1031 3813 1187 3867 idolatriam
1196 3816 1214 3878 ⁴,
1228 3815 1339 3869 multos·
1401 3820 1409 3840 ·
1422 3818 1478 3873 sic.

58 3917 93 3968 ὦ
110 3930 176 3982 que,
188 3929 259 3982 quos
271 3927 348 3968 error
360 3927 391 3967 ac
404 3913 489 3980 caligo
504 3913 603 3966 mentis
615 3913 649 3966 ad
672 3918 834 3979 perpetuum
847 3912 990 3965 damnarat
1010 3914 1160 3979 interitum,
1174 3915 1342 3980 baptizantes

111 4027 160 4068 eos
176 4015 204 4066 in
218 4014 330 4067 nomine
343 4018 454 4066 sanctae
467 4016 494 4065 et
507 4011 664 4065 individuae
678 4012 828 4077 Trinitatis,
843 4017 1016 4064 retraxerunt
1027 4013 1060 4065 ad
1075 4013 1229 4065 bominum.

143 4113 176 4166 ⁵.
189 4114 372 4167 sanctisvero
399 4113 509 4166 famulis
529 4115 574 4165 liei
597 4113 719 4166 nondum
741 4127 756 4164 a
777 4113 870 4166 labore
892 4125 942 4165 suo
964 4111 1171 4176 desistentibus,
1185 4126 1248 4165 ecce
1262 4113 1339 4165 beata

109 4214 187 4282 uirgo
207 4213 329 4275 Rodena,
343 4226 426 4279 quam
446 4211 560 4278 praelati
579 4226 683 4276 sumus,
701 4212 757 4265 sola
779 4212 824 4264 lici
843 4212 975 4264 concitata
996 4212 1096 4265 virtute
1109 4213 1233 4277 veniens,
1247 4225 1340 4265 eorum

110 4318 302 4380 praesentatur
314 4313 464 4365 obtutibus.
476 4315 512 4365 lie
524 4313 603 4378 cuius
616 4311 734 4364 adventu
744 4311 838 4364 famuli
848 4312 893 4363 liei
904 4311 1052 4363 admodum
1063 4312 1240 4379 gratulantes,
1251 4323 1342 4364 susce·

57 4416 92 4466 lt)
111 4425 178 4478 pere
189 4425 249 4464 eam
263 4411 419 4478 diligenter,
434 4415 461 4463 et
473 4411 536 4476 quia
558 4415 667 4476 praeter
679 4411 770 4463 omnia
790 4411 874 4475 ipsam
894 4411 1011 4477 agebant
1029 4411 1171 4463 sollicitam
1184 4415 1244 4462 uota
1257 4410 1342 4475 bapti-

110 4512 201 4578 zandi,
214 4514 272 4579 ipsa
284 4513 405 4564 instante
418 4511 556 4577 precibus,
570 4511 775 4576 baptizaverunt
786 4523 845 4562 eam
866 4511 892 4562 in
907 4511 1019 4563 nomine
1033 4511 1119 4563 Patris
1132 4517 1159 4562 et
1172 4510 1231 4562 Filii
1245 4515 1271 4561 et
1284 4509 1341 4575 Spi-

109 4612 179 4665 ritus
197 4614 294 4665 sancti.
309 4614 378 4663 lium
390 4624 454 4664 uero
467 4610 540 4663 trina
552 4611 619 4676 vioe,
641 4610 710 4663 sicut
730 4609 798 4662 iides
811 4609 937 4675 postulat,
952 4615 1128 4678 mergeretur,
1141 4610 1231 4661 statim
1243 4607 1336 4661 divino
