3316 5482
212 341 279 407 228
557 356 683 408 curru.
702 356 805 408 coun.
825 355 999 409 usercen.
1017 354 1099 406 nar.

211 524 334 579 cbristus
347 539 403 579 non
415 539 475 579 earn
497 525 600 579 diutius
622 540 719 594 passus
732 531 773 580 est
785 539 879 580 amore
901 526 944 578 sui
966 526 1107 592 languere,
1127 521 1176 576 sed
1197 521 1313 588 expletis
1332 522 1401 574 mi·
1424 489 1475 564 0¹

213 636 312 678 novem
324 638 459 679 annorum
472 626 501 678 iu
523 626 685 680 reclusionis
697 627 766 680 cella
787 625 943 692 curriculis,
957 625 1032 678 venit
1045 625 1073 676 in
1092 624 1201 676 bortum
1214 622 1289 675 illius
1300 616 1456 674 comedere

211 722 330 776 fructum
352 737 505 790 pomorum,
518 724 655 778 bonorum
674 725 778 778 scilicet
798 736 913 790 operum
932 725 1027 790 ipsius.
1041 723 1124 789 cujus
1147 721 1218 774 borti
1239 721 1395 774 custodiam
1411 719 1446 771 ita

214 822 310 877 beatus
322 823 368 876 ille
380 824 421 875 vir
433 838 521 890 usque
533 823 568 878 ad
580 823 610 877 id
624 825 751 891 temporis
775 825 804 878 in
816 825 913 891 prima,
928 823 1050 877 secunda
1062 828 1143 890 atque
1160 821 1241 875 tertia
1251 820 1348 889 uigilia
1359 820 1445 874 obser

213 921 335 986 pavitat,
349 922 492 988 completis
503 923 688 989 praelatorum
700 936 836 977 annorum
849 923 953 989 spatiis,
968 921 1091 975 kalendis
1100 920 1162 988 julii
1174 933 1317 987 sponsam,
1330 915 1469 972 animant

214 1023 340 1077 videlicet
352 1038 439 1092 suam,
450 1025 556 1079 aeterni
566 1026 660 1093 sponsi
672 1008 845 1093 amplexibus
855 1024 1014 1092 angelorum
1024 1023 1151 1077 manibus
1159 1022 1333 1088 deportatam
1343 1019 1448 1075 obtulit.

214 1124 299 1188 uuam
321 1125 360 1176 illi
381 1124 563 1193 congaudenti
584 1137 687 1193 sponso
708 1126 869 1192 inferentes,
883 1126 951 1177 baec
963 1125 988 1177 ei
1002 1125 1047 1191 pia
1066 1123 1149 1178 verba
1168 1122 1298 1175 cecinere
1309 1121 1450 1175 dieentes:

216 1225 331 1278 Beatus
348 1238 437 1292 qoem
449 1225 573 1292 elegisti
584 1227 614 1279 et
631 1226 839 1295 assumpsisti,
859 1224 997 1288 Domine,
1011 1223 1162 1278 habitabit
1178 1223 1214 1275 in
1235 1219 1452 1277 tabernaculis

169 1384 172 1388 ,
217 1320 1453 1392 tutemilleamicam‚sponsamvidelicetsuam,assumeus‚introduxlteamiudomum

211 1423 306 1476 matris
318 1435 385 1476 suao
397 1430 425 1476 et
436 1424 464 1476 in
485 1423 643 1478 cubiculum
665 1425 804 1493 genitricis
824 1437 900 1492 suae,
914 1423 1063 1477 ostendens
1083 1423 1107 1476 ei
1127 1421 1234 1476 divitias
1251 1421 1361 1490 gloriae
1372 1433 1450 1488 suae,
1468 1417 1496 1472 to

213 1535 281 1589 quas
294 1522 390 1576 oculus
410 1536 467 1577 non
485 1524 551 1577 vidit
571 1537 622 1578 neo
634 1525 709 1578 auris
727 1525 839 1585 audiuit,
854 1537 905 1578 nec
919 1524 948 1576 in
960 1536 1007 1578 cor
1019 1522 1138 1577 bominis
1149 1521 1272 1575 ascendit
1289 1534 1365 1589 quae
1376 1532 1456 1589 prae·

214 1624 318 1689 paravit
328 1625 399 1677 lieus
412 1624 454 1676 iris
467 1621 514 1690 qul
527 1624 646 1692 diligunt
658 1639 732 1678 eum.

243 1723 384 1775 transitus
395 1736 460 1776 vero
470 1724 556 1789 ipsius
568 1724 641 1778 beati
653 1723 705 1778 viri
718 1725 747 1776 in
757 1724 844 1790 spatio
854 1724 964 1792 triginta
974 1721 1092 1776 millium
1102 1735 1118 1775 a
1128 1722 1188 1776 loco
1198 1720 1455 1789 transmigrationis

211 1819 297 1888 ipsius
317 1833 366 1887 per
385 1821 587 1887 inerguminam
606 1821 746 1889 quandam
764 1822 836 1874 circa
858 1822 953 1875 boram
973 1806 1028 1875 diei
1051 1821 1158 1874 tertiam
1171 1821 1201 1873 in
1220 1820 1281 1874 vico
1296 1819 1400 1888 Yvegio
1412 1823 1455 1873 est

212 1920 415 1987 pronuntiatus.
440 1921 513 1985 Quae
530 1920 657 1975 videlicet
680 1921 789 1988 muller,
803 1921 900 1974 itinere
924 1932 979 1988 quo
1001 1932 1152 1986 numquam
1176 1918 1245 1972 ierat
1265 1918 1310 1972 vel
1331 1917 1456 1973 redierat
1472 1920 1503 1972 ld

211 2023 329 2086 arrepto,
342 2018 399 2072 sola
411 2019 506 2086 synaxi
519 2019 650 2074 basilicae
661 2021 749 2074 sancti
762 2018 838 2073 aliuit
849 2021 1025 2086 vespertina3
1041 2018 1167 2086 sequenti
1180 2017 1289 2072 demum
1308 2018 1357 2074 die
1373 2031 1391 2072 a
1410 2030 1458 2072 ue·

212 2119 356 2186 quisslmo,
369 2130 424 2185 quo
435 2132 549 2185 pervasa
561 2121 659 2185 fuerat,
673 2121 803 2174 mundata
816 2126 857 2173 est
869 2120 977 2186 spiritu.

242 2217 478 2271 conuenientibus
498 2223 588 2272 autem
610 2231 693 2286 quam
715 2218 842 2285 plurimis
864 2218 1003 2272 nobilibus
1020 2217 1086 2269 viris
1104 2217 1137 2271 ad
1152 2216 1238 2270 saucii
1252 2227 1284 2269 ac
1295 2215 1456 2269 beatissimi

213 2317 297 2372 funus
308 2321 335 2369 et
346 2314 381 2370 de
393 2316 452 2370 loco
465 2318 621 2384 sepulturae
635 2318 824 2384 tractantibus,
838 2318 930 2384 credo,
944 2317 1095 2383 inspirante
1113 2318 1179 2383 lieo,
1193 2313 1308 2383 quidam
1321 2315 1454 2369 illustris·

209 2417 295 2469 simus
306 2416 357 2483 uir,
370 2416 524 2471 Alexander
535 2417 677 2484 vocitatus,
691 2419 761 2485 loco,
775 2429 830 2484 quo
842 2430 925 2484 supra
943 2417 1102 2484 scripsimus
1113 2428 1209 2470 vocem
1221 2413 1394 2469 dominicam
1412 2415 1449 2469 ad
1466 2417 1500 2470 tt

210 2515 320 2570 beatum
332 2517 495 2583 liparcliium
512 2518 621 2585 iactam,
635 2518 757 2585 ejusdem
778 2517 850 2571 beati
863 2517 913 2570 viri
935 2515 1058 2569 membra
1070 2515 1171 2568 debere
1184 2513 1276 2568 statuit
1293 2513 1451 2568 tumulari:

210 2615 286 2683 quod
297 2619 326 2669 et
337 2616 438 2670 lactum
451 2622 501 2670 est.
512 2619 570 2683 Quo
583 2617 710 2673 uidelicet
729 2619 759 2671 in
780 2618 840 2672 loco
854 2629 930 2670 nuuc
941 2628 1039 2683 usque,
1053 2615 1075 2668 si
1086 2615 1239 2682 petentium
1259 2612 1330 2668 tides
1347 2611 1451 2683 exigat,

208 2713 354 2768 innumera
374 2729 423 2781 per
437 2728 547 2770 servum
566 2717 612 2770 liei
634 2720 777 2783 patrantur
790 2715 933 2782 miracula,
947 2714 1121 2781 maximeque
1139 2713 1295 2766 animarum
1308 2712 1452 2782 medelae,

207 2812 313 2868 dumet
331 2814 469 2869 viridioris
481 2816 577 2869 aetatis
598 2817 636 2870 ibi
656 2818 767 2871 seruitio
788 2816 896 2870 bomini
909 2815 1074 2883 regulaeque
1087 2827 1103 2868 a
1115 2813 1195 2867 beato
1208 2816 1285 2879 patre
1297 2811 1454 2866 benedicto

209 2913 397 2981 promulgatae
410 2915 603 2981 mancipantur
611 2917 689 2983 pueri
703 2921 731 2970 et
743 2917 845 2970 relictis
857 2915 960 2983 quique
972 2913 1160 2968 saecularibus
1173 2911 1281 2979 pompis
1292 2912 1454 2966 monastico
1472 2913 1503 2966 tt

206 3026 237 3066 se
248 3012 370 3067 subdunt
382 3013 482 3080 ordini,
496 3015 565 3070 illud
586 3017 731 3083 implentes
742 2995 886 3073 dominici
900 3021 1038 3087 praecepti
1052 3034 1059 3072 :
1072 3018 1104 3073 Si
1121 3018 1170 3072 oie
1185 3015 1352 3086 perfectus
1373 3028 1453 3084 esse,

209 3112 297 3180 vade,
312 3113 409 3167 vende
420 3114 527 3168 omnia
543 3129 624 3183 quae
646 3115 746 3185 babes,
760 3119 789 3171 ct
807 3117 931 3172 babebis
953 3117 1136 3172 thesaurum
1158 3117 1194 3170 in
1213 3117 1356 3184 euctaei
1368 3115 1453 3182 oeni,

212 3224 340 3279 sequere
351 3226 408 3267 me.
421 3212 497 3279 Quod
510 3214 639 3269 videlicet
650 3220 828 3282 praeceptum
839 3219 937 3272 beatus
949 3218 993 3270 bic
1005 3221 1082 3283 pater
1093 3223 1188 3270 noster
1197 3216 1349 3283 ltparcbius
1359 3227 1455 3269 saecu·

216 3310 273 3365 lum
295 3312 476 3378 relinquendo
495 3312 658 3382 adimplens,
669 3317 731 3382 jure
750 3330 813 3370 cum
833 3318 971 3383 prioribus
990 3317 1092 3370 exultat
1109 3317 1205 3369 dicens
1225 3332 1232 3369 z
1249 3315 1326 3370 Ecce
1346 3327 1403 3383 epo
1424 3317 1456 3368 et

210 3411 308 3478 pueri
319 3424 395 3478 quos
406 3412 494 3465 dedit
510 3411 589 3466 mibi
601 3414 772 3481 Deus,·jure
785 3420 885 3470 etcum
899 3417 1086 3484 sequentibus,
1100 3428 1163 3468 cum
1183 3414 1284 3482 quibus
1295 3415 1325 3467 in
1341 3414 1452 3481 judicio
1470 3415 1503 3466 bd

216 3521 231 3562 a
253 3510 367 3563 Domino
385 3511 529 3565 auditurus
549 3518 590 3565 est
610 3514 720 3567 dicente
741 3514 815 3582 quod
836 3517 855 3567 ii
874 3517 921 3582 qui
944 3514 1108 3581 reliquerint
1128 3515 1222 3567 omnia
1242 3520 1270 3567 et
1287 3515 1376 3567 secuti
1389 3517 1458 3566 sunt

215 3608 303 3675 illum,
314 3610 473 3676 centuplum
487 3612 622 3677 accipiant
634 3619 660 3665 et
672 3614 755 3667 vitam
774 3621 912 3667 aeternam
931 3612 1098 3680 possideant.
1115 3614 1285 3680 Quapropter
1296 3612 1458 3682 glorificau-

217 3707 269 3760 dus
283 3721 322 3775 es,
339 3710 447 3763 obeate
458 3711 557 3763 Christi
571 3712 724 3780 confessor,
738 3713 840 3780 duplici
859 3712 1025 3781 quandoque
1043 3714 1140 3767 beatae
1154 3713 1367 3766 immortalitatis
1384 3713 1458 3766 stola

216 3808 377 3863 honorande
388 3816 414 3863 et
427 3811 455 3864 in
468 3813 600 3866 memoria
612 3819 723 3867 aeterna
742 3815 933 3869 constituende
951 3829 967 3868 a
984 3816 1100 3880 Christo,
1114 3814 1143 3867 in
1162 3814 1217 3867 line
1229 3813 1331 3867 saeculi
1345 3814 1457 3868 auditu·

217 3923 263 3962 rus
277 3926 284 3962 ι
297 3909 389 3978 Euge,
402 3924 489 3964 serve
505 3911 581 3966 bone
601 3915 630 3967 et
648 3914 762 3982 fidelis,
776 3915 850 3981 quia
869 3928 963 3983 super
979 3927 1085 3983 pauca
1105 3913 1201 3981 fuisti
1220 3913 1337 3982 ficietis,
1351 3924 1457 3981 supra
1474 3913 1503 3964 bi

218 4009 321 4062 metita
334 4010 363 4062 ie
370 4010 559 4065 constituam
571 4030 578 4078 3
594 4012 680 4066 instra
691 4013 726 4065 in
735 4014 889 4080 gaudium
898 4014 1024 4069 Domini
1035 4013 1092 4066 tui.
1107 4014 1251 4065 certamen
1260 4012 1337 4066 enim
1349 4012 1459 4067 bonum

218 4109 453 4176 certasti,cursum
465 4114 670 4181 consummasti,
679 4112 760 4167 iidem
779 4113 893 4168 servasti
907 4128 914 4165 :
928 4120 1052 4180 superest
1062 4112 1110 4166 tibi
1120 4125 1222 4166 oorona
1229 4113 1363 4180 justitiae,
1372 4128 1460 4183 quam

218 4206 337 4260 reddidit
350 4209 397 4263 tibi
419 4211 571 4265 vocationis
584 4216 646 4266 tuae
667 4212 712 4266 die
732 4212 828 4267 vivens
846 4219 874 4267 et
891 4227 1009 4282 regnans
1029 4226 1091 4266 curn
1104 4215 1182 4266 Patre
1194 4219 1223 4265 et
1242 4213 1345 4280 Spiritu
1359 4221 1458 4269 sancto

217 4320 267 4372 per
278 4309 370 4361 omnia
383 4309 491 4364 saecula
503 4313 684 4366 saeculorum.
698 4314 794 4368 limen.
