3316 5482
466 364 559 416 arao.
577 364 662 417 aar.
681 364 799 415 ranis.
818 384 863 395 —
878 364 1033 415 meran.
1053 365 1101 416 aa
1117 365 1194 416 oon.
1214 361 1292 416 orac.
1412 350 1476 416 571

242 552 293 592 rex
312 536 377 591 illuc
398 535 579 603 personaliter
598 531 729 587 accedere
749 537 778 584 et
798 539 878 598 caput
900 531 1103 585 sanctissimum
1125 532 1154 585 in
1174 532 1221 586 illo
1235 547 1299 588 vase
1314 536 1475 602 transferre,

242 636 320 707 quod
330 648 380 703 pro
393 633 691 688 tamerceilentlssimo
713 631 873 684 confessore
893 634 949 684 tam
971 631 1233 686 excellentissimum
1252 635 1480 703 ieceratpracpa·

245 739 312 793 rari.
325 736 522 790 serenissimus
542 733 625 802 igitur
640 746 671 786 ac
695 731 937 785 christianissimus
952 745 1000 786 rex
1020 733 1144 798 Karalus,
1168 747 1314 802 regnorum
1337 750 1385 790 rex
1402 749 1480 804 prae·

244 838 391 901 dictorum,
405 833 558 888 adveniens
577 832 695 885 Turonis
716 845 778 884 curn
796 831 932 884 baronum
951 844 1064 885 suorum
1083 832 1317 888 nobilissimorum
1330 836 1475 904 degenere

212 939 231 991 5
247 948 299 989 suo
312 932 488 987 multitudine
500 931 620 998 copiosa,
629 931 663 983 ad
675 929 825 983 beatissimi
835 929 1001 983 contessoris
1013 930 1159 984 ecclesiam
1170 931 1271 985 direxit
1288 934 1414 999 primitus
1426 934 1478 989 iter

247 1048 339 1099 suum,
353 1032 447 1099 ibique
459 1032 518 1098 lpse
530 1035 557 1083 et
569 1029 696 1083 comitiva
716 1042 767 1082 sua
786 1028 959 1081 nobilissima
980 1030 1083 1096 recepti
1105 1029 1219 1084 luerunt
1236 1045 1252 1084 a
1264 1031 1338 1086 clero
1351 1033 1475 1100 ejusdem

247 1132 380 1187 ecciesiae
391 1144 454 1184 curn
465 1130 557 1183 debita
578 1128 731 1182 reverentia
749 1134 775 1181 et
796 1127 1024 1183 sollemnitatibus
1041 1129 1070 1183 in
1088 1130 1188 1183 talibus
1206 1131 1265 1185 ileri
1282 1134 1431 1186 consuetis.
1446 1135 1477 1187 in

248 1233 309 1299 eius
320 1243 386 1284 vero
398 1231 524 1284 comitiva
545 1234 624 1282 erant
644 1228 683 1280 iili
696 1228 834 1295 principes
850 1229 1034 1282 strenuissimi
1052 1229 1167 1283 liaroius
1183 1231 1304 1284 valeriae
1319 1238 1346 1285 et
1356 1232 1479 1302 andega-

249 1333 308 1386 viae
321 1344 423 1394 comes,
444 1330 653 1396 Ludovicusquc
672 1341 765 1382 comes
786 1329 970 1394 clarimontis,
992 1329 1046 1382 dur
1069 1329 1262 1399 borbonensis,
1285 1331 1332 1398 qui
1345 1332 1477 1386 Franclae

198 1435 233 1486 lii
250 1433 418 1485 camerarius
431 1431 564 1484 existebat
574 1445 582 1494 ;
594 1442 650 1482 una
663 1442 724 1482 cum
737 1429 778 1482 eis
791 1428 930 1496 Phiiippus
942 1431 1168 1497 cenomanensis,
1182 1431 1318 1485 liobertus
1330 1432 1365 1485 de
1376 1434 1481 1486 ltrem·

247 1530 357 1584 baiensi
368 1530 491 1596 comites,
504 1529 631 1582 iiiionsus
643 1528 678 1582 de
690 1527 831 1595 Hispania,
843 1532 910 1581 tuac
919 1528 1043 1594 clericus,
1053 1529 1088 1583 dc
1097 1543 1197 1597 genere
1206 1531 1348 1598 regalium,
1360 1535 1389 1584 et
1397 1545 1480 1599 quam

247 1630 343 1698 piures
355 1628 402 1683 alii
416 1629 580 1683 nobilissimi
601 1628 662 1693 viri,
676 1641 793 1695 quorum
812 1627 924 1680 nomina
937 1627 1049 1695 longum
1061 1634 1134 1682 essct
1145 1629 1321 1698 singulariter
1334 1643 1473 1684 enarrare.

248 1726 331 1782 alluit
342 1729 425 1782 etiarn
438 1727 608 1782 nobilissima
620 1727 721 1780 domna
733 1727 868 1794 iohanne,
880 1728 1009 1780 Franclac
1021 1728 1126 1795 regina,
1139 1741 1208 1782 uxor
1219 1729 1284 1782 dicti
1295 1728 1477 1797 regisiiaroii,

248 1833 275 1883 ei
286 1842 344 1882 uua
355 1841 418 1882 cum
431 1825 573 1881 nonnullis
594 1826 776 1894 prudentibus
793 1832 820 1880 et
837 1825 1015 1880 nobilissimis
1032 1826 1179 1880 comitissis
1193 1833 1220 1881 ct
1232 1826 1386 1882 domicellis
1398 1829 1478 1897 regni

195 1931 230 1984 lb
247 1928 388 1991 Franciae,
401 1940 517 1996 quarum
529 1927 645 1980 recitare
657 1927 769 1980 nomina
779 1926 890 1994 longum
903 1933 984 1980 esset.
995 1925 1192 1994 lacerumque
1203 1933 1295 1994 patres
1307 1928 1479 1982 venerabiies

247 2032 276 2080 et
287 2027 398 2093 praelati
411 2026 583 2092 viennensis,
604 2025 751 2079 occitanus
771 2026 1002 2093 archiepiscopus,
1016 2026 1236 2092 carcasonensis,
1251 2029 1346 2080 Petrus
1358 2027 1480 2080 attraba-

246 2128 344 2194 tensis,
356 2128 577 2192 cenomanensis,
591 2126 758 2180 itimatensis
780 2127 912 2193 episcopi,
931 2131 958 2179 et
975 2126 1110 2180 liobertus
1129 2127 1303 2180 carnotensis
1316 2127 1474 2195 episcopus,

247 2227 295 2294 qui
307 2231 389 2293 caput
399 2227 522 2294 ejusdem
534 2226 700 2281 contessoris
713 2226 748 2280 dc
769 2227 843 2294 regia
864 2227 1004 2281 voluntate
1022 2226 1162 2280 transtulit
1176 2226 1315 2281 humiliter
1327 2230 1355 2278 et
1367 2227 1474 2279 devote.

248 2327 281 2378 at
293 2327 389 2381 merito
401 2326 448 2380 iile
459 2328 505 2380 bei
526 2326 669 2380 confessor
685 2326 809 2393 egregius
830 2338 845 2378 a
867 2339 930 2393 rcge
951 2326 979 2378 in
1001 2326 1061 2393 cius
1084 2337 1160 2378 sacra
1181 2325 1360 2379 translatione
1377 2325 1475 2391 capitis

193 2424 231 2477 20
248 2425 348 2477 meruit
361 2425 500 2491 honorari,
513 2426 607 2493 quiex
620 2427 702 2493 stirpe
715 2426 789 2493 regia
802 2426 971 2493 progenitus,
984 2426 1014 2478 in
1027 2425 1124 2479 ordine
1136 2424 1247 2478 militari
1260 2425 1324 2477 dum
1338 2426 1477 2479 adviveret

249 2523 375 2578 militavit
384 2530 411 2578 et
422 2525 539 2578 bellator
549 2525 634 2579 armis
647 2525 758 2578 inclitus
770 2526 870 2579 meruit
882 2525 1057 2592 appeltam...

284 2624 316 2676 ¹7.
328 2625 467 2678 accedens
479 2630 571 2678 autem
582 2638 630 2678 rex
641 2638 703 2678 cum
717 2625 862 2691 praedictis
875 2624 1013 2678 nobilibus
1025 2630 1052 2678 et
1064 2623 1194 2692 praelatis
1206 2625 1240 2678 ad
1258 2624 1403 2678 ecclesiam
1416 2624 1479 2677 bea·

248 2723 347 2776 tissimi
359 2725 524 2778 contessoris
533 2725 578 2777 dic
589 2726 676 2792 prima
688 2724 843 2778 decembris
861 2737 936 2777 anno
949 2724 1146 2778 incarnationis
1161 2725 1316 2778 bominicae
1335 2724 1480 2779 millesimo

249 2823 442 2876 trecentesimo
454 2823 582 2876 vicesimo
597 2824 687 2888 tertio,
700 2823 771 2874 intra
782 2822 976 2875 matutinarum
990 2821 1210 2875 decantationem
1220 2828 1247 2876 et
1256 2836 1382 2876 auroram
1392 2822 1479 2890 elege-

197 2925 232 2978 23
250 2926 316 2974 runt
335 2920 436 2988 aperiri
460 2922 615 2989 sepulcrum
637 2921 787 2975 beatissimi
808 2920 986 2975 contessoris.
1010 2922 1100 2988 Ejecto
1126 2927 1215 2974 autem
1238 2927 1315 2975 extra
1335 2922 1480 2976 ecclesiam

248 3020 349 3088 populo
361 3021 505 3086 saeculari,
518 3034 582 3089 rege
594 3027 621 3074 et
638 3022 697 3088 ejus
716 3021 886 3074 nobilissima
905 3021 1030 3074 comitiva
1049 3021 1265 3085 remanentibus,
1284 3021 1390 3076 clericis
1408 3023 1479 3089 ejus·

246 3119 312 3174 dem
324 3120 456 3175 ecclesiae
468 3120 496 3173 ln
509 3121 593 3174 cboro
605 3122 659 3174 iteo
672 3133 703 3173 ao
715 3120 872 3175 beatissimo
884 3121 1034 3174 confessori
1047 3119 1143 3175 laudes
1157 3134 1219 3174 cum
1230 3126 1351 3175 tremore
1360 3121 1478 3189 psallen-

244 3221 330 3287 tibus,
351 3232 401 3287 per
418 3226 522 3287 partem
546 3221 728 3286 posteriorem
746 3220 780 3273 ad
800 3221 956 3286 sepulcrum
978 3221 1065 3274 sancti
1090 3221 1219 3273 antistitis
1242 3221 1475 3290 confringendum

247 3319 366 3374 artiilces
378 3332 441 3373 cum
454 3320 632 3372 munimentis
653 3319 748 3372 terreis
769 3324 953 3373 accesserunt.
979 3319 1028 3384 Qui
1051 3319 1098 3373 diu
1110 3319 1213 3373 ibidem
1226 3321 1423 3387 percutientes,
1434 3322 1478 3376 bic

199 3425 233 3476 aii
250 3421 415 3472 intrareneo
426 3419 460 3471 ad
472 3419 628 3486 sepulcrum
641 3419 772 3486 attingere
793 3423 949 3485 potuerunt.
971 3422 1047 3472 Tunc
1064 3419 1156 3472 habito
1177 3420 1304 3488 consilio,
1325 3422 1360 3475 ad
1372 3427 1476 3489 partem

251 3518 417 3572 anteriorem
428 3519 597 3584 accedentes,
608 3523 759 3584 coeperunt
768 3518 924 3584 sepulcrum
934 3519 1086 3572 beatissimi
1099 3519 1228 3573 antistitis
1246 3520 1364 3587 aperire.
1380 3523 1411 3574 in
1423 3535 1478 3588 quo

249 3617 362 3686 quidem
374 3616 500 3683 sepulcro
515 3616 680 3669 invenerunt
691 3629 801 3683 capsam
811 3630 896 3670 unam
905 3622 1062 3685 argenteam
1072 3623 1100 3670 et
1111 3618 1140 3670 in
1152 3619 1249 3672 eadem
1261 3619 1395 3672 cistellam
1407 3619 1479 3672 salii-

250 3730 326 3772 ceam
336 3715 591 3771 mirabiliteralbam
601 3721 786 3781 etrecentem,
796 3717 1478 3784 inquacor[pus]ejusdembeatissimicontessoris

249 3814 400 3869 bonoriilce
412 3820 571 3881 reposuerat
582 3815 679 3868 beatus
692 3817 848 3881 Perpetuus,
867 3815 914 3882 qui
931 3826 1004 3867 anno
1022 3816 1189 3883 sexagesimo
1202 3822 1300 3883 quarto
1313 3823 1374 3884 post
1387 3824 1474 3872 trans·

198 3918 233 3970 35
249 3917 318 3969 itum
335 3916 522 3984 gloriosissimi
534 3915 640 3968 liartini
659 3915 732 3969 sedis
750 3915 902 3969 turonicae
919 3915 1104 3968 cathedralem
1121 3917 1234 3969 sortitus
1253 3919 1341 3971 suerat
1361 3918 1476 3987 dignita·

248 4023 314 4069 tem.
326 4016 458 4081 Aperiens
469 4020 560 4068 autem
572 4028 635 4067 cum
646 4014 791 4068 devotione
805 4020 831 4068 et
843 4020 961 4068 tremore
976 4015 1022 4066 iiic
1041 4015 1206 4068 venerabilis
1218 4018 1363 4084 episcopus
1377 4022 1476 4073 carno·

248 4116 334 4169 tensis
345 4113 478 4168 cistellam
491 4115 520 4167 in
532 4127 586 4180 qua
599 4126 698 4180 corpus
711 4113 902 4167 beatissimum
920 4113 1054 4175 latitabat,
1070 4120 1151 4181 caput
1165 4128 1228 4167 cum
1241 4116 1347 4184 reliquo
1359 4130 1475 4183 corpore

249 4215 284 4268 ad
305 4216 392 4267 instar
412 4214 538 4267 infantuli
557 4221 718 4280 coopertum
740 4222 766 4268 ot
786 4215 910 4282 ligatum,
933 4215 1060 4268 cedulam
1079 4214 1214 4283 alligatam
1237 4217 1351 4278 invenit,
1374 4219 1402 4271 in
1422 4234 1477 4286 qua

250 4315 382 4380 scriptum
395 4321 471 4366 erat:
486 4316 533 4367 iitc
544 4325 593 4366 aar
605 4325 707 4368 conaus
720 4325 868 4367 auarissntr
881 4318 997 4368 danaim
1014 4327 1213 4369 ancumrrscorr
1229 4320 1404 4371 Turonensis.
1419 4322 1476 4385 Quo

199 4416 233 4468 4⁰
249 4415 306 4469 viso
318 4413 523 4481 congaudentes
542 4413 570 4464 in
592 4414 705 4466 ilomino
727 4414 761 4466 de
781 4421 836 4466 tam
857 4389 1053 4481 pretiosissimo
1072 4415 1200 4468 thesauro
1213 4415 1257 4468 bic
1269 4424 1388 4482 reperto,
1402 4416 1475 4470 idem

249 4514 393 4580 episcopus
413 4513 589 4566 carnotensis
613 4513 713 4579 incepit
733 4514 839 4566 solvere
860 4520 984 4568 sanctum
1006 4528 1115 4581 eorpus,
1137 4513 1210 4581 quod
1231 4528 1264 4568 ex
1276 4515 1392 4582 quadam
1406 4529 1473 4570 zona

249 4611 364 4665 candida
376 4624 392 4664 a
403 4610 483 4664 beato
495 4613 627 4676 Perpetuo
640 4615 764 4677 tempore
777 4613 962 4668 translationis
975 4613 1097 4680 ejusdem
1116 4614 1239 4680 corporis
1255 4615 1345 4668 iuerat
1358 4616 1397 4669 sic
1408 4615 1472 4683 liga·

249 4715 308 4765 tum
319 4710 434 4778 eiusque
445 4708 556 4777 proprio
568 4707 657 4778 sigillo
670 4708 826 4778 sigillatum.
