3316 5482
279 354 372 407 met.
390 353 476 404 uad.
495 352 612 403 sams.
631 371 676 384 —
693 350 846 402 decedo.
866 351 913 401 ao
930 349 1007 401 oon.
1026 345 1102 398 5³21.
1241 330 1309 397 205

8 512 26 525 ““
111 523 177 577 mm
185 523 253 593 fieri
262 522 395 593 factam.
407 523 491 578 Dabo
503 522 561 577 titi
581 523 760 577 basternam
777 524 807 576 et
823 534 916 590 equos
927 523 957 575 et
968 519 1107 575 anciliae
1121 520 1151 573 et
1162 528 1266 572 servos
1278 518 1308 570 et

8 642 12 649 ·
110 621 192 677 donus
207 626 240 678 ct
247 622 400 692 praedio.
427 623 559 677 Tanaim
572 623 695 690 judaeo
714 621 864 690 efficiaris
884 623 914 676 ct
933 619 1037 674 uirum
1057 617 1213 685 accipiam
1225 616 1302 684 quta

8 711 30 751 ³·
108 721 345 778 uidemotestum
362 724 408 776 est
418 722 508 777 cordi
518 734 585 777 meo
596 725 633 776 ut
645 724 689 789 tu,
699 735 793 790 quam
804 721 955 788 maiorem
966 732 1061 788 super
1073 730 1193 773 omnem
1204 716 1302 788 somi-

8 818 10 824 “
109 818 377 890 imminuimus
397 822 442 876 sis
462 821 571 890 effecta
588 822 738 891 omnium,
746 834 809 889 pro
820 820 877 877 noc
893 820 973 889 quod
993 821 1024 873 te
1034 817 1148 887 feceris
1160 815 1306 871 christia·

83 913 171 976 itiam
180 921 355 990 despondens
376 927 467 976 autem
488 925 618 989 Matrona,
640 923 707 977 dixit
724 923 772 976 ei:
796 922 930 976 Tantum
950 918 1130 987 concupisco
1147 917 1308 985 promissa

105 1017 303 1089 iuopuantum
322 1021 415 1075 timeo
427 1021 545 1089 ptaoas
558 1022 628 1074 tuas
644 1022 674 1074 et
685 1020 790 1074 minos
802 1019 912 1088 ouibus
923 1018 1003 1073 mihi
1016 1020 1146 1072 mortem
1157 1015 1304 1069 minoris.

14 1130 23 1143 ¹
101 1114 220 1175 timeant
230 1121 312 1176 dona
324 1122 382 1175 tuo
393 1120 448 1189 qui
460 1119 539 1175 bono
550 1118 668 1174 coristi
682 1132 746 1176 non
757 1121 900 1175 credam.
919 1120 980 1188 Eoo
991 1121 1097 1173 autem
1107 1129 1164 1171 nec
1176 1114 1307 1184 vircini-

8 1203 29 1241 ”’
99 1214 178 1274 toton
187 1233 286 1276 mcam
292 1220 393 1290 perdo
404 1233 461 1276 nec
473 1220 614 1275 animam
623 1233 723 1275 meam
732 1233 753 1275 a
770 1219 895 1274 Domini
903 1220 966 1274 met
973 1218 1048 1274 Jesu
1068 1216 1184 1273 Christi
1194 1226 1307 1284 separo

95 1319 225 1375 canate.

55 1398 81 1455 ¹⁰
125 1415 156 1471 5.
166 1421 234 1475 tunc
243 1419 364 1488 iudaeus
374 1420 465 1476 zoilus
476 1420 543 1475 dicit
552 1419 682 1475 dominae
695 1421 755 1488 ejus
768 1420 912 1475 :Adduoo
925 1419 981 1473 ttdt
992 1419 1143 1484 Marsum,
1156 1415 1212 1485 qui
1223 1415 1308 1484 aspi·

85 1507 251 1587 danun-
261 1521 294 1574 et
304 1519 431 1574 include
441 1532 511 1574 eom
528 1519 563 1574 in
579 1519 708 1575 obscuro
726 1521 800 1588 ioco,
818 1522 848 1573 et
864 1519 1067 1574 dimittantur
1083 1518 1114 1571 et
1129 1516 1265 1584 aspides,
1280 1517 1310 1569 et

82 1602 224 1673 ‘ossan
234 1618 304 1673 suis
315 1618 470 1673 morsiam
481 1618 653 1674 comedant.
664 1621 740 1672 Tunc
754 1617 821 1672 dicit
829 1616 952 1671 Plautina
966 1632 973 1669 ε
986 1616 1070 1670 Audi
1080 1627 1138 1681 me,
1151 1614 1307 1677 Matrona,

9 1782 11 1789 Ι
77 1708 116 1759 et
129 1719 187 1771 esto
196 1720 344 1773 matrona
355 1717 557 1787 nepotismei,
575 1721 605 1772 et
624 1719 687 1772 esto
705 1717 843 1784 inocnuo
859 1718 889 1770 et
906 1719 970 1771 csto
981 1716 1086 1770 amica
1099 1717 1308 1770 etcaramea.
1364 1750 1369 1761 «

71 1799 294 1882 &atomum
304 1829 418 1886 meam,
436 1817 518 1872 sicut
529 1830 658 1886 semper,
670 1831 719 1871 me
730 1818 859 1884 vivente,
879 1818 910 1870 et
928 1815 1124 1870 medietatem
1136 1813 1193 1868 tici
1212 1813 1308 1869 totius

30 1889 268 1971 “patrimonii
294 1916 358 1971 mci
387 1917 476 1984 dono,
505 1917 551 1971 ita
562 1919 598 1971 ut
604 1919 678 1984 post
702 1919 832 1970 mortem
856 1928 957 1970 meam
980 1926 1070 1969 omne
1074 1912 1307 1982 patrimonium

64 2005 186 2068 Qum
196 2028 237 2070 ea
248 2015 369 2084 intepro
373 2015 549 2083 possideas.
562 2015 712 2082 Respondit
722 2018 843 2069 Matrona
856 2029 863 2066 :
874 2016 937 2069 Fac
947 2013 1192 2069 tecttristtauam
1204 2015 1234 2066 et
1242 2023 1312 2067 con·

59 2090 220 2170 ferma
231 2115 360 2170 pomino
376 2115 452 2170 cesa
477 2114 607 2182 curato,
626 2118 661 2169 m
680 2114 788 2170 ztoaet
811 2117 841 2168 te
859 2114 898 2168 oe
910 2113 1050 2181 suartio,
1064 2113 1100 2166 tn
1111 2112 1267 2181 quoscum
1278 2123 1310 2165 es

58 2196 108 2246 η’
126 2224 187 2267 non
196 2214 379 2270 credideris.
392 2214 472 2269 Mitti
482 2217 587 2270 autem
599 2213 679 2269 oona
690 2216 747 2268 tua
759 2213 949 2281 temporatia
959 2214 1047 2268 mata
1063 2214 1158 2267 aunt
1169 2214 1309 2280 aeterna,

56 2293 109 2345 ἰ’
127 2321 306 2368 aneensem
319 2311 383 2381 stoi,
397 2315 433 2367 us
453 2325 475 2367 a
496 2312 627 2369 consuo
646 2325 713 2369 meo
732 2313 806 2367 Jesu
830 2312 949 2368 curato
969 2312 1123 2379 recedam,
1136 2309 1309 2366 minant-

19 2384 172 2465 ’Μ
190 2424 293 2466 meam
312 2414 343 2466 n
364 2411 579 2481 uranicam
598 2411 715 2467 aenove
739 2414 816 2466 dunc
837 2412 961 2466 clauom
981 2411 1045 2466 ran
1070 2424 1129 2466 eam
1151 2410 1255 2465 includi
1278 2410 1308 2463 in

59 2494 200 2579 a“misto
211 2511 273 2566 ioco
285 2511 403 2566 obscuro
414 2529 422 2579 ;
432 2517 461 2567 et
470 2516 566 2566 vocato
578 2515 676 2579 itarso,
689 2511 793 2565 dimisit
804 2512 829 2566 ei
842 2511 911 2566 duas
923 2512 1042 2578 aspides.

116 2609 150 2663 0.
163 2611 252 2666 zoilus
263 2615 356 2665 autem
366 2615 478 2678 postem
491 2611 536 2665 die
549 2612 625 2665 venit
635 2624 698 2665 cum
710 2614 798 2665 Marso
810 2615 840 2665 ut
850 2610 920 2665 duas
930 2610 1039 2679 aspides
1052 2622 1120 2678 quas
1132 2610 1157 2664 ei
1167 2610 1310 2664 dimiserat

67 2699 264 2779 ‘eeoiiimmt
276 2711 308 2764 At
319 2711 368 2765 uhi
379 2712 487 2778 aperuit
499 2714 601 2765 Marsus
616 2716 644 2765 et
656 2711 759 2765 invenit
770 2713 920 2766 latronam
933 2711 1110 2778 incolumem,
1120 2709 1243 2764 adoravit
1253 2722 1314 2763 eam

75 2802 113 2853 et
123 2808 212 2862 dixit:
233 2809 278 2863 tu
289 2821 330 2863 ecc
341 2820 471 2864 numero
483 2808 613 2864 deorum
624 2822 665 2864 es.
680 2809 748 2864 dicit
759 2811 784 2864 ei
793 2812 917 2864 ltatrona
930 2821 936 2857 =
951 2809 1014 2876 Epo
1026 2823 1066 2863 ex
1074 2820 1205 2864 numero
1217 2809 1314 2863 ancti

42 2879 70 2938 ὓ
86 2895 193 2964 iorum
213 2909 332 2965 aaran
350 2924 431 2965 sum.
444 2911 511 2965 onii
532 2911 557 2965 et
577 2913 702 2965 marsus:
722 2911 785 2965 mc
803 2923 851 2964 me
863 2911 959 2964 taum
970 2910 1067 2964 neum
1079 2910 1187 2976 cocere,
1201 2908 1257 2976 qui·
1273 2908 1312 2961 oe

90 3000 200 3063 aidus
219 3008 325 3063 bestiis
346 3008 459 3063 liberat
477 3009 637 3064 credentes
656 3009 692 3062 in
714 3009 838 3063 sedicit
858 3009 883 3062 ei
903 3010 1024 3062 itatrona
1038 3024 1045 3060 ε
1061 3005 1307 3067 ouis·diccrist
1362 2997 1374 3021 '
1444 3035 1451 3048 ·

93 3098 236 3173 Respondit
253 3122 260 3159 :
279 3106 425 3174 deputa.
446 3108 515 3160 Dicit
534 3107 560 3161 ei
580 3109 724 3161 Matrona:
742 3107 811 3161 Non
833 3109 957 3161 vocetur
976 3107 1065 3160 uttra
1088 3117 1201 3160 nomen
1221 3107 1308 3158 tuum

92 3202 233 3274 temtus,
244 3205 299 3259 scd
310 3206 445 3273 Reputo,
458 3207 534 3274 quia
549 3204 669 3261 Christo
681 3205 854 3262 credidisti.
872 3209 948 3259 Tunc
966 3205 1124 3274 indignatus
1135 3206 1234 3272 zoilus,
1245 3204 1312 3257 dixit

91 3303 185 3375 Regulo
199 3322 207 3358 :
222 3306 368 3360 Attulisti
377 3309 557 3362 mansuetos
572 3309 602 3361 et
613 3307 682 3360 sine
697 3319 812 3361 cenato
829 3309 986 3374 serpentes
997 3309 1027 3360 et
1037 3305 1209 3360 urbanaris
1221 3304 1310 3359 mitti.

11 3357 77 3443 ἡ)
88 3403 145 3458 Per
155 3405 256 3459 Mum
268 3405 479 3461 Hebraeorum
490 3406 565 3474 onia
576 3405 661 3459 nihii
673 3405 730 3459 tibi
740 3405 819 3460 dabo
830 3406 869 3459 de
884 3404 933 3460 nis
945 3418 1025 3474 quoe
1031 3406 1178 3474 promisi.
1191 3408 1313 3472 Respon-

87 3500 123 3556 dit
143 3506 251 3557 narsus
273 3509 302 3557 et
320 3503 389 3557 dixit
403 3522 409 3558 :
422 3504 624 3558 Etiamsi-me
644 3503 804 3572 ropaoeris
821 3505 857 3556 ut
868 3503 1040 3570 acciperem
1047 3504 1190 3571 pretium
1202 3504 1313 3573 mortis

84 3605 213 3660 senectae
223 3603 367 3672 viminis,
388 3616 452 3659 non
471 3605 654 3672 acciperem.
677 3604 778 3672 Mapis
797 3616 869 3672 erpo
888 3604 1014 3670 pretias
1035 3617 1093 3672 apo
1111 3605 1180 3672 Deo,
1199 3605 1255 3672 qui
1266 3617 1315 3658 mc

85 3700 159 3769 tecit
166 3715 348 3772 coenoscere
359 3703 522 3758 veritatem
533 3717 635 3758 suam
644 3704 705 3772 Eoo
717 3703 800 3758 enim
811 3716 910 3772 usque
921 3716 1006 3759 nunc
1018 3705 1090 3759 deos
1101 3705 1236 3772 deasqm
1244 3704 1315 3758 sine

11 3872 19 3883 .
85 3811 183 3855 causa
195 3800 290 3855 colui.
302 3800 481 3868 Numquam
497 3801 581 3856 enim
599 3814 654 3856 nec
674 3801 807 3870 Jupiter,
821 3814 878 3856 nec
889 3802 1075 3871 Mercurius,
1088 3815 1144 3858 nec
1160 3802 1312 3871 Minerua,

11 3878 74 3947 Q
85 3912 140 3955 noc
151 3899 273 3968 aliquis
293 3898 432 3967 deorum,
452 3914 474 3954 a
487 3899 605 3955 talibus
623 3899 728 3954 bestiis
749 3899 885 3955 deierare
903 3899 1030 3954 animas
1044 3902 1217 3968 potuerunt
1238 3901 1315 3956 :isti

86 3999 170 4053 enim
188 3998 256 4054 soto
274 3998 358 4066 {latu
373 4012 430 4054 suo
449 3998 588 4054 homiues
607 3999 813 4068 interficiunt.
832 4000 901 4054 Dicit
918 4000 943 4054 ei
963 4000 1052 4054 zoilus
1071 4018 1080 4056 .·
1101 3999 1275 4055 Christiani
1287 4003 1316 4056 tc

88 4098 286 4154 cadauerum
298 4098 484 4168 adfecerunt
496 4101 695 4168 tescrpentes
709 4101 889 4156 mansuetos
908 4098 1046 4168 adferre.
1059 4100 1128 4153 Dicit
1144 4101 1169 4154 ei
1190 4104 1293 4154 dorsus
1307 4117 1313 4154 :

91 4196 188 4266 Ionae
199 4196 304 4266 tesca,
322 4210 363 4252 ne
373 4197 472 4265 flatus
488 4210 600 4252 eorum
619 4198 662 4253 ad
683 4201 712 4253 te
725 4199 903 4266 perueniat.
925 4198 994 4252 aicit
1005 4199 1031 4252 ei
1043 4198 1133 4252 zoilus
1148 4214 1155 4251 :
1168 4199 1316 4254 Foverias

93 4296 159 4351 tuas
170 4308 296 4365 qssaere,
309 4297 364 4352 cui
374 4298 529 4352 ostendas.
542 4300 646 4353 Etcum
660 4298 728 4353 haec
739 4298 854 4364 diceret,
868 4298 958 4351 subito
966 4312 1020 4352 una
1028 4298 1100 4363 aspis
1109 4298 1219 4352 sibilum
1231 4299 1314 4366 misit,

12 4383 71 4436 ⁵0
95 4399 117 4447 et
135 4409 202 4451 aura
223 4397 388 4451 sibilationis
405 4398 518 4451 intravit
539 4398 569 4451 in
591 4411 671 4451 nares
691 4399 768 4465 ejus3
782 4403 808 4451 et
828 4396 927 4451 cecidit
945 4398 1036 4451 zoilus
1048 4402 1076 4450 et
1088 4402 1159 4450 totus
1177 4398 1275 4451 lividus
1287 4404 1316 4451 et

95 4494 205 4550 tumidus
215 4497 307 4563 jacere
320 4498 409 4563 coepit
426 4495 571 4550 exanimis.
593 4500 669 4550 Tunc
688 4498 810 4564 ingressa
831 4501 924 4550 sancta
945 4499 1065 4551 iiatrona
1082 4497 1151 4550 dixit
1164 4509 1172 4549 τ
1185 4496 1314 4552 Domine

97 4588 159 4648 iesu
173 4594 301 4663 aarum,
314 4597 410 4650 redde
428 4598 563 4651 satutem
579 4598 675 4664 Zoilo,
692 4610 733 4651 ne
741 4599 872 4664 propter
882 4608 931 4651 mc
942 4597 1089 4652 videatur
1100 4597 1135 4649 in
1147 4596 1311 4651 interitum
