3316 5482
267 368 361 419 aran.
380 368 465 420 nur.
483 369 599 420 runis.
618 389 665 401 -
679 368 833 420 mentun.
852 368 900 418 nn
916 367 993 418 con.
1016 367 1092 418 saur.
1245 350 1290 416 35

50 534 234 603 haberentur,
248 537 377 604 pristinae
388 537 497 590 sanitati
517 537 634 591 restituti
646 544 711 592 sunt
731 543 758 592 et
769 536 923 591 incolumes
935 536 1048 603 reversi,
1062 536 1099 589 ita
1119 540 1150 590 ut
1161 536 1289 591 omnibus

52 637 222 692 miraculum
234 637 334 704 iurent,
346 638 395 706 qul
412 651 462 693 eos
472 643 554 692 antea
573 642 665 692 tantm
677 639 803 693 miseriae
815 638 978 693 constrictos
990 636 1125 706 viderant,
1139 637 1174 693 ad
1186 641 1289 692 unam

53 736 183 790 unitatis
195 743 224 791 et
235 737 432 792 incolumitatis
441 738 598 805 pervenisse
611 738 809 792 fortitudinem.

87 835 169 890 lude
189 838 365 904 secuuntur
385 847 466 904 puae
482 837 569 891 edita
588 839 740 893 occidet.
760 839 819 904 SS„
841 839 912 893 tom
929 837 981 892 ΙΙΙ
997 837 1088 905 Auo,
1096 849 1130 905 p.
1142 836 1188 904 il,
1201 848 1289 892 aum.

19 938 37 990 5
56 935 155 991 luat.

165 1137 253 1204 viru
275 1155 424 1204 narnien
447 1135 482 1205 S.
509 1137 679 1204 Acarnan
702 1133 785 1225 (Cir.
811 1156 923 1223 supra,
949 1157 981 1224 p.
1004 1136 1061 1217 25,
1091 1138 1169 1220 170).

410 1340 548 1400 versus
569 1340 614 1401 de
635 1340 764 1401 mma
777 1341 936 1414 miluo.

324 1531 415 1585 sicilia
426 1533 517 1600 iebus,
532 1545 615 1601 quam
626 1533 728 1587 vallam
739 1533 849 1588 caerula
862 1534 937 1601 ponti

323 1631 462 1685 Fluctibus
474 1639 503 1687 et
514 1632 606 1687 rabies
617 1633 706 1699 pulsat
717 1647 765 1700 per
776 1633 887 1687 saecula
899 1635 986 1702 salsis,

326 1730 416 1784 Edidit
427 1731 550 1800 Agatben
561 1733 660 1786 christi
672 1732 848 1787 famulatibus
859 1738 959 1801 aptam,

322 1830 419 1885 Accola
431 1844 514 1899 qnam
525 1832 633 1886 Siculus
644 1833 747 1886 ramosa
759 1833 840 1887 laude
854 1833 1017 1901 frequentat.

324 1931 396 1994 Quae
413 1945 443 1985 se
454 1929 556 1985 divinis
569 1932 703 1986 subdebat
713 1932 832 1986 cultilius
843 1933 926 1987 ultro.

325 2031 391 2084 llam
403 2030 554 2098 pubertatis
567 2030 681 2086 llorebat
695 2036 816 2099 tempore
828 2032 943 2099 Christo,

325 2128 435 2182 Divitias
448 2130 543 2183 mundi
557 2130 722 2184 conculcans
735 2137 825 2184 mente
838 2131 965 2197 caducas,

326 2230 452 2283 omnium
465 2230 618 2284 saeclorum
631 2243 694 2284 mox
706 2234 867 2285 ornamenta
879 2231 1051 2298 relinquens,

325 2331 356 2384 lli
367 2331 492 2399 sequitur
505 2332 650 2386 bominum
662 2332 758 2386 devota
767 2333 913 2400 juvencula
926 2332 1072 2389 christum.

325 2430 389 2494 Quia
400 2444 465 2485 vero
477 2443 580 2499 poenas
591 2432 682 2486 verbis
693 2436 804 2486 enarret
815 2434 938 2499 acerbas,

327 2532 379 2585 Aut
390 2531 485 2584 mortis
496 2531 585 2585 ualeat
596 2531 688 2585 clades
701 2531 810 2587 effarier
820 2538 904 2599 atras,
982 2536 984 2545 '

327 2631 397 2694 Quas
409 2635 474 2684 tunc
487 2631 516 2684 in
527 2632 630 2685 teneris
642 2633 744 2698 perlert
754 2633 915 2699 virguncula
927 2633 1077 2687 membris?

325 2729 439 2783 llorrida
451 2729 572 2784 vulnifici
583 2732 685 2797 patitur
697 2731 855 2785 discrimina
868 2731 943 2799 ierri,

325 2828 401 2893 Quod
412 2834 518 2884 castum
531 2831 632 2884 lacerat
642 2844 743 2897 corpus
754 2844 887 2886 mucrone
898 2837 1013 2886 cruento
1024 2850 1032 2898 ;

327 2931 435 2983 Pectora
448 2929 577 2998 virgineis
589 2930 751 2985 fraudantur
763 2931 856 2997 pulcra
869 2931 991 2999 papillis3

327 3029 483 3095 Purpureus
494 3042 576 3083 cruor
588 3030 694 3083 stillans
707 3031 742 3083 de
754 3043 836 3083 carne
849 3030 961 3085 iluebat.

327 3126 369 3179 Sic
380 3140 491 3194 quoqne
504 3127 646 3181 carnifices
659 3129 799 3183 torrebant
813 3129 875 3196 igne
887 3129 1016 3196 puellam,

329 3225 469 3292 Virgineus
480 3231 556 3279 artus
568 3230 691 3280 assantes
703 3229 824 3280 torribus
837 3228 911 3280 atris.

328 3324 379 3377 Sed
391 3324 464 3379 dicto
477 3327 556 3378 citius
569 3326 703 3392 perdebat
714 3326 822 3380 llamrna
839 3327 969 3394 vigorem,

329 3423 439 3489 ignibus
452 3423 579 3477 innocuis
591 3438 711 3478 exurens
724 3425 846 3478 membra
858 3425 965 3491 puellae
978 3442 985 3490 ;

327 3524 378 3574 liec
391 3522 441 3575 init
453 3523 482 3575 in
495 3536 583 3588 poena
595 3524 712 3591 simplex
723 3524 830 3578 vexatio
843 3523 929 3577 carni.

327 3620 379 3673 sed
395 3619 492 3686 triplex
505 3623 594 3688 potius
607 3627 716 3690 torquet
727 3623 853 3676 strictura
866 3622 991 3686 lacertos,

328 3722 395 3774 lium
408 3734 488 3789 rogus
500 3722 647 3776 ardescens
659 3728 686 3777 et
699 3723 798 3776 rubrae
812 3723 947 3791 fragmina
959 3726 1044 3775 testae

328 3820 439 3874 Necnon
449 3826 476 3874 et
488 3821 568 3890 rigidi
582 3822 701 3876 crudelis
714 3823 797 3875 sectio
813 3822 876 3874 terri

327 3919 447 3973 llembra
456 3921 648 3988 cruentabant,
662 3935 761 3989 spurco
774 3921 834 3974 sine
847 3920 963 3973 crimine
975 3919 1081 3986 culpae.

330 4021 397 4072 lum
410 4022 488 4074 Pater
500 4022 684 4088 omnipotens,
698 4021 812 4075 devotae
824 4020 937 4087 virginis
949 4020 1029 4087 altor,

255 4128 258 4132 ·
327 4120 441 4172 lircibus
453 4120 588 4173 aethereis
601 4119 694 4173 deiixit
707 4121 810 4191 lumina
824 4121 914 4186 terris,

330 4219 488 4272 Femineum
501 4220 602 4274 indolis
611 4219 733 4288 gaudens
745 4225 868 4286 spectare
885 4218 1062 4284 triumphum.

329 4318 386 4371 ltox
398 4316 476 4370 dedit
488 4318 619 4371 auxilium
632 4320 754 4372 clemens
766 4318 896 4372 defensor
907 4322 1046 4384 egentum,

330 4417 434 4470 Fortior
445 4425 476 4470 ut
488 4416 565 4471 tieret
576 4419 690 4471 truciter
702 4419 892 4485 torquentibus
905 4418 989 4470 illam.

329 4517 390 4569 Post
402 4515 470 4570 baec
483 4518 602 4583 martyrii
620 4522 757 4570 mercatur
769 4518 901 4586 sanguine
914 4521 1025 4582 sertam,

331 4618 476 4682 perpetuas
490 4618 566 4685 regni
579 4630 691 4670 sumens
703 4631 736 4671 ex
749 4630 831 4671 carne
843 4629 969 4671 coronas.
