3316 5482
208 349 274 416 422
549 361 674 413 carun.
694 361 795 412 ooon.
811 359 987 411 naamon.
1006 359 1089 412 nar.

243 535 297 588 26.
311 536 377 588 Cum
390 532 535 587 multitudo
548 531 690 586 bominum
708 530 834 585 diversae
856 530 952 584 aetatis
965 531 999 584 ad
1010 531 1172 585 memoriam
1184 531 1333 585 beatissimi
1342 531 1412 587 lticbo
1474 576 1476 589 .

207 635 253 703 lai,
266 647 337 702 quae
349 639 389 688 est
400 633 473 700 apud
482 635 590 698 Barum,
607 633 654 685 ubi
666 630 845 697 dispositione
858 630 904 684 lici
917 636 944 683 et
961 630 1100 684 voluntate
1112 630 1238 697 ejusdem
1252 632 1413 699 piissimicon

209 735 318 789 sessoris
331 746 431 800 corpus
442 734 501 799 ejus
516 736 558 784 est
570 731 732 784 translatum
745 735 827 797 atque
847 729 997 785 honorilice
1018 730 1170 799 conditum,
1184 731 1220 784 ob
1232 732 1344 798 gratiam
1356 731 1415 784 nire

209 834 334 888 culorum
354 845 424 899 quac
444 830 546 885 ibidem
566 836 699 899 geruntur
727 835 932 895 concurrerent,
957 830 1028 882 inter
1051 834 1157 883 ceteros
1181 830 1296 898 quidam
1318 831 1418 884 bomoa

210 935 350 988 nativitate
361 945 469 998 caecus,
481 931 529 999 qui
542 936 600 984 erat
620 944 652 984 ex
676 929 814 996 provincia
835 930 984 996 Calabriae,
1005 930 1121 983 audiens
1142 931 1279 997 quosdam
1298 928 1439 985 erriciuisl

210 1033 268 1087 suis
279 1032 348 1086 velle
361 1030 493 1098 proticisci
507 1030 542 1083 ad
566 1034 690 1083 sanctum
712 1028 881 1095 Nicbolaum,
900 1029 991 1095 junxit
1003 1042 1032 1082 sc
1045 1029 1153 1082 illorum
1167 1030 1321 1097 comitatui,
1334 1030 1421 1084 babens

210 1139 312 1186 certam
325 1131 406 1185 lldem
420 1130 493 1198 quod
507 1143 556 1196 per
567 1131 626 1196 ejus
650 1134 743 1182 sancta
763 1129 871 1195 merita,
894 1129 915 1181 si
937 1142 1000 1182 eum
1019 1141 1052 1183 ex
1064 1129 1148 1182 corde
1156 1129 1318 1197 requireret
1329 1135 1357 1184 et
1365 1129 1424 1182 illius

210 1232 342 1289 auxilium
354 1232 437 1285 corde
448 1235 475 1284 et
487 1243 534 1284 ore
543 1229 736 1295 expostularet,
747 1233 855 1295 praesto
866 1227 903 1280 illi
915 1227 1020 1282 afforet.
1028 1228 1224 1294 ltecdeceptus
1232 1233 1299 1282 esta
1315 1243 1363 1297 spe
1371 1242 1426 1293 snat

212 1331 280 1385 tides
292 1331 364 1384 enim
378 1330 437 1396 etus
458 1330 560 1395 majora
580 1341 663 1395 quam
685 1328 941 1394 sperabatopcrata
962 1333 1004 1380 est
1027 1328 1057 1380 in
1077 1340 1120 1381 eo.
1142 1330 1208 1381 Nam
1223 1341 1287 1381 cum
1299 1329 1429 1396 appropia·

212 1434 343 1499 quassent
354 1429 388 1483 ad
400 1428 535 1482 civitatem
549 1431 692 1480 tianensem
706 1433 760 1480 eta
774 1425 855 1494 longe
867 1427 1000 1480 vidissent
1011 1426 1155 1480 ecclesiam
1168 1428 1256 1481 sancti
1267 1428 1395 1494 utconlu,
1405 1432 1431 1483 ut
1442 1427 1463 1479 tt

213 1531 296 1584 moris
308 1535 349 1582 est
361 1528 522 1595 peregrinis,
536 1526 671 1580 flexerunt
682 1539 772 1594 genua
785 1539 833 1579 sua
846 1531 873 1579 et
885 1539 946 1578 curn
958 1526 1074 1592 supplici
1087 1539 1153 1580 voce
1166 1526 1356 1582 salutaverunt
1370 1540 1432 1582 ean.

213 1639 289 1702 Quod
301 1651 363 1691 cum
375 1637 529 1705 agnovisset
538 1648 645 1701 caecus,
659 1635 762 1688 scilicet
774 1633 839 1702 quia
851 1648 936 1701 prope
949 1639 1020 1688 esset
1032 1635 1148 1688 ecclesia
1160 1635 1193 1688 ad
1207 1649 1292 1702 quam
1305 1637 1432 1706 pergebat,

212 1737 356 1806 prostravit
367 1749 397 1790 se
408 1736 437 1789 in
449 1740 561 1802 terram,
573 1748 635 1788 cum
650 1735 770 1788 lacrimis
779 1734 928 1801 implorans
938 1734 1068 1787 auxilium
1077 1734 1192 1799 piissimi
1201 1735 1369 1790 contessoris
1376 1748 1433 1789 voce

212 1836 382 1892 lacrimabili.
395 1837 478 1903 cujus
489 1836 616 1889 lacrimae
630 1836 721 1889 statim
734 1834 878 1888 exauditae
890 1841 963 1888 sunt.
976 1837 1043 1888 llam
1054 1835 1144 1888 statim
1157 1839 1188 1889 ut
1199 1837 1348 1891 surrexita
1360 1842 1433 1899 terta

212 1936 297 2002 aperti
306 1940 370 1989 sunt
381 1934 452 1989 oculi
465 1936 533 2002 ejus,
547 1940 575 1987 et
586 1933 745 1988 clarissimis
766 1934 916 1988 luminibus
937 1935 1086 2000 sp[b]eram
1106 1934 1173 1988 solis
1193 1936 1326 2002 respexit,
1338 1936 1381 1990 cui
1397 1949 1435 1990 ea·
1449 1932 1472 1987 li

212 2041 293 2090 tenus
306 2035 432 2088 lucicomi
445 2034 509 2088 solis
522 2047 578 2088 non
599 2033 776 2099 splenduerat
796 2034 913 2100 claritas,
936 2021 1079 2101 coepitque
1104 2035 1209 2102 magnis
1232 2035 1349 2089 vocibus
1359 2038 1435 2089 beum

212 2134 326 2190 laudare
335 2140 362 2188 ct
373 2134 482 2188 beatum
498 2133 655 2187 lticbolaum
667 2133 843 2198 benedicere,
857 2133 950 2199 sicque
962 2146 1073 2187 currere
1091 2138 1154 2186 ante
1166 2134 1235 2187 alios
1247 2135 1282 2188 ad
1301 2135 1436 2190 ecclesiam

213 2235 299 2289 sancti
319 2233 450 2288 tticlrotai.
474 2235 597 2300 cumque
617 2233 651 2287 ad
671 2233 815 2287 ecclesiam
838 2234 1006 2300 pervenisset
1036 2246 1098 2286 cum
1112 2234 1211 2286 ceteris
1232 2236 1395 2304 peregrinis,
1414 2238 1438 2288 et

213 2335 304 2390 clerici
317 2334 449 2387 ecclesiae
469 2334 660 2400 cognovissent
679 2346 736 2386 rem
757 2346 827 2400 quae
849 2338 978 2387 evenerat
999 2333 1113 2386 omnino
1135 2345 1229 2386 veram
1242 2334 1437 2389 esseaceteris

212 2434 373 2502 peregrinis,
394 2439 545 2500 coeperunt
564 2433 712 2486 immensas
732 2434 832 2501 gratias
852 2446 933 2501 agere
956 2436 1021 2497 lieo,
1042 2433 1089 2500 qui
1111 2438 1217 2485 tantum
1241 2438 1390 2499 patronum
1400 2431 1471 2487 eisit

213 2537 396 2599 concesserat,
408 2546 457 2599 per
469 2545 551 2600 quem
565 2537 637 2586 tanta
649 2538 677 2586 et
689 2533 753 2586 talia
766 2533 896 2587 miracula
909 2532 1016 2600 operari
1026 2532 1195 2600 dignaretur.
1210 2534 1268 2586 iloc
1281 2532 1438 2586 miraculum

213 2638 303 2686 actum
316 2637 359 2685 est
379 2632 451 2685 circa
473 2636 581 2698 tempus
603 2645 657 2699 quo
678 2645 745 2700 gens
765 2632 914 2685 christiana
932 2632 1023 2697 coepit
1047 2631 1099 2683 iter
1116 2630 1281 2698 ierusalem,
1303 2631 1376 2684 sicut
1394 2640 1437 2697 ego

213 2732 327 2800 cognovi
340 2745 356 2784 a
368 2731 488 2798 quodam
500 2731 609 2798 clerico,
631 2732 677 2797 qui
697 2736 763 2785 tunc
783 2732 843 2784 Bari
864 2731 977 2797 degebat
998 2744 1059 2784 cum
1082 2730 1132 2783 boc
1155 2730 1322 2784 miraculum
1343 2730 1436 2784 lactum

215 2836 296 2896 esset,
307 2830 419 2884 nomine
431 2829 554 2895 alboldo,
576 2830 622 2896 qui
645 2835 741 2895 postca
761 2829 812 2882 luit
829 2830 979 2882 monaclrus
996 2830 1025 2881 in
1044 2829 1173 2882 beccensi
1186 2829 1335 2895 coenobio,
1347 2829 1439 2895 etpost

213 2930 318 2997 aliquot
330 2942 418 2983 annos
430 2930 514 2982 abbas
535 2926 647 2982 effectus
667 2934 709 2982 est
729 2928 861 2983 ccclesiae
880 2930 966 2981 sancti
984 2928 1120 2982 ildmundi
1141 2929 1213 2996 regis
1233 2935 1262 2982 et
1275 2929 1400 2996 martyris
1411 2923 1472 2980 inb

215 3030 318 3097 Anglia.

247 3130 302 3183 27.
315 3129 428 3194 Quidam
440 3129 559 3195 juvenis,
575 3133 685 3196 propter
706 3127 805 3181 delicta
817 3142 867 3182 sua
890 3129 918 3181 in
936 3127 1101 3195 paenitentia
1114 3128 1244 3180 subactus
1264 3126 1437 3194 abepiscopo

212 3244 272 3295 suo,
286 3229 393 3282 diversa
405 3234 562 3283 sanctorum
575 3230 633 3283 loca
646 3230 787 3283 circuibat.
798 3233 871 3282 luter
883 3229 935 3282 alia
945 3242 1009 3282 vero
1021 3241 1092 3295 quae
1103 3227 1269 3295 paenitendo
1280 3227 1437 3291 sustinebat,

212 3329 316 3384 circulo
328 3330 417 3382 ferreo
430 3342 485 3382 non
498 3329 606 3382 modico
618 3333 742 3382 ventrem
755 3342 834 3381 suum
848 3329 1073 3382 circumdederat.
1087 3331 1154 3381 cum
1165 3333 1256 3380 autem
1268 3329 1340 3381 banc
1352 3325 1440 3393 paeni·

213 3430 311 3482 tentiae
323 3441 440 3495 poenum
454 3441 500 3494 per
514 3433 568 3481 tres
577 3441 665 3481 annos
677 3428 793 3481 libenter
805 3429 987 3494 sustinuisset,
1001 3427 1111 3480 tandem
1125 3429 1222 3479 barum
1232 3426 1319 3491 venit,
1333 3421 1475 3480 remen-tt

212 3531 301 3596 sitque
314 3530 351 3581 ibi
364 3542 413 3595 per·
431 3529 533 3596 aliquot
553 3530 621 3593 dics,
643 3529 751 3581 assidue
774 3528 916 3582 ecclesiam
938 3528 1085 3582 beatissimi
1107 3528 1228 3580 lticbolai
1250 3527 1438 3594 frequentans.

210 3629 259 3694 Qui
274 3628 454 3680 intentissime
464 3641 527 3681 oum
540 3628 660 3680 lacrimis
681 3629 813 3681 exorabat
827 3628 873 3681 liei
887 3627 1102 3681 miscricordiam
1115 3640 1147 3679 ac
1161 3627 1198 3693 pii
1213 3632 1239 3679 et
1254 3624 1440 3692 gloriosissimi

210 3728 308 3779 dbristi
321 3728 486 3781 contessoris
507 3728 627 3791 b'icbolai
648 3728 825 3794 adjutorium,
850 3733 879 3780 ut
899 3728 956 3781 suis
979 3727 1223 3780 intercessionibus
1245 3727 1350 3778 sanctis
1372 3722 1439 3790 apud

213 3830 298 3880 boum
311 3840 359 3893 pro
372 3828 428 3879 suis
441 3828 623 3881 intercederet
635 3829 791 3881 excessibus
804 3835 830 3881 et
842 3829 958 3880 maxime
969 3842 1017 3893 pro
1028 3827 1081 3879 illis
1094 3840 1142 3893 pro
1152 3827 1254 3894 quibus
1266 3825 1320 3879 boc
1333 3824 1440 3878 exilium

209 3932 237 3977 ct
249 3926 319 3977 banc
332 3938 446 3990 poenam
460 3927 523 3978 lcrri
538 3927 696 3979 sustinebat.
711 3926 831 3991 Quadam
853 3927 971 3993 deniquo
984 3927 1038 3994 die,
1052 3932 1156 3980 astante
1169 3925 1243 3979 clero
1257 3932 1283 3979 et
1296 3926 1398 3993 populo
1415 3917 1476 3974 insi

208 4025 308 4076 divinis
320 4023 415 4076 oiliciis
428 4029 492 4077 autc
504 4025 572 4077 illud
594 4026 811 4079 sacratissimum
833 4026 918 4078 altare
940 4027 990 4078 sub
1012 4039 1067 4092 quo
1080 4026 1154 4078 illius
1167 4025 1330 4079 honorabile
1347 4036 1440 4091 corpus

209 4123 401 4176 decentissimo
413 4130 602 4188 conservatur,
614 4126 706 4177 evenit
718 4130 749 4177 ut
761 4125 807 4178 ille
820 4127 964 4192 paenitens
975 4126 1085 4192 juvenis
1103 4138 1181 4179 more
1199 4125 1279 4178 solito
1292 4126 1438 4179 adveniret.

209 4226 407 4290 Cumqucante
420 4224 505 4276 altare
518 4226 644 4289 uenisset,
667 4228 811 4291 prostravit
832 4240 861 4279 sc
883 4227 911 4278 in
934 4232 1045 4290 terram,
1068 4231 1098 4278 ut
1119 4233 1311 4293 consueverat,
1336 4233 1436 4280 etcum

209 4322 302 4373 nimiis
314 4322 461 4389 gemitibus
475 4323 623 4388 implorare
645 4325 736 4390 coepit
756 4325 954 4392 indulgentiam
978 4337 1089 4377 suorum
1111 4324 1285 4378 delictorum.
1309 4329 1373 4379 Post
1385 4338 1435 4378 sur·

208 4422 288 4485 rexit,
301 4425 328 4474 et
340 4427 414 4474 stans
427 4423 526 4474 itcrum
537 4424 628 4488 coepit
645 4436 724 4477 orarc
747 4438 778 4477 cx
802 4438 857 4476 una
870 4430 947 4491 parte
966 4425 1069 4477 altaris.
1083 4423 1207 4477 tlirabile
1220 4425 1295 4477 dictu
1308 4431 1336 4478 et
1348 4426 1429 4478 incre·
1444 4420 1467 4471 li

209 4521 301 4585 dibile,
316 4521 367 4572 nisi
381 4520 409 4572 in
423 4522 521 4574 talibus
532 4523 615 4575 rebus
627 4524 650 4574 is
674 4524 846 4577 beatissimus
868 4531 940 4577 esset
962 4525 1129 4578 notissimus.
1143 4527 1208 4576 Nam
1222 4539 1285 4578 cum
1299 4526 1336 4578 ita
1349 4530 1431 4586 staret,

209 4620 298 4673 subito
312 4625 339 4674 et
351 4634 384 4673 cx
398 4621 546 4688 improviso
558 4622 665 4675 terreus
678 4624 807 4690 circulus,
820 4638 875 4691 quo
890 4629 985 4678 tenter
999 4625 1057 4693 ejus
1065 4628 1123 4678 erat
1134 4623 1331 4693 circumdatus,
1347 4631 1430 4694 ruptus
