3316 5482
210 316 277 384 598
526 358 528 363 r
556 333 683 384 CATAL.
702 334 805 383 cotto.
825 332 1000 385 naaloott.
1019 334 1100 383 Lar.

211 502 358 569 praemissa
376 506 418 554 est
439 501 498 566 (101.
514 503 537 561 1)
550 500 665 566 epistola
685 500 805 562 Henrici,
825 499 1052 567 chrysopolitani,
1065 499 1094 551 id
1112 503 1155 553 est
1166 501 1390 557 vesuntionensis
1403 502 1432 568 (1)

211 600 417 667 archiepiscopi,
429 601 570 664 hactenus,
583 600 610 652 ni
624 599 753 666 fallimur,
765 612 877 667 prorsus
891 600 984 669 ignoti.
995 601 1078 653 Porro
1089 590 1146 653 non
1155 600 1244 653 solius
1252 602 1433 669 archiepiscopi

210 700 322 754 nominc
334 699 463 765 inscripta
475 703 516 751 est
527 698 652 765 epistola,
665 698 714 750 sed
727 704 754 751 et
763 697 1011 765 coppreyatr'onis
1025 700 1277 766 protomartyris
1293 700 1430 768 Stephani

208 801 239 853 ct
249 798 456 866 cvaupettrtae
466 795 628 851 Jobannis.
636 798 730 864 itaque
742 798 841 864 scripta
854 802 896 850 cst
907 797 1022 863 epistola
1034 802 1096 864 post
1106 798 1200 851 unitas
1212 800 1345 853 ccclesias
1352 801 1432 854 sancti

207 899 336 966 Stephani
349 903 376 951 et
389 898 478 950 Sancti
489 898 612 963 loannis,
623 897 648 948 id
663 902 704 949 est
717 910 771 950 non
784 896 830 950 diu
844 903 907 950 ante
919 896 1040 949 medium
1050 897 1191 951 sacculum
1202 899 1315 964 11111(1).
1327 900 1434 954 Aniorte

207 998 480 1064 archiepiscopusille
494 998 628 1051 llemicus
640 999 712 1051 idern
725 998 807 1050 suerit
820 1012 882 1051 cum
897 999 1015 1052 ilenrico
1025 998 1190 1054 cancellario
1201 1000 1337 1055 ecclesiae
1346 1002 1435 1055 vesun·

209 1101 401 1168 tionensis‚qui
412 1113 484 1154 anno
496 1099 1436 1168 1070000000000100000000001000000001000010001000000010

209 1200 337 1266 piscopus
351 1199 459 1267 agnitus
471 1204 512 1252 est
531 1199 709 1251 allisuntinis
729 1199 831 1253 Nicolai
853 1198 1006 1252 auctoritati
1027 1198 1141 1251 minime
1152 1198 1373 1266 obsequentibus
1388 1201 1437 1266 (01

209 1299 355 1365 Epistulam
369 1298 532 1363 exscriptam
544 1296 646 1350 videsis
657 1298 728 1349 inira
738 1297 767 1350 in
779 1296 945 1364 Appendice.

241 1394 303 1453 Post
322 1397 431 1451 ilenrici
452 1397 595 1463 epistolam
619 1401 774 1463 sequuntur
794 1397 850 1459 (101.
871 1395 966 1459 tobit)
986 1397 1099 1451 historia
1117 1398 1143 1449 S.
1167 1398 1303 1464 Stephani
1325 1410 1360 1452 ex
1375 1399 1440 1453 Actis

206 1498 396 1565 Apostolorum
409 1503 537 1564 excerpta
547 1504 573 1550 et
587 1509 729 1551 sermones
742 1498 851 1550 Patrum
865 1496 900 1550 de
913 1495 1010 1550 eodem
1021 1501 1124 1563 sancto,
1139 1497 1291 1563 praecipue
1303 1499 1330 1553 S.
1341 1501 1437 1568 Augus

208 1597 268 1651 tini.
280 1597 383 1652 Deinde

310 1696 347 1771 l⁰
363 1693 560 1773 Revelatio
575 1693 721 1796 [sancti]
739 1695 1039 1797 protomartyris
1057 1696 1244 1797 Stephani
1258 1696 1341 1797 (101.
1362 1696 1439 1774 410-

311 1941 351 2018 40
369 1941 543 2032 Qualiter
560 1941 766 2019 brachium
797 1942 901 2020 beati
928 1945 1226 2046 protomartyris
1255 1945 1440 2049 Stephani

360 2064 578 2142 bisontium
595 2064 756 2142 allatum
774 2065 825 2142 sit
841 2065 917 2164 (101.
936 2065 1101 2166 341430).

246 2199 293 2252 ild.
307 2213 340 2253 ex
352 2196 414 2251 cod.
430 2199 626 2261 broxas-100,
645 2197 708 2250 Cat.
721 2197 833 2266 Bracae„
848 2203 914 2254 torn.
928 2201 948 2262 1,
963 2214 989 2264 p.
1003 2202 1087 2253 roso.

311 2296 351 2374 3⁰
368 2296 540 2397 Epistola
570 2296 669 2374 Aviti
701 2296 918 2398 presbytcri
948 2297 998 2375 ad
1027 2298 1276 2377 Waiconium
1306 2322 1445 2403 papam

360 2419 436 2520 (101.
459 2419 627 2518 440450).

248 2555 295 2607 m.
309 2557 336 2606 0.
352 2555 391 2618 n,
405 2558 471 2607 tom.
486 2554 548 2609 xm.
560 2565 585 2618 p.
599 2554 687 2606 coss.

312 2652 511 2730 40100100
530 2650 754 2730 divinorum
773 2676 938 2753 operum
956 2677 1056 2755 quae
1083 2662 1237 2732 ostensa
1268 2663 1362 2734 sunt
1378 2677 1447 2756 per

360 2775 464 2852 beati
499 2777 798 2877 protomartyris
833 2776 1018 2878 Stephani
1061 2777 1285 2856 venerabile
1329 2778 1443 2856 meri·

359 2906 489 2976 tum...
511 2898 587 2998 (101.
610 2898 773 2999 llil-lif).

246 3034 304 3099 110,
319 3034 414 3086 eadem
426 3033 612 3099 inscriptione,
627 3034 705 3097 ibid,
719 3049 744 3099 p.
758 3037 860 3086 itabat.
876 3035 974 3088 10000
992 3035 1094 3089 addin
1107 3035 1167 3089 cod.
1182 3038 1256 3090 Alio
1268 3052 1352 3103 vero,
1367 3049 1443 3105 praua

209 3133 762 3200 010001000οι00000011001110011000
771 3135 914 3201 propriis
928 3136 1135 3200 continentur,
1154 3136 1184 3189 si
1208 3137 1343 3190 Domino
1355 3137 1441 3201 adjo-

211 3232 486 3298 0000000100οω
500 3233 697 3297 potuerimus
718 3235 892 3299 carractere,
916 3232 953 3286 ab
966 3235 1031 3287 clio
1052 3235 1165 3287 melius
1182 3235 1314 3289 exordio
1327 3235 1444 3302 dipers-

210 3344 288 3384 ortus.

312 3430 351 3505 5⁰
369 3426 541 3528 Libellus
560 3427 609 3505 de
628 3428 800 3529 quodam
828 3430 1012 3532 [homine]
1042 3440 1174 3509 sanato
1192 3431 1269 3531 (101.
1306 3429 1448 3509 rar-73¹

359 3560 397 3629 et
417 3550 484 3630 fol.
507 3551 673 3651 170-180).

242 3687 270 3739 S.
283 3684 424 3750 Augustini
444 3687 560 3737 sermm.
573 3686 632 3749 520,
643 3687 688 3737 att
705 3688 801 3750 01611,
814 3685 858 3738 ed.
873 3689 900 3738 P.
915 3689 1033 3752 1.,1001.
1056 3689 1176 3740 xxxviii
1182 3726 1189 3747 ,
1201 3703 1229 3753 p.
1253 3689 1373 3741 itta-Ab.
1393 3685 1441 3740 Sed

210 3788 273 3837 anto
285 3783 408 3835 libellum
423 3783 497 3835 Pauli
512 3782 612 3834 inserta
626 3789 700 3849 sunt,
713 3784 765 3836 sub
776 3783 843 3838 falso
853 3786 931 3838 titulo

307 3881 347 3957 60
377 3880 550 3958 Libellus
581 3881 630 3958 de
649 3883 848 3960 miraculis
879 3884 1174 3984 protomartyris
1206 3883 1395 3986 Stephani
1421 3907 1440 3958 a

357 4013 491 4082 sancto
509 4006 724 4106 Augustino
743 4007 959 4107 promissus
976 4007 1053 4103 (fol.
1077 4007 1266 4106 (3011),*

243 4138 374 4202 Excerpta
387 4151 419 4188 cx
433 4137 479 4190 lib.
493 4151 550 4190 mm
563 4140 606 4191 De
621 4139 682 4191 Cio.
705 4141 769 4205 Dei,
791 4152 862 4206 [(000
871 4142 927 4206 jam
940 4142 1049 4206 saepius
1071 4139 1247 4193 offendimus.
1269 4169 1300 4179 -
1314 4141 1440 4207 sequitur

210 4235 269 4297 (101.
282 4237 357 4300 lar-v)
369 4237 489 4302 Gregorii
503 4242 603 4290 turon.
618 4237 665 4290 lih.
681 4239 809 4305 Deplor.
824 4242 928 4304 00000,
942 4253 1000 4305 cap.
1015 4243 1056 4304 54,
1071 4239 1202 4305 usquead
1212 4242 1330 4292 rerba...
1346 4240 1439 4292 cirha

211 4332 293 4386 beati
300 4337 464 4401 perpatuit
476 4341 512 4401 (p.
527 4340 584 4402 1001,
599 4337 646 4389 lin.
660 4337 732 4402 ult).

243 4497 276 4559 (1)
289 4498 341 4547 Cir.
360 4498 441 4551 Gall.
463 4499 584 4565 Christ,
599 4505 662 4554 tom.
678 4503 729 4564 AV,
744 4518 769 4568 p.
783 4504 798 4554 ‘2
810 4515 836 4555 0.
852 4531 882 4539 -
895 4503 929 4569 (Ξ)
948 4504 1000 4555 010.
1025 4502 1090 4555 ibid.
1111 4511 1138 4556 et
1152 4517 1196 4568 pp.
1219 4506 1344 4557 tihalac
1359 4505 1402 4556 tta
1413 4515 1438 4555 0.

210 4600 243 4613 ·-
254 4579 351 4640 (0)(110.
366 4579 442 4644 ibid,
456 4595 500 4646 pp.
513 4584 547 4635 64
559 4595 575 4634 0
589 4589 616 4636 et
628 4585 661 4636 60
674 4596 701 4635 Α.
