<?xml version="1.0" encoding="UTF-8"?>
<!DOCTYPE html PUBLIC "-//W3C//DTD XHTML 1.0 Transitional//EN"
    "http://www.w3.org/TR/xhtml1/DTD/xhtml1-transitional.dtd">
<html xmlns="http://www.w3.org/1999/xhtml" xml:lang="en" lang="en">
 <head>
  <title>
</title>
<meta http-equiv="Content-Type" content="text/html;charset=utf-8" />
  <meta name='ocr-system' content='tesseract 3.04.00' />
  <meta name='ocr-capabilities' content='ocr_page ocr_carea ocr_par ocr_line ocrx_word'/>
</head>
<body>
  <div class='ocr_page' id='page_1' title='image "./cataloguscodicu02manugoog_0142.png"; bbox 0 0 3316 5482; ppageno 0'>
   <div class='ocr_carea' id='block_1_1' title="bbox 272 332 1308 405">
    <p class='ocr_par' dir='ltr' id='par_1_1' title="bbox 272 332 1308 405">
     <span class='ocr_line' id='line_1_1' title="bbox 272 332 1308 405; baseline -0.008 -1"><span class='ocrx_word' id='word_1_1' title='bbox 272 353 363 405; x_wconf 80' lang='lat' dir='ltr'><strong>aren.</strong></span> <span class='ocrx_word' id='word_1_2' title='bbox 382 352 468 404; x_wconf 75' lang='lat' dir='ltr'><strong>corr.</strong></span> <span class='ocrx_word' id='word_1_3' title='bbox 486 351 604 403; x_wconf 76' lang='lat' dir='ltr'><strong>eante.</strong></span> <span class='ocrx_word' id='word_1_4' title='bbox 624 371 670 383; x_wconf 89' lang='lat'><em>-</em></span> <span class='ocrx_word' id='word_1_5' title='bbox 685 351 839 401; x_wconf 75' lang='lat' dir='ltr'><strong>cernuo.</strong></span> <span class='ocrx_word' id='word_1_6' title='bbox 860 351 907 400; x_wconf 81' lang='lat' dir='ltr'><strong>no</strong></span> <span class='ocrx_word' id='word_1_7' title='bbox 925 349 1003 400; x_wconf 86' lang='lat' dir='ltr'><strong>con.</strong></span> <span class='ocrx_word' id='word_1_8' title='bbox 1023 346 1099 398; x_wconf 82' lang='lat' dir='ltr'><strong>saro.</strong></span> <span class='ocrx_word' id='word_1_9' title='bbox 1244 332 1308 396; x_wconf 83' lang='lat' dir='ltr'><strong>lli</strong></span> 
     </span>
    </p>
   </div>
   <div class='ocr_carea' id='block_1_2' title="bbox 62 518 1488 2679">
    <p class='ocr_par' dir='ltr' id='par_1_2' title="bbox 62 518 1488 2679">
     <span class='ocr_line' id='line_1_2' title="bbox 103 518 1307 589; baseline -0.002 -15"><span class='ocrx_word' id='word_1_10' title='bbox 103 519 221 575; x_wconf 86' lang='lat' dir='ltr'><strong>busilias</strong></span> <span class='ocrx_word' id='word_1_11' title='bbox 232 522 356 589; x_wconf 89' lang='lat' dir='ltr'><strong>temporis</strong></span> <span class='ocrx_word' id='word_1_12' title='bbox 367 535 426 575; x_wconf 88' lang='lat' dir='ltr'><strong>eam</strong></span> <span class='ocrx_word' id='word_1_13' title='bbox 440 525 525 575; x_wconf 89' lang='lat' dir='ltr'><strong>totam</strong></span> <span class='ocrx_word' id='word_1_14' title='bbox 539 519 596 574; x_wconf 87' lang='lat' dir='ltr'><strong>fieri</strong></span> <span class='ocrx_word' id='word_1_15' title='bbox 610 520 744 586; x_wconf 82' lang='lat' dir='ltr'>lapideam</span> <span class='ocrx_word' id='word_1_16' title='bbox 759 532 790 571; x_wconf 90' lang='lat' dir='ltr'><strong>ae</strong></span> <span class='ocrx_word' id='word_1_17' title='bbox 803 518 962 572; x_wconf 86' lang='lat' dir='ltr'><strong>testitudine</strong></span> <span class='ocrx_word' id='word_1_18' title='bbox 976 523 1065 572; x_wconf 89' lang='lat' dir='ltr'><strong>amota</strong></span> <span class='ocrx_word' id='word_1_19' title='bbox 1087 531 1169 585; x_wconf 89' lang='lat' dir='ltr'><strong>supra</strong></span> <span class='ocrx_word' id='word_1_20' title='bbox 1187 518 1307 584; x_wconf 87' lang='lat' dir='ltr'><strong>lapidum</strong></span> 
     </span>
     <span class='ocr_line' id='line_1_3' title="bbox 102 618 1307 689; baseline 0 -17"><span class='ocrx_word' id='word_1_21' title='bbox 102 621 154 688; x_wconf 81' lang='lat' dir='ltr'><strong>tegi</strong></span> <span class='ocrx_word' id='word_1_22' title='bbox 162 621 256 676; x_wconf 82' lang='lat' dir='ltr'><strong>voltura.</strong></span> <span class='ocrx_word' id='word_1_23' title='bbox 268 622 308 674; x_wconf 76' lang='lat' dir='ltr'><strong>nd</strong></span> <span class='ocrx_word' id='word_1_24' title='bbox 319 622 393 689; x_wconf 92' lang='lat' dir='ltr'><strong>quod</strong></span> <span class='ocrx_word' id='word_1_25' title='bbox 406 635 475 688; x_wconf 85' lang='lat' dir='ltr'><strong>opus</strong></span> <span class='ocrx_word' id='word_1_26' title='bbox 488 619 651 675; x_wconf 83' lang='lat' dir='ltr'><strong>effodientes</strong></span> <span class='ocrx_word' id='word_1_27' title='bbox 661 619 882 683; x_wconf 91' lang='lat' dir='ltr'><strong>fundamentum,</strong></span> <span class='ocrx_word' id='word_1_28' title='bbox 895 619 994 672; x_wconf 89' lang='lat' dir='ltr'><strong>accidit</strong></span> <span class='ocrx_word' id='word_1_29' title='bbox 1006 632 1053 673; x_wconf 91' lang='lat' dir='ltr'><strong>eos</strong></span> <span class='ocrx_word' id='word_1_30' title='bbox 1065 619 1095 671; x_wconf 94' lang='lat' dir='ltr'><strong>in</strong></span> <span class='ocrx_word' id='word_1_31' title='bbox 1107 618 1193 672; x_wconf 90' lang='lat' dir='ltr'><strong>altum</strong></span> <span class='ocrx_word' id='word_1_32' title='bbox 1212 619 1307 672; x_wconf 91' lang='lat' dir='ltr'><strong>fodere</strong></span> 
     </span>
     <span class='ocr_line' id='line_1_4' title="bbox 100 718 1308 788; baseline -0.002 -15"><span class='ocrx_word' id='word_1_33' title='bbox 100 721 428 788; x_wconf 83' lang='lat' dir='ltr'><strong>juxtasanctisepulcrum.</strong></span> <span class='ocrx_word' id='word_1_34' title='bbox 443 723 473 774; x_wconf 91' lang='lat' dir='ltr'><strong>ln</strong></span> <span class='ocrx_word' id='word_1_35' title='bbox 486 723 563 788; x_wconf 87' lang='lat' dir='ltr'><strong>cujus</strong></span> <span class='ocrx_word' id='word_1_36' title='bbox 584 721 696 773; x_wconf 90' lang='lat' dir='ltr'><strong>sinistro</strong></span> <span class='ocrx_word' id='word_1_37' title='bbox 718 719 803 772; x_wconf 90' lang='lat' dir='ltr'><strong>latere</strong></span> <span class='ocrx_word' id='word_1_38' title='bbox 826 718 996 783; x_wconf 88' lang='lat' dir='ltr'><strong>fenes[tram]</strong></span> <span class='ocrx_word' id='word_1_39' title='bbox 1018 718 1132 771; x_wconf 88' lang='lat' dir='ltr'><strong>inferius</strong></span> <span class='ocrx_word' id='word_1_40' title='bbox 1152 718 1181 771; x_wconf 93' lang='lat' dir='ltr'><strong>in</strong></span> <span class='ocrx_word' id='word_1_41' title='bbox 1203 719 1308 784; x_wconf 91' lang='lat' dir='ltr'><strong>pariete</strong></span> 
     </span>
     <span class='ocr_line' id='line_1_5' title="bbox 105 816 1309 889; baseline -0.001 -19"><span class='ocrx_word' id='word_1_42' title='bbox 105 820 252 888; x_wconf 76' lang='lat' dir='ltr'><strong>inuenerunt,</strong></span> <span class='ocrx_word' id='word_1_43' title='bbox 265 823 409 889; x_wconf 88' lang='lat' dir='ltr'><strong>ipsumque</strong></span> <span class='ocrx_word' id='word_1_44' title='bbox 421 822 554 886; x_wconf 88' lang='lat' dir='ltr'><strong>parietem</strong></span> <span class='ocrx_word' id='word_1_45' title='bbox 567 824 705 886; x_wconf 87' lang='lat' dir='ltr'><strong>tamquam</strong></span> <span class='ocrx_word' id='word_1_46' title='bbox 718 832 733 871; x_wconf 88' lang='lat' dir='ltr'><strong>a</strong></span> <span class='ocrx_word' id='word_1_47' title='bbox 747 819 813 871; x_wconf 86' lang='lat' dir='ltr'><strong>ioris</strong></span> <span class='ocrx_word' id='word_1_48' title='bbox 824 818 851 870; x_wconf 91' lang='lat' dir='ltr'><strong>in</strong></span> <span class='ocrx_word' id='word_1_49' title='bbox 870 816 1014 883; x_wconf 88' lang='lat' dir='ltr'><strong>superficie</strong></span> <span class='ocrx_word' id='word_1_50' title='bbox 1025 817 1208 870; x_wconf 89' lang='lat' dir='ltr'><strong>luminaribus</strong></span> <span class='ocrx_word' id='word_1_51' title='bbox 1219 816 1309 869; x_wconf 81' lang='lat' dir='ltr'><strong>infixis</strong></span> 
     </span>
     <span class='ocr_line' id='line_1_6' title="bbox 71 917 1307 985; baseline -0.001 -15"><span class='ocrx_word' id='word_1_52' title='bbox 71 918 90 970; x_wconf 77' lang='grc'><strong>5</strong></span> <span class='ocrx_word' id='word_1_53' title='bbox 105 917 146 970; x_wconf 82' lang='lat' dir='ltr'><strong>rel</strong></span> <span class='ocrx_word' id='word_1_54' title='bbox 154 922 261 985; x_wconf 88' lang='lat' dir='ltr'><strong>appositis</strong></span> <span class='ocrx_word' id='word_1_55' title='bbox 272 922 445 975; x_wconf 89' lang='lat' dir='ltr'><strong>combustum</strong></span> <span class='ocrx_word' id='word_1_56' title='bbox 458 925 485 973; x_wconf 93' lang='lat' dir='ltr'><strong>et</strong></span> <span class='ocrx_word' id='word_1_57' title='bbox 497 920 631 972; x_wconf 87' lang='lat' dir='ltr'><strong>fuscatum</strong></span> <span class='ocrx_word' id='word_1_58' title='bbox 647 920 843 985; x_wconf 81' lang='lat' dir='ltr'><strong>inspexerunt3</strong></span> <span class='ocrx_word' id='word_1_59' title='bbox 858 923 1004 984; x_wconf 90' lang='lat' dir='ltr'><strong>tantusque</strong></span> <span class='ocrx_word' id='word_1_60' title='bbox 1017 917 1085 971; x_wconf 93' lang='lat' dir='ltr'><strong>odor</strong></span> <span class='ocrx_word' id='word_1_61' title='bbox 1095 930 1145 982; x_wconf 89' lang='lat' dir='ltr'><strong>per</strong></span> <span class='ocrx_word' id='word_1_62' title='bbox 1157 917 1307 970; x_wconf 78' lang='lat' dir='ltr'><strong>fenestram</strong></span> 
     </span>
     <span class='ocr_line' id='line_1_7' title="bbox 106 1016 1307 1088; baseline 0 -20"><span class='ocrx_word' id='word_1_63' title='bbox 106 1016 218 1083; x_wconf 70' lang='lat' dir='ltr'>fragrabat</span> <span class='ocrx_word' id='word_1_64' title='bbox 237 1027 364 1088; x_wconf 88' lang='lat' dir='ltr'><strong>quantus,</strong></span> <span class='ocrx_word' id='word_1_65' title='bbox 390 1024 418 1073; x_wconf 90' lang='lat' dir='ltr'><strong>ut</strong></span> <span class='ocrx_word' id='word_1_66' title='bbox 438 1019 606 1084; x_wconf 88' lang='lat' dir='ltr'><strong>asscrebant,</strong></span> <span class='ocrx_word' id='word_1_67' title='bbox 620 1022 647 1071; x_wconf 91' lang='lat' dir='ltr'><strong>et</strong></span> <span class='ocrx_word' id='word_1_68' title='bbox 667 1023 788 1071; x_wconf 87' lang='lat' dir='ltr'><strong>aromata</strong></span> <span class='ocrx_word' id='word_1_69' title='bbox 800 1018 932 1071; x_wconf 86' lang='lat' dir='ltr'><strong>vincebat.</strong></span> <span class='ocrx_word' id='word_1_70' title='bbox 947 1019 1069 1083; x_wconf 84' lang='lat' dir='ltr'><strong>Cumque</strong></span> <span class='ocrx_word' id='word_1_71' title='bbox 1088 1030 1137 1083; x_wconf 91' lang='lat' dir='ltr'><strong>per</strong></span> <span class='ocrx_word' id='word_1_72' title='bbox 1157 1016 1307 1070; x_wconf 83' lang='lat' dir='ltr'><strong>fenestram</strong></span> 
     </span>
     <span class='ocr_line' id='line_1_8' title="bbox 106 1115 1307 1186; baseline 0.001 -20"><span class='ocrx_word' id='word_1_73' title='bbox 106 1115 255 1182; x_wconf 77' lang='lat' dir='ltr'><strong>introspicere</strong></span> <span class='ocrx_word' id='word_1_74' title='bbox 268 1119 362 1186; x_wconf 91' lang='lat' dir='ltr'><strong>plures</strong></span> <span class='ocrx_word' id='word_1_75' title='bbox 371 1131 468 1172; x_wconf 92' lang='lat' dir='ltr'><strong>eorum</strong></span> <span class='ocrx_word' id='word_1_76' title='bbox 480 1123 618 1184; x_wconf 87' lang='lat' dir='ltr'><strong>tamquam</strong></span> <span class='ocrx_word' id='word_1_77' title='bbox 632 1117 756 1169; x_wconf 90' lang='lat' dir='ltr'><strong>illicitum</strong></span> <span class='ocrx_word' id='word_1_78' title='bbox 770 1115 950 1169; x_wconf 76' lang='lat' dir='ltr'><strong>formidarent</strong></span> <span class='ocrx_word' id='word_1_79' title='bbox 962 1129 992 1169; x_wconf 93' lang='lat' dir='ltr'><strong>ac</strong></span> <span class='ocrx_word' id='word_1_80' title='bbox 1006 1129 1054 1182; x_wconf 87' lang='lat' dir='ltr'><strong>pro</strong></span> <span class='ocrx_word' id='word_1_81' title='bbox 1067 1115 1229 1169; x_wconf 81' lang='lat' dir='ltr'><strong>sanctissimi</strong></span> <span class='ocrx_word' id='word_1_82' title='bbox 1243 1128 1307 1167; x_wconf 92' lang='lat' dir='ltr'><strong>con-</strong></span> 
     </span>
     <span class='ocr_line' id='line_1_9' title="bbox 106 1212 1308 1284; baseline 0.002 -21"><span class='ocrx_word' id='word_1_83' title='bbox 106 1212 197 1268; x_wconf 88' lang='lat' dir='ltr'><strong>fessoris</strong></span> <span class='ocrx_word' id='word_1_84' title='bbox 207 1219 354 1271; x_wconf 80' lang='lat' dir='ltr'><strong>reverentia</strong></span> <span class='ocrx_word' id='word_1_85' title='bbox 366 1229 534 1284; x_wconf 88' lang='lat' dir='ltr'><strong>suorumque</strong></span> <span class='ocrx_word' id='word_1_86' title='bbox 547 1222 672 1269; x_wconf 88' lang='lat' dir='ltr'><strong>reatuum</strong></span> <span class='ocrx_word' id='word_1_87' title='bbox 684 1215 834 1269; x_wconf 82' lang='lat' dir='ltr'><strong>diffidentia</strong></span> <span class='ocrx_word' id='word_1_88' title='bbox 844 1228 915 1282; x_wconf 91' lang='lat' dir='ltr'><strong>quae</strong></span> <span class='ocrx_word' id='word_1_89' title='bbox 928 1215 1001 1267; x_wconf 89' lang='lat' dir='ltr'><strong>intus</strong></span> <span class='ocrx_word' id='word_1_90' title='bbox 1013 1218 1091 1268; x_wconf 91' lang='lat' dir='ltr'><strong>erant</strong></span> <span class='ocrx_word' id='word_1_91' title='bbox 1102 1227 1202 1267; x_wconf 89' lang='lat' dir='ltr'><strong>arcana</strong></span> <span class='ocrx_word' id='word_1_92' title='bbox 1213 1212 1308 1266; x_wconf 84' lang='lat' dir='ltr'><strong>ridere</strong></span> 
     </span>
     <span class='ocr_line' id='line_1_10' title="bbox 107 1314 1308 1384; baseline 0.002 -23"><span class='ocrx_word' id='word_1_93' title='bbox 107 1316 289 1380; x_wconf 77' lang='lat' dir='ltr'><strong>amandarent,</strong></span> <span class='ocrx_word' id='word_1_94' title='bbox 303 1321 358 1370; x_wconf 91' lang='lat' dir='ltr'><strong>tres</strong></span> <span class='ocrx_word' id='word_1_95' title='bbox 370 1316 493 1384; x_wconf 73' lang='lat' dir='ltr'><strong>ciusdem</strong></span> <span class='ocrx_word' id='word_1_96' title='bbox 506 1316 639 1370; x_wconf 86' lang='lat' dir='ltr'><strong>ecclesiae</strong></span> <span class='ocrx_word' id='word_1_97' title='bbox 659 1316 824 1381; x_wconf 83' lang='lat' dir='ltr'><strong>sacerdotes,</strong></span> <span class='ocrx_word' id='word_1_98' title='bbox 846 1315 920 1382; x_wconf 92' lang='lat' dir='ltr'><strong>quod</strong></span> <span class='ocrx_word' id='word_1_99' title='bbox 940 1317 1051 1381; x_wconf 91' lang='lat' dir='ltr'><strong>impune</strong></span> <span class='ocrx_word' id='word_1_100' title='bbox 1079 1315 1183 1367; x_wconf 91' lang='lat' dir='ltr'><strong>nemini</strong></span> <span class='ocrx_word' id='word_1_101' title='bbox 1207 1314 1308 1366; x_wconf 85' lang='lat' dir='ltr'><strong>licebat</strong></span> 
     </span>
     <span class='ocr_line' id='line_1_11' title="bbox 64 1410 1308 1484; baseline 0.007 -26"><span class='ocrx_word' id='word_1_102' title='bbox 64 1410 92 1460; x_wconf 86' lang='lat' dir='ltr'><strong>to</strong></span> <span class='ocrx_word' id='word_1_103' title='bbox 106 1411 230 1469; x_wconf 86' lang='lat' dir='ltr'><strong>inconsulte</strong></span> <span class='ocrx_word' id='word_1_104' title='bbox 242 1423 456 1484; x_wconf 81' lang='lat' dir='ltr'><strong>praesumentes,</strong></span> <span class='ocrx_word' id='word_1_105' title='bbox 470 1416 641 1470; x_wconf 88' lang='lat' dir='ltr'><strong>confessione</strong></span> <span class='ocrx_word' id='word_1_106' title='bbox 654 1416 800 1470; x_wconf 90' lang='lat' dir='ltr'><strong>eriminum</strong></span> <span class='ocrx_word' id='word_1_107' title='bbox 813 1429 925 1469; x_wconf 89' lang='lat' dir='ltr'><strong>suorum</strong></span> <span class='ocrx_word' id='word_1_108' title='bbox 938 1417 1009 1468; x_wconf 91' lang='lat' dir='ltr'><strong>inter</strong></span> <span class='ocrx_word' id='word_1_109' title='bbox 1027 1430 1057 1467; x_wconf 91' lang='lat' dir='ltr'><strong>se</strong></span> <span class='ocrx_word' id='word_1_110' title='bbox 1081 1420 1175 1468; x_wconf 91' lang='lat' dir='ltr'><strong>mutuo</strong></span> <span class='ocrx_word' id='word_1_111' title='bbox 1195 1416 1265 1468; x_wconf 89' lang='lat' dir='ltr'><strong>facta</strong></span> <span class='ocrx_word' id='word_1_112' title='bbox 1280 1419 1308 1467; x_wconf 86' lang='lat' dir='ltr'><strong>et</strong></span> 
     </span>
     <span class='ocr_line' id='line_1_12' title="bbox 107 1513 1308 1582; baseline 0.007 -23"><span class='ocrx_word' id='word_1_113' title='bbox 107 1519 171 1563; x_wconf 89' lang='lat' dir='ltr'><strong>orucc</strong></span> <span class='ocrx_word' id='word_1_114' title='bbox 180 1515 276 1568; x_wconf 91' lang='lat' dir='ltr'><strong>bomini</strong></span> <span class='ocrx_word' id='word_1_115' title='bbox 289 1529 352 1569; x_wconf 88' lang='lat' dir='ltr'><strong>curn</strong></span> <span class='ocrx_word' id='word_1_116' title='bbox 365 1529 435 1582; x_wconf 88' lang='lat' dir='ltr'><strong>aqua</strong></span> <span class='ocrx_word' id='word_1_117' title='bbox 445 1513 590 1568; x_wconf 88' lang='lat' dir='ltr'><strong>benedicta</strong></span> <span class='ocrx_word' id='word_1_118' title='bbox 604 1528 696 1568; x_wconf 88' lang='lat' dir='ltr'><strong>secum</strong></span> <span class='ocrx_word' id='word_1_119' title='bbox 708 1522 856 1582; x_wconf 89' lang='lat' dir='ltr'><strong>assumpta,</strong></span> <span class='ocrx_word' id='word_1_120' title='bbox 869 1516 989 1568; x_wconf 81' lang='lat' dir='ltr'><strong>vestibus</strong></span> <span class='ocrx_word' id='word_1_121' title='bbox 1001 1513 1216 1568; x_wconf 89' lang='lat' dir='ltr'><strong>sacerdotalibus</strong></span> <span class='ocrx_word' id='word_1_122' title='bbox 1227 1513 1308 1567; x_wconf 88' lang='lat' dir='ltr'><strong>indu·</strong></span> 
     </span>
     <span class='ocr_line' id='line_1_13' title="bbox 108 1607 1308 1680; baseline 0.004 -18"><span class='ocrx_word' id='word_1_123' title='bbox 108 1607 164 1662; x_wconf 78' lang='lat' dir='ltr'><strong>biset</strong></span> <span class='ocrx_word' id='word_1_124' title='bbox 172 1614 286 1678; x_wconf 89' lang='lat' dir='ltr'><strong>pluribus</strong></span> <span class='ocrx_word' id='word_1_125' title='bbox 297 1614 420 1668; x_wconf 87' lang='lat' dir='ltr'><strong>candelis</strong></span> <span class='ocrx_word' id='word_1_126' title='bbox 431 1617 458 1667; x_wconf 93' lang='lat' dir='ltr'><strong>in</strong></span> <span class='ocrx_word' id='word_1_127' title='bbox 471 1615 599 1668; x_wconf 87' lang='lat' dir='ltr'><strong>manibus</strong></span> <span class='ocrx_word' id='word_1_128' title='bbox 613 1629 747 1679; x_wconf 80' lang='lat' dir='ltr'><strong>accensis,</strong></span> <span class='ocrx_word' id='word_1_129' title='bbox 768 1616 903 1668; x_wconf 89' lang='lat' dir='ltr'><strong>fenestrae</strong></span> <span class='ocrx_word' id='word_1_130' title='bbox 916 1615 1027 1680; x_wconf 88' lang='lat' dir='ltr'><strong>propius</strong></span> <span class='ocrx_word' id='word_1_131' title='bbox 1037 1614 1167 1667; x_wconf 85' lang='lat' dir='ltr'><strong>accedere</strong></span> <span class='ocrx_word' id='word_1_132' title='bbox 1176 1621 1204 1667; x_wconf 88' lang='lat' dir='ltr'><strong>et</strong></span> <span class='ocrx_word' id='word_1_133' title='bbox 1223 1615 1308 1667; x_wconf 92' lang='lat' dir='ltr'><strong>intro·</strong></span> 
     </span>
     <span class='ocr_line' id='line_1_14' title="bbox 108 1707 1308 1781; baseline 0.003 -19"><span class='ocrx_word' id='word_1_134' title='bbox 108 1707 196 1777; x_wconf 78' lang='lat' dir='ltr'><strong>spicere,</strong></span> <span class='ocrx_word' id='word_1_135' title='bbox 205 1714 270 1780; x_wconf 92' lang='lat' dir='ltr'><strong>quin</strong></span> <span class='ocrx_word' id='word_1_136' title='bbox 283 1715 430 1767; x_wconf 89' lang='lat' dir='ltr'><strong>temerario</strong></span> <span class='ocrx_word' id='word_1_137' title='bbox 439 1727 508 1767; x_wconf 91' lang='lat' dir='ltr'><strong>ausu</strong></span> <span class='ocrx_word' id='word_1_138' title='bbox 517 1715 628 1781; x_wconf 89' lang='lat' dir='ltr'><strong>quo[a]d</strong></span> <span class='ocrx_word' id='word_1_139' title='bbox 639 1718 787 1780; x_wconf 89' lang='lat' dir='ltr'><strong>potuerunt</strong></span> <span class='ocrx_word' id='word_1_140' title='bbox 798 1715 849 1766; x_wconf 89' lang='lat' dir='ltr'><strong>nisi</strong></span> <span class='ocrx_word' id='word_1_141' title='bbox 860 1721 925 1766; x_wconf 91' lang='lat' dir='ltr'><strong>sunt</strong></span> <span class='ocrx_word' id='word_1_142' title='bbox 935 1714 1058 1767; x_wconf 89' lang='lat' dir='ltr'><strong>introire.</strong></span> <span class='ocrx_word' id='word_1_143' title='bbox 1068 1714 1116 1767; x_wconf 87' lang='lat' dir='ltr'><strong>Ubi</strong></span> <span class='ocrx_word' id='word_1_144' title='bbox 1130 1727 1191 1766; x_wconf 91' lang='lat' dir='ltr'><strong>cum</strong></span> <span class='ocrx_word' id='word_1_145' title='bbox 1202 1727 1308 1766; x_wconf 91' lang='lat' dir='ltr'><strong>summa</strong></span> 
     </span>
     <span class='ocr_line' id='line_1_15' title="bbox 106 1801 1308 1880; baseline 0.001 -17"><span class='ocrx_word' id='word_1_146' title='bbox 106 1801 219 1876; x_wconf 68' lang='lat' dir='ltr'><strong>diligenda</strong></span> <span class='ocrx_word' id='word_1_147' title='bbox 229 1826 356 1880; x_wconf 90' lang='lat' dir='ltr'><strong>quaeque</strong></span> <span class='ocrx_word' id='word_1_148' title='bbox 369 1814 442 1867; x_wconf 92' lang='lat' dir='ltr'><strong>intus</strong></span> <span class='ocrx_word' id='word_1_149' title='bbox 454 1820 580 1879; x_wconf 83' lang='lat' dir='ltr'><strong>poterant</strong></span> <span class='ocrx_word' id='word_1_150' title='bbox 591 1813 680 1867; x_wconf 93' lang='lat' dir='ltr'><strong>oculis</strong></span> <span class='ocrx_word' id='word_1_151' title='bbox 700 1814 860 1879; x_wconf 88' lang='lat' dir='ltr'><strong>lustrarent,</strong></span> <span class='ocrx_word' id='word_1_152' title='bbox 878 1814 1092 1880; x_wconf 84' lang='lat' dir='ltr'><strong>pulcherrimum</strong></span> <span class='ocrx_word' id='word_1_153' title='bbox 1113 1812 1267 1867; x_wconf 88' lang='lat' dir='ltr'><strong>aedilicium</strong></span> <span class='ocrx_word' id='word_1_154' title='bbox 1280 1814 1308 1865; x_wconf 94' lang='lat' dir='ltr'><strong>in</strong></span> 
     </span>
     <span class='ocr_line' id='line_1_16' title="bbox 71 1902 1308 1979; baseline 0.012 -29"><span class='ocrx_word' id='word_1_155' title='bbox 71 1902 95 1952; x_wconf 82' lang='lat' dir='ltr'><strong>tt</strong></span> <span class='ocrx_word' id='word_1_156' title='bbox 106 1909 174 1969; x_wconf 84' lang='lat' dir='ltr'><strong>specie</strong></span> <span class='ocrx_word' id='word_1_157' title='bbox 184 1912 330 1979; x_wconf 88' lang='lat' dir='ltr'><strong>superioris</strong></span> <span class='ocrx_word' id='word_1_158' title='bbox 342 1912 460 1979; x_wconf 91' lang='lat' dir='ltr'><strong>sepulcri</strong></span> <span class='ocrx_word' id='word_1_159' title='bbox 472 1927 539 1966; x_wconf 89' lang='lat' dir='ltr'><strong>auro</strong></span> <span class='ocrx_word' id='word_1_160' title='bbox 552 1912 688 1979; x_wconf 90' lang='lat' dir='ltr'><strong>depictum</strong></span> <span class='ocrx_word' id='word_1_161' title='bbox 703 1913 839 1977; x_wconf 87' lang='lat' dir='ltr'><strong>viderunt,</strong></span> <span class='ocrx_word' id='word_1_162' title='bbox 861 1914 939 1979; x_wconf 86' lang='lat' dir='ltr'><strong>eujus</strong></span> <span class='ocrx_word' id='word_1_163' title='bbox 960 1913 1018 1967; x_wconf 92' lang='lat' dir='ltr'><strong>solo</strong></span> <span class='ocrx_word' id='word_1_164' title='bbox 1040 1919 1094 1966; x_wconf 88' lang='lat' dir='ltr'><strong>tres</strong></span> <span class='ocrx_word' id='word_1_165' title='bbox 1114 1914 1223 1966; x_wconf 90' lang='lat' dir='ltr'><strong>tumbae</strong></span> <span class='ocrx_word' id='word_1_166' title='bbox 1235 1926 1308 1965; x_wconf 92' lang='lat' dir='ltr'><strong>mar·</strong></span> 
     </span>
     <span class='ocr_line' id='line_1_17' title="bbox 103 2011 1307 2079; baseline 0.001 -16"><span class='ocrx_word' id='word_1_167' title='bbox 103 2015 188 2064; x_wconf 72' lang='lat' dir='ltr'><strong>boreae</strong></span> <span class='ocrx_word' id='word_1_168' title='bbox 198 2012 388 2078; x_wconf 83' lang='lat' dir='ltr'><strong>cohaerentes,</strong></span> <span class='ocrx_word' id='word_1_169' title='bbox 401 2012 509 2065; x_wconf 88' lang='lat' dir='ltr'><strong>duabus</strong></span> <span class='ocrx_word' id='word_1_170' title='bbox 522 2013 585 2064; x_wconf 91' lang='lat' dir='ltr'><strong>binc</strong></span> <span class='ocrx_word' id='word_1_171' title='bbox 599 2011 663 2065; x_wconf 90' lang='lat' dir='ltr'><strong>inde</strong></span> <span class='ocrx_word' id='word_1_172' title='bbox 676 2013 803 2065; x_wconf 83' lang='lat' dir='ltr'><strong>extremis</strong></span> <span class='ocrx_word' id='word_1_173' title='bbox 816 2013 914 2079; x_wconf 86' lang='lat' dir='ltr'><strong>planis,</strong></span> <span class='ocrx_word' id='word_1_174' title='bbox 930 2013 1018 2065; x_wconf 89' lang='lat' dir='ltr'><strong>media</strong></span> <span class='ocrx_word' id='word_1_175' title='bbox 1029 2014 1057 2064; x_wconf 95' lang='lat' dir='ltr'><strong>in</strong></span> <span class='ocrx_word' id='word_1_176' title='bbox 1079 2012 1248 2079; x_wconf 73' lang='lat' dir='ltr'><strong>pyramidem</strong></span> <span class='ocrx_word' id='word_1_177' title='bbox 1258 2013 1307 2065; x_wconf 88' lang='lat' dir='ltr'><strong>eri·</strong></span> 
     </span>
     <span class='ocr_line' id='line_1_18' title="bbox 100 2104 1488 2190; baseline 0.004 -32"><span class='ocrx_word' id='word_1_178' title='bbox 100 2104 199 2175; x_wconf 68' lang='lat' dir='ltr'><strong>rebatur,</strong></span> <span class='ocrx_word' id='word_1_179' title='bbox 210 2117 239 2164; x_wconf 93' lang='lat' dir='ltr'><strong>et</strong></span> <span class='ocrx_word' id='word_1_180' title='bbox 250 2111 319 2164; x_wconf 90' lang='lat' dir='ltr'><strong>baec</strong></span> <span class='ocrx_word' id='word_1_181' title='bbox 331 2110 429 2164; x_wconf 90' lang='lat' dir='ltr'><strong>eadem</strong></span> <span class='ocrx_word' id='word_1_182' title='bbox 441 2113 545 2165; x_wconf 89' lang='lat' dir='ltr'><strong>catenis</strong></span> <span class='ocrx_word' id='word_1_183' title='bbox 564 2113 651 2164; x_wconf 91' lang='lat' dir='ltr'><strong>tribus</strong></span> <span class='ocrx_word' id='word_1_184' title='bbox 674 2113 779 2180; x_wconf 78' lang='lat' dir='ltr'><strong>magnis</strong></span> <span class='ocrx_word' id='word_1_185' title='bbox 791 2113 888 2166; x_wconf 88' lang='lat' dir='ltr'><strong>ferreis</strong></span> <span class='ocrx_word' id='word_1_186' title='bbox 910 2113 1078 2166; x_wconf 79' lang='lat' dir='ltr'><strong>vinciebatur</strong></span> <span class='ocrx_word' id='word_1_187' title='bbox 1090 2116 1109 2165; x_wconf 77' lang='lat'><strong>⁴.</strong></span> <span class='ocrx_word' id='word_1_188' title='bbox 1132 2115 1216 2177; x_wconf 84' lang='lat' dir='ltr'><strong>Quam</strong></span> <span class='ocrx_word' id='word_1_189' title='bbox 1235 2114 1307 2166; x_wconf 91' lang='lat' dir='ltr'><strong>beati</strong></span> <span class='ocrx_word' id='word_1_190' title='bbox 1332 2112 1418 2190; x_wconf 69' lang='lat' dir='ltr'><strong>&#39;cod</strong></span> <span class='ocrx_word' id='word_1_191' title='bbox 1431 2111 1488 2165; x_wconf 86' lang='lat' dir='ltr'><strong>vin·</strong></span> 
     </span>
     <span class='ocr_line' id='line_1_19' title="bbox 99 2179 1485 2279; baseline 0.004 -19"><span class='ocrx_word' id='word_1_192' title='bbox 99 2201 170 2260; x_wconf 84' lang='lat' dir='ltr'><strong>litorii</strong></span> <span class='ocrx_word' id='word_1_193' title='bbox 182 2210 288 2264; x_wconf 90' lang='lat' dir='ltr'><strong>litterae</strong></span> <span class='ocrx_word' id='word_1_194' title='bbox 302 2224 373 2277; x_wconf 91' lang='lat' dir='ltr'><strong>quae</strong></span> <span class='ocrx_word' id='word_1_195' title='bbox 386 2212 495 2264; x_wconf 90' lang='lat' dir='ltr'><strong>inerant</strong></span> <span class='ocrx_word' id='word_1_196' title='bbox 515 2211 726 2279; x_wconf 89' lang='lat' dir='ltr'><strong>praedicabant;</strong></span> <span class='ocrx_word' id='word_1_197' title='bbox 748 2213 864 2265; x_wconf 90' lang='lat' dir='ltr'><strong>aliorum</strong></span> <span class='ocrx_word' id='word_1_198' title='bbox 886 2213 1004 2266; x_wconf 79' lang='lat' dir='ltr'><strong>(luorum</strong></span> <span class='ocrx_word' id='word_1_199' title='bbox 1025 2212 1181 2267; x_wconf 90' lang='lat' dir='ltr'><strong>inclitorum</strong></span> <span class='ocrx_word' id='word_1_200' title='bbox 1202 2217 1307 2267; x_wconf 88' lang='lat' dir='ltr'><strong>sancto·</strong></span> <span class='ocrx_word' id='word_1_201' title='bbox 1333 2179 1485 2234; x_wconf 57' lang='lat' dir='ltr'><strong>mamm·</strong></span> 
     </span>
     <span class='ocr_line' id='line_1_20' title="bbox 96 2312 1310 2379; baseline 0.005 -19"><span class='ocrx_word' id='word_1_202' title='bbox 96 2313 235 2379; x_wconf 77' lang='lat' dir='ltr'><strong>onerant,</strong></span> <span class='ocrx_word' id='word_1_203' title='bbox 248 2314 376 2379; x_wconf 90' lang='lat' dir='ltr'><strong>quosqui</strong></span> <span class='ocrx_word' id='word_1_204' title='bbox 390 2318 481 2365; x_wconf 90' lang='lat' dir='ltr'><strong>essent</strong></span> <span class='ocrx_word' id='word_1_205' title='bbox 502 2314 595 2379; x_wconf 89' lang='lat' dir='ltr'><strong>paucis</strong></span> <span class='ocrx_word' id='word_1_206' title='bbox 619 2313 760 2366; x_wconf 84' lang='lat' dir='ltr'><strong>dumtaxat</strong></span> <span class='ocrx_word' id='word_1_207' title='bbox 779 2314 844 2366; x_wconf 81' lang='lat' dir='ltr'><strong>viris</strong></span> <span class='ocrx_word' id='word_1_208' title='bbox 865 2313 1076 2378; x_wconf 89' lang='lat' dir='ltr'><strong>committentes,</strong></span> <span class='ocrx_word' id='word_1_209' title='bbox 1100 2326 1134 2366; x_wconf 92' lang='lat' dir='ltr'><strong>ne</strong></span> <span class='ocrx_word' id='word_1_210' title='bbox 1156 2312 1310 2366; x_wconf 75' lang='lat' dir='ltr'><strong>illustribus</strong></span> 
     </span>
     <span class='ocr_line' id='line_1_21' title="bbox 62 2393 1307 2480; baseline 0.006 -21"><span class='ocrx_word' id='word_1_211' title='bbox 62 2393 146 2461; x_wconf 55' lang='lat' dir='ltr'><strong>”locis</strong></span> <span class='ocrx_word' id='word_1_212' title='bbox 161 2411 261 2478; x_wconf 89' lang='lat' dir='ltr'><strong>quibus</strong></span> <span class='ocrx_word' id='word_1_213' title='bbox 281 2411 432 2465; x_wconf 90' lang='lat' dir='ltr'><strong>creduntur</strong></span> <span class='ocrx_word' id='word_1_214' title='bbox 452 2413 546 2466; x_wconf 89' lang='lat' dir='ltr'><strong>baberi</strong></span> <span class='ocrx_word' id='word_1_215' title='bbox 568 2415 696 2480; x_wconf 84' lang='lat' dir='ltr'><strong>injuriam</strong></span> <span class='ocrx_word' id='word_1_216' title='bbox 717 2414 807 2466; x_wconf 88' lang='lat' dir='ltr'><strong>facere</strong></span> <span class='ocrx_word' id='word_1_217' title='bbox 830 2414 999 2479; x_wconf 90' lang='lat' dir='ltr'><strong>viderentur,</strong></span> <span class='ocrx_word' id='word_1_218' title='bbox 1020 2414 1129 2480; x_wconf 88' lang='lat' dir='ltr'><strong>publice</strong></span> <span class='ocrx_word' id='word_1_219' title='bbox 1149 2418 1307 2479; x_wconf 88' lang='lat' dir='ltr'><strong>tacuerunt,</strong></span> 
     </span>
     <span class='ocr_line' id='line_1_22' title="bbox 93 2508 1307 2578; baseline 0.005 -17"><span class='ocrx_word' id='word_1_220' title='bbox 93 2508 145 2570; x_wconf 85' lang='lat' dir='ltr'><strong>quin</strong></span> <span class='ocrx_word' id='word_1_221' title='bbox 156 2511 239 2563; x_wconf 88' lang='lat' dir='ltr'><strong>immo</strong></span> <span class='ocrx_word' id='word_1_222' title='bbox 253 2511 345 2564; x_wconf 83' lang='lat' dir='ltr'><strong>uxoris</strong></span> <span class='ocrx_word' id='word_1_223' title='bbox 355 2511 429 2564; x_wconf 91' lang='lat' dir='ltr'><strong>beati</strong></span> <span class='ocrx_word' id='word_1_224' title='bbox 442 2511 534 2564; x_wconf 86' lang='lat' dir='ltr'><strong>Hilarii</strong></span> <span class='ocrx_word' id='word_1_225' title='bbox 545 2518 573 2565; x_wconf 91' lang='lat' dir='ltr'><strong>et</strong></span> <span class='ocrx_word' id='word_1_226' title='bbox 585 2512 656 2566; x_wconf 92' lang='lat' dir='ltr'><strong>tiliae</strong></span> <span class='ocrx_word' id='word_1_227' title='bbox 678 2526 743 2566; x_wconf 89' lang='lat' dir='ltr'><strong>suae</strong></span> <span class='ocrx_word' id='word_1_228' title='bbox 766 2514 853 2566; x_wconf 75' lang='lat' dir='ltr'><strong>Abrae</strong></span> <span class='ocrx_word' id='word_1_229' title='bbox 876 2527 922 2566; x_wconf 89' lang='lat' dir='ltr'><strong>eas</strong></span> <span class='ocrx_word' id='word_1_230' title='bbox 944 2514 1150 2567; x_wconf 85' lang='lat' dir='ltr'><strong>simulaverunt.</strong></span> <span class='ocrx_word' id='word_1_231' title='bbox 1171 2517 1228 2578; x_wconf 82' lang='lat' dir='ltr'><strong>Quo</strong></span> <span class='ocrx_word' id='word_1_232' title='bbox 1251 2515 1307 2567; x_wconf 89' lang='lat' dir='ltr'><strong>viso</strong></span> 
     </span>
     <span class='ocr_line' id='line_1_23' title="bbox 90 2610 1309 2679; baseline 0.004 -18"><span class='ocrx_word' id='word_1_233' title='bbox 90 2610 185 2675; x_wconf 71' lang='lat' dir='ltr'><strong>messi,</strong></span> <span class='ocrx_word' id='word_1_234' title='bbox 199 2623 257 2663; x_wconf 92' lang='lat' dir='ltr'><strong>non</strong></span> <span class='ocrx_word' id='word_1_235' title='bbox 269 2610 351 2678; x_wconf 76' lang='lat' dir='ltr'><strong>longe</strong></span> <span class='ocrx_word' id='word_1_236' title='bbox 362 2614 422 2676; x_wconf 92' lang='lat' dir='ltr'><strong>post</strong></span> <span class='ocrx_word' id='word_1_237' title='bbox 435 2614 665 2678; x_wconf 88' lang='lat' dir='ltr'><strong>praesumptionis</strong></span> <span class='ocrx_word' id='word_1_238' title='bbox 686 2627 751 2666; x_wconf 89' lang='lat' dir='ltr'><strong>suae</strong></span> <span class='ocrx_word' id='word_1_239' title='bbox 775 2627 862 2679; x_wconf 90' lang='lat' dir='ltr'><strong>poena</strong></span> <span class='ocrx_word' id='word_1_240' title='bbox 885 2619 948 2667; x_wconf 90' lang='lat' dir='ltr'><strong>sunt</strong></span> <span class='ocrx_word' id='word_1_241' title='bbox 973 2614 1087 2666; x_wconf 84' lang='lat' dir='ltr'><strong>multati.</strong></span> <span class='ocrx_word' id='word_1_242' title='bbox 1101 2617 1222 2678; x_wconf 81' lang='lat' dir='ltr'><strong>Quorum</strong></span> <span class='ocrx_word' id='word_1_243' title='bbox 1235 2628 1309 2667; x_wconf 91' lang='lat' dir='ltr'><strong>unus</strong></span> 
     </span>
    </p>
   </div>
   <div class='ocr_carea' id='block_1_3' title="bbox 10 2701 1503 2880">
    <p class='ocr_par' dir='ltr' id='par_1_3' title="bbox 10 2701 1503 2880">
     <span class='ocr_line' id='line_1_24' title="bbox 10 2701 1308 2780; baseline 0.005 -21"><span class='ocrx_word' id='word_1_244' title='bbox 10 2706 13 2759; x_wconf 88' lang='lat' dir='ltr'><strong>l</strong></span> <span class='ocrx_word' id='word_1_245' title='bbox 87 2701 221 2763; x_wconf 79' lang='lat' dir='ltr'><strong>defunctus</strong></span> <span class='ocrx_word' id='word_1_246' title='bbox 242 2711 272 2763; x_wconf 90' lang='lat' dir='ltr'><strong>in</strong></span> <span class='ocrx_word' id='word_1_247' title='bbox 289 2711 377 2777; x_wconf 89' lang='lat' dir='ltr'><strong>brevi,</strong></span> <span class='ocrx_word' id='word_1_248' title='bbox 396 2710 466 2764; x_wconf 90' lang='lat' dir='ltr'><strong>alter</strong></span> <span class='ocrx_word' id='word_1_249' title='bbox 486 2712 657 2777; x_wconf 86' lang='lat' dir='ltr'><strong>obcaecatus,</strong></span> <span class='ocrx_word' id='word_1_250' title='bbox 679 2714 775 2766; x_wconf 91' lang='lat' dir='ltr'><strong>tertius</strong></span> <span class='ocrx_word' id='word_1_251' title='bbox 798 2714 925 2767; x_wconf 90' lang='lat' dir='ltr'><strong>manibus</strong></span> <span class='ocrx_word' id='word_1_252' title='bbox 947 2714 1070 2767; x_wconf 89' lang='lat' dir='ltr'><strong>tremulis</strong></span> <span class='ocrx_word' id='word_1_253' title='bbox 1091 2714 1308 2780; x_wconf 86' lang='lat' dir='ltr'><strong>paralyticnsest</strong></span> 
     </span>
     <span class='ocr_line' id='line_1_25' title="bbox 86 2805 1503 2880; baseline 0.008 -19"><span class='ocrx_word' id='word_1_254' title='bbox 86 2805 197 2863; x_wconf 83' lang='lat' dir='ltr'><strong>efectus.</strong></span> <span class='ocrx_word' id='word_1_255' title='bbox 212 2811 270 2873; x_wconf 81' lang='lat' dir='ltr'><strong>Qua</strong></span> <span class='ocrx_word' id='word_1_256' title='bbox 284 2815 339 2862; x_wconf 90' lang='lat' dir='ltr'><strong>tam</strong></span> <span class='ocrx_word' id='word_1_257' title='bbox 352 2810 490 2864; x_wconf 76' lang='lat' dir='ltr'><strong>‘evidenti</strong></span> <span class='ocrx_word' id='word_1_258' title='bbox 503 2812 740 2866; x_wconf 86' lang='lat' dir='ltr'><strong>animadversione</strong></span> <span class='ocrx_word' id='word_1_259' title='bbox 752 2813 861 2865; x_wconf 78' lang='lat' dir='ltr'><strong>divinae</strong></span> <span class='ocrx_word' id='word_1_260' title='bbox 873 2815 1025 2866; x_wconf 91' lang='lat' dir='ltr'><strong>sententiae</strong></span> <span class='ocrx_word' id='word_1_261' title='bbox 1038 2814 1184 2880; x_wconf 89' lang='lat' dir='ltr'><strong>perterriti,</strong></span> <span class='ocrx_word' id='word_1_262' title='bbox 1198 2828 1230 2867; x_wconf 91' lang='lat' dir='ltr'><strong>ex</strong></span> <span class='ocrx_word' id='word_1_263' title='bbox 1243 2820 1309 2867; x_wconf 90' lang='lat' dir='ltr'><strong>tuno</strong></span> <span class='ocrx_word' id='word_1_264' title='bbox 1322 2805 1381 2872; x_wconf 82' lang='lat' dir='ltr'><strong>&#39;(Q·</strong></span> <span class='ocrx_word' id='word_1_265' title='bbox 1395 2807 1425 2872; x_wconf 80' lang='grc' dir='ltr'><strong>ῑ·)</strong></span> <span class='ocrx_word' id='word_1_266' title='bbox 1437 2805 1503 2860; x_wconf 66' lang='grc' dir='ltr'><strong>θθᾶ·</strong></span> 
     </span>
    </p>
   </div>
   <div class='ocr_carea' id='block_1_4' title="bbox 1353 2874 1467 2936">
    <p class='ocr_par' dir='ltr' id='par_1_4' title="bbox 1353 2874 1467 2936">
     <span class='ocr_line' id='line_1_26' title="bbox 1353 2874 1467 2936; baseline 0.009 -10"><span class='ocrx_word' id='word_1_267' title='bbox 1353 2874 1467 2936; x_wconf 82' lang='lat' dir='ltr'><strong>Quanta.</strong></span> 
     </span>
    </p>
   </div>
   <div class='ocr_carea' id='block_1_5' title="bbox 51 2893 1313 4176">
    <p class='ocr_par' dir='ltr' id='par_1_5' title="bbox 51 2893 1313 4176">
     <span class='ocr_line' id='line_1_27' title="bbox 51 2893 1306 2980; baseline 0.005 -20"><span class='ocrx_word' id='word_1_268' title='bbox 51 2893 161 2976; x_wconf 66' lang='lat' dir='ltr'><strong>23usque</strong></span> <span class='ocrx_word' id='word_1_269' title='bbox 173 2922 250 2963; x_wconf 88' lang='lat' dir='ltr'><strong>nunc</strong></span> <span class='ocrx_word' id='word_1_270' title='bbox 264 2909 332 2962; x_wconf 93' lang='lat' dir='ltr'><strong>nulli</strong></span> <span class='ocrx_word' id='word_1_271' title='bbox 344 2909 441 2962; x_wconf 90' lang='lat' dir='ltr'><strong>cadem</strong></span> <span class='ocrx_word' id='word_1_272' title='bbox 454 2912 616 2980; x_wconf 75' lang='lat' dir='ltr'><strong>investigare</strong></span> <span class='ocrx_word' id='word_1_273' title='bbox 636 2916 699 2964; x_wconf 90' lang='lat' dir='ltr'><strong>sunt</strong></span> <span class='ocrx_word' id='word_1_274' title='bbox 708 2914 777 2977; x_wconf 88' lang='lat' dir='ltr'><strong>ausi,</strong></span> <span class='ocrx_word' id='word_1_275' title='bbox 796 2915 897 2979; x_wconf 88' lang='lat' dir='ltr'><strong>qnippe</strong></span> <span class='ocrx_word' id='word_1_276' title='bbox 910 2927 990 2979; x_wconf 88' lang='lat' dir='ltr'><strong>quern</strong></span> <span class='ocrx_word' id='word_1_277' title='bbox 1011 2925 1026 2965; x_wconf 88' lang='lat' dir='ltr'><strong>a</strong></span> <span class='ocrx_word' id='word_1_278' title='bbox 1045 2913 1141 2966; x_wconf 91' lang='lat' dir='ltr'><strong>dicbus</strong></span> <span class='ocrx_word' id='word_1_279' title='bbox 1153 2915 1239 2966; x_wconf 90' lang='lat' dir='ltr'><strong>sancti</strong></span> <span class='ocrx_word' id='word_1_280' title='bbox 1252 2913 1306 2966; x_wconf 82' lang='lat' dir='ltr'><strong>Fri·</strong></span> 
     </span>
     <span class='ocr_line' id='line_1_28' title="bbox 85 3005 1308 3081; baseline 0.009 -25"><span class='ocrx_word' id='word_1_281' title='bbox 85 3005 159 3062; x_wconf 92' lang='lat' dir='ltr'><strong>dolini</strong></span> <span class='ocrx_word' id='word_1_282' title='bbox 174 3021 232 3061; x_wconf 94' lang='lat' dir='ltr'><strong>non</strong></span> <span class='ocrx_word' id='word_1_283' title='bbox 246 3008 404 3061; x_wconf 89' lang='lat' dir='ltr'><strong>bominibus</strong></span> <span class='ocrx_word' id='word_1_284' title='bbox 416 3009 463 3062; x_wconf 91' lang='lat' dir='ltr'><strong>sed</strong></span> <span class='ocrx_word' id='word_1_285' title='bbox 473 3011 577 3078; x_wconf 82' lang='lat' dir='ltr'><strong>angelis</strong></span> <span class='ocrx_word' id='word_1_286' title='bbox 590 3012 655 3064; x_wconf 91' lang='lat' dir='ltr'><strong>solis</strong></span> <span class='ocrx_word' id='word_1_287' title='bbox 667 3014 701 3066; x_wconf 93' lang='lat' dir='ltr'><strong>dc</strong></span> <span class='ocrx_word' id='word_1_288' title='bbox 714 3014 839 3078; x_wconf 88' lang='lat' dir='ltr'><strong>sepulcro</strong></span> <span class='ocrx_word' id='word_1_289' title='bbox 862 3026 911 3066; x_wconf 89' lang='lat' dir='ltr'><strong>suo</strong></span> <span class='ocrx_word' id='word_1_290' title='bbox 926 3026 1033 3067; x_wconf 86' lang='lat' dir='ltr'><strong>movere</strong></span> <span class='ocrx_word' id='word_1_291' title='bbox 1056 3020 1082 3066; x_wconf 90' lang='lat' dir='ltr'><strong>et</strong></span> <span class='ocrx_word' id='word_1_292' title='bbox 1095 3015 1122 3065; x_wconf 95' lang='lat' dir='ltr'><strong>in</strong></span> <span class='ocrx_word' id='word_1_293' title='bbox 1140 3014 1199 3066; x_wconf 92' lang='lat' dir='ltr'><strong>loeo</strong></span> <span class='ocrx_word' id='word_1_294' title='bbox 1211 3015 1240 3066; x_wconf 89' lang='lat' dir='ltr'><strong>in</strong></span> <span class='ocrx_word' id='word_1_295' title='bbox 1253 3027 1308 3081; x_wconf 92' lang='lat' dir='ltr'><strong>quo</strong></span> 
     </span>
     <span class='ocr_line' id='line_1_29' title="bbox 84 3107 1308 3179; baseline 0.007 -23"><span class='ocrx_word' id='word_1_296' title='bbox 84 3115 149 3160; x_wconf 89' lang='lat' dir='ltr'><strong>nunc</strong></span> <span class='ocrx_word' id='word_1_297' title='bbox 160 3114 203 3160; x_wconf 87' lang='lat' dir='ltr'><strong>est</strong></span> <span class='ocrx_word' id='word_1_298' title='bbox 217 3107 366 3160; x_wconf 89' lang='lat' dir='ltr'><strong>transferre</strong></span> <span class='ocrx_word' id='word_1_299' title='bbox 379 3109 408 3160; x_wconf 93' lang='lat' dir='ltr'><strong>in</strong></span> <span class='ocrx_word' id='word_1_300' title='bbox 420 3109 545 3175; x_wconf 86' lang='lat' dir='ltr'><strong>ejusdcm</strong></span> <span class='ocrx_word' id='word_1_301' title='bbox 558 3112 643 3163; x_wconf 87' lang='lat' dir='ltr'><strong>sancti</strong></span> <span class='ocrx_word' id='word_1_302' title='bbox 666 3113 718 3164; x_wconf 80' lang='lat' dir='ltr'><strong>rita</strong></span> <span class='ocrx_word' id='word_1_303' title='bbox 740 3112 834 3178; x_wconf 79' lang='lat' dir='ltr'><strong>legunt</strong></span> <span class='ocrx_word' id='word_1_304' title='bbox 855 3112 975 3178; x_wconf 88' lang='lat' dir='ltr'><strong>licuisse,</strong></span> <span class='ocrx_word' id='word_1_305' title='bbox 998 3111 1178 3165; x_wconf 89' lang='lat' dir='ltr'><strong>nibilominus</strong></span> <span class='ocrx_word' id='word_1_306' title='bbox 1190 3118 1216 3165; x_wconf 90' lang='lat' dir='ltr'><strong>ct</strong></span> <span class='ocrx_word' id='word_1_307' title='bbox 1230 3126 1308 3179; x_wconf 90' lang='lat' dir='ltr'><strong>prae-</strong></span> 
     </span>
     <span class='ocr_line' id='line_1_30' title="bbox 84 3203 1311 3278; baseline 0.007 -22"><span class='ocrx_word' id='word_1_308' title='bbox 84 3203 162 3260; x_wconf 90' lang='lat' dir='ltr'><strong>dictos</strong></span> <span class='ocrx_word' id='word_1_309' title='bbox 174 3206 334 3260; x_wconf 88' lang='lat' dir='ltr'><strong>sacerdotes</strong></span> <span class='ocrx_word' id='word_1_310' title='bbox 346 3207 470 3261; x_wconf 89' lang='lat' dir='ltr'><strong>illicitam</strong></span> <span class='ocrx_word' id='word_1_311' title='bbox 482 3212 733 3276; x_wconf 91' lang='lat' dir='ltr'><strong>praesumptionem</strong></span> <span class='ocrx_word' id='word_1_312' title='bbox 746 3224 824 3264; x_wconf 86' lang='lat' dir='ltr'><strong>suam</strong></span> <span class='ocrx_word' id='word_1_313' title='bbox 837 3216 892 3263; x_wconf 92' lang='lat' dir='ltr'><strong>tam</strong></span> <span class='ocrx_word' id='word_1_314' title='bbox 902 3213 955 3265; x_wconf 92' lang='lat' dir='ltr'><strong>cito</strong></span> <span class='ocrx_word' id='word_1_315' title='bbox 968 3219 995 3265; x_wconf 92' lang='lat' dir='ltr'><strong>et</strong></span> <span class='ocrx_word' id='word_1_316' title='bbox 1007 3213 1046 3265; x_wconf 93' lang='lat' dir='ltr'><strong>sic</strong></span> <span class='ocrx_word' id='word_1_317' title='bbox 1057 3218 1182 3278; x_wconf 88' lang='lat' dir='ltr'><strong>patenter</strong></span> <span class='ocrx_word' id='word_1_318' title='bbox 1195 3212 1311 3265; x_wconf 91' lang='lat' dir='ltr'><strong>audiunt</strong></span> 
     </span>
     <span class='ocr_line' id='line_1_31' title="bbox 85 3303 1310 3378; baseline 0.007 -22"><span class='ocrx_word' id='word_1_319' title='bbox 85 3303 168 3360; x_wconf 87' lang='lat' dir='ltr'><strong>luisse.</strong></span> <span class='ocrx_word' id='word_1_320' title='bbox 182 3309 221 3360; x_wconf 82' lang='lat' dir='ltr'><strong>lte</strong></span> <span class='ocrx_word' id='word_1_321' title='bbox 233 3307 334 3374; x_wconf 89' lang='lat' dir='ltr'><strong>quibus</strong></span> <span class='ocrx_word' id='word_1_322' title='bbox 348 3308 557 3374; x_wconf 87' lang='lat' dir='ltr'><strong>profeclodatur</strong></span> <span class='ocrx_word' id='word_1_323' title='bbox 570 3310 690 3378; x_wconf 83' lang='lat' dir='ltr'><strong>intellegi</strong></span> <span class='ocrx_word' id='word_1_324' title='bbox 709 3312 804 3378; x_wconf 90' lang='lat' dir='ltr'><strong>quanti</strong></span> <span class='ocrx_word' id='word_1_325' title='bbox 825 3312 859 3362; x_wconf 92' lang='lat' dir='ltr'><strong>sit</strong></span> <span class='ocrx_word' id='word_1_326' title='bbox 879 3310 953 3364; x_wconf 88' lang='lat' dir='ltr'><strong>idern</strong></span> <span class='ocrx_word' id='word_1_327' title='bbox 975 3313 1115 3364; x_wconf 90' lang='lat' dir='ltr'><strong>confessor</strong></span> <span class='ocrx_word' id='word_1_328' title='bbox 1135 3312 1207 3378; x_wconf 88' lang='lat' dir='ltr'><strong>apud</strong></span> <span class='ocrx_word' id='word_1_329' title='bbox 1227 3315 1310 3365; x_wconf 80' lang='lat' dir='ltr'><strong>licum</strong></span> 
     </span>
     <span class='ocr_line' id='line_1_32' title="bbox 51 3398 1311 3480; baseline 0.006 -24"><span class='ocrx_word' id='word_1_330' title='bbox 51 3398 73 3449; x_wconf 65' lang='grc' dir='ltr'><strong>ὅθ</strong></span> <span class='ocrx_word' id='word_1_331' title='bbox 86 3408 269 3474; x_wconf 90' lang='lat' dir='ltr'><strong>neriti,quem</strong></span> <span class='ocrx_word' id='word_1_332' title='bbox 282 3420 334 3460; x_wconf 88' lang='lat' dir='ltr'><strong>nec</strong></span> <span class='ocrx_word' id='word_1_333' title='bbox 346 3408 380 3460; x_wconf 92' lang='lat' dir='ltr'><strong>ab</strong></span> <span class='ocrx_word' id='word_1_334' title='bbox 393 3409 550 3463; x_wconf 87' lang='lat' dir='ltr'><strong>bominibus</strong></span> <span class='ocrx_word' id='word_1_335' title='bbox 562 3411 602 3463; x_wconf 91' lang='lat' dir='ltr'><strong>fas</strong></span> <span class='ocrx_word' id='word_1_336' title='bbox 614 3412 649 3462; x_wconf 89' lang='lat' dir='ltr'><strong>sit</strong></span> <span class='ocrx_word' id='word_1_337' title='bbox 658 3413 730 3478; x_wconf 80' lang='lat' dir='ltr'><strong>tangi</strong></span> <span class='ocrx_word' id='word_1_338' title='bbox 745 3425 794 3464; x_wconf 90' lang='lat' dir='ltr'><strong>nco</strong></span> <span class='ocrx_word' id='word_1_339' title='bbox 807 3412 903 3464; x_wconf 89' lang='lat' dir='ltr'><strong>saltem</strong></span> <span class='ocrx_word' id='word_1_340' title='bbox 916 3412 1052 3465; x_wconf 89' lang='lat' dir='ltr'><strong>tumulum</strong></span> <span class='ocrx_word' id='word_1_341' title='bbox 1065 3413 1115 3465; x_wconf 94' lang='lat' dir='ltr'><strong>sub</strong></span> <span class='ocrx_word' id='word_1_342' title='bbox 1128 3426 1181 3479; x_wconf 91' lang='lat' dir='ltr'><strong>quo</strong></span> <span class='ocrx_word' id='word_1_343' title='bbox 1194 3414 1311 3480; x_wconf 86' lang='lat' dir='ltr'><strong>quiescit</strong></span> 
     </span>
     <span class='ocr_line' id='line_1_33' title="bbox 87 3501 1312 3579; baseline 0.008 -23"><span class='ocrx_word' id='word_1_344' title='bbox 87 3501 157 3559; x_wconf 86' lang='lat' dir='ltr'><strong>liceat</strong></span> <span class='ocrx_word' id='word_1_345' title='bbox 169 3507 286 3572; x_wconf 88' lang='lat' dir='ltr'><strong>impune</strong></span> <span class='ocrx_word' id='word_1_346' title='bbox 300 3508 396 3572; x_wconf 85' lang='lat' dir='ltr'><strong>videri,</strong></span> <span class='ocrx_word' id='word_1_347' title='bbox 418 3508 538 3574; x_wconf 83' lang='lat' dir='ltr'><strong>indeque</strong></span> <span class='ocrx_word' id='word_1_348' title='bbox 558 3515 585 3561; x_wconf 91' lang='lat' dir='ltr'><strong>ct</strong></span> <span class='ocrx_word' id='word_1_349' title='bbox 606 3509 678 3576; x_wconf 88' lang='lat' dir='ltr'><strong>quod</strong></span> <span class='ocrx_word' id='word_1_350' title='bbox 700 3510 792 3563; x_wconf 88' lang='lat' dir='ltr'><strong>nullae</strong></span> <span class='ocrx_word' id='word_1_351' title='bbox 814 3511 849 3564; x_wconf 93' lang='lat' dir='ltr'><strong>de</strong></span> <span class='ocrx_word' id='word_1_352' title='bbox 861 3525 976 3577; x_wconf 88' lang='lat' dir='ltr'><strong>corpore</strong></span> <span class='ocrx_word' id='word_1_353' title='bbox 996 3525 1045 3564; x_wconf 91' lang='lat' dir='ltr'><strong>suo</strong></span> <span class='ocrx_word' id='word_1_354' title='bbox 1065 3513 1195 3579; x_wconf 77' lang='lat' dir='ltr'><strong>reliquiae</strong></span> <span class='ocrx_word' id='word_1_355' title='bbox 1215 3526 1312 3579; x_wconf 80' lang='lat' dir='ltr'><strong>usque</strong></span> 
     </span>
     <span class='ocr_line' id='line_1_34' title="bbox 88 3606 1311 3678; baseline 0.007 -20"><span class='ocrx_word' id='word_1_356' title='bbox 88 3617 187 3673; x_wconf 87' lang='lat' dir='ltr'><strong>quaque</strong></span> <span class='ocrx_word' id='word_1_357' title='bbox 201 3606 339 3659; x_wconf 84' lang='lat' dir='ltr'><strong>habentur</strong></span> <span class='ocrx_word' id='word_1_358' title='bbox 353 3624 359 3660; x_wconf 92' lang='lat'>:</span> <span class='ocrx_word' id='word_1_359' title='bbox 374 3607 446 3674; x_wconf 90' lang='lat' dir='ltr'><strong>quod</strong></span> <span class='ocrx_word' id='word_1_360' title='bbox 459 3609 553 3675; x_wconf 92' lang='lat' dir='ltr'><strong>utique</strong></span> <span class='ocrx_word' id='word_1_361' title='bbox 567 3609 601 3660; x_wconf 90' lang='lat' dir='ltr'><strong>de</strong></span> <span class='ocrx_word' id='word_1_362' title='bbox 614 3610 671 3662; x_wconf 91' lang='lat' dir='ltr'><strong>sola</strong></span> <span class='ocrx_word' id='word_1_363' title='bbox 684 3611 728 3662; x_wconf 87' lang='lat' dir='ltr'><strong>bei</strong></span> <span class='ocrx_word' id='word_1_364' title='bbox 741 3612 872 3678; x_wconf 75' lang='lat' dir='ltr'><strong>genitrice</strong></span> <span class='ocrx_word' id='word_1_365' title='bbox 886 3612 1002 3678; x_wconf 81' lang='lat' dir='ltr'><strong>gloriosa</strong></span> <span class='ocrx_word' id='word_1_366' title='bbox 1012 3617 1039 3664; x_wconf 89' lang='lat' dir='ltr'><strong>et</strong></span> <span class='ocrx_word' id='word_1_367' title='bbox 1051 3612 1085 3664; x_wconf 91' lang='lat' dir='ltr'><strong>dc</strong></span> <span class='ocrx_word' id='word_1_368' title='bbox 1095 3613 1174 3666; x_wconf 90' lang='lat' dir='ltr'><strong>beato</strong></span> <span class='ocrx_word' id='word_1_369' title='bbox 1187 3613 1311 3666; x_wconf 82' lang='lat' dir='ltr'><strong>tobanne</strong></span> 
     </span>
     <span class='ocr_line' id='line_1_35' title="bbox 88 3706 1313 3779; baseline 0.01 -26"><span class='ocrx_word' id='word_1_370' title='bbox 88 3706 244 3773; x_wconf 75' lang='lat' dir='ltr'><strong>evangelista</strong></span> <span class='ocrx_word' id='word_1_371' title='bbox 258 3707 464 3771; x_wconf 87' lang='lat' dir='ltr'><strong>hujuscustode</strong></span> <span class='ocrx_word' id='word_1_372' title='bbox 477 3708 555 3761; x_wconf 89' lang='lat' dir='ltr'><strong>aede</strong></span> <span class='ocrx_word' id='word_1_373' title='bbox 569 3709 651 3761; x_wconf 93' lang='lat' dir='ltr'><strong>nullis</strong></span> <span class='ocrx_word' id='word_1_374' title='bbox 664 3709 724 3761; x_wconf 90' lang='lat' dir='ltr'><strong>aliis</strong></span> <span class='ocrx_word' id='word_1_375' title='bbox 747 3711 847 3762; x_wconf 89' lang='lat' dir='ltr'><strong>sanctis</strong></span> <span class='ocrx_word' id='word_1_376' title='bbox 863 3712 1011 3764; x_wconf 82' lang='lat' dir='ltr'><strong>invenitur.</strong></span> <span class='ocrx_word' id='word_1_377' title='bbox 1025 3715 1124 3765; x_wconf 87' lang='lat' dir='ltr'><strong>verum</strong></span> <span class='ocrx_word' id='word_1_378' title='bbox 1133 3712 1171 3763; x_wconf 92' lang='lat' dir='ltr'><strong>illi</strong></span> <span class='ocrx_word' id='word_1_379' title='bbox 1182 3713 1238 3779; x_wconf 83' lang='lat' dir='ltr'><strong>jam</strong></span> <span class='ocrx_word' id='word_1_380' title='bbox 1257 3726 1313 3765; x_wconf 89' lang='lat' dir='ltr'><strong>sur·</strong></span> 
     </span>
     <span class='ocr_line' id='line_1_36' title="bbox 91 3805 1311 3878; baseline 0.01 -26"><span class='ocrx_word' id='word_1_381' title='bbox 91 3805 181 3859; x_wconf 82' lang='lat' dir='ltr'><strong>rexisse</strong></span> <span class='ocrx_word' id='word_1_382' title='bbox 194 3820 209 3858; x_wconf 88' lang='lat' dir='ltr'><strong>a</strong></span> <span class='ocrx_word' id='word_1_383' title='bbox 223 3806 365 3859; x_wconf 91' lang='lat' dir='ltr'><strong>nonnullis</strong></span> <span class='ocrx_word' id='word_1_384' title='bbox 386 3808 553 3872; x_wconf 73' lang='lat' dir='ltr'><strong>creduntur,</strong></span> <span class='ocrx_word' id='word_1_385' title='bbox 577 3809 693 3876; x_wconf 89' lang='lat' dir='ltr'><strong>ideoque</strong></span> <span class='ocrx_word' id='word_1_386' title='bbox 714 3811 747 3862; x_wconf 86' lang='lat' dir='ltr'><strong>od</strong></span> <span class='ocrx_word' id='word_1_387' title='bbox 768 3811 882 3877; x_wconf 82' lang='lat' dir='ltr'><strong>gloriam</strong></span> <span class='ocrx_word' id='word_1_388' title='bbox 906 3811 1113 3864; x_wconf 88' lang='lat' dir='ltr'><strong>resurrectionis</strong></span> <span class='ocrx_word' id='word_1_389' title='bbox 1134 3812 1168 3864; x_wconf 87' lang='lat' dir='ltr'><strong>tle</strong></span> <span class='ocrx_word' id='word_1_390' title='bbox 1190 3812 1255 3878; x_wconf 88' lang='lat' dir='ltr'><strong>ipsis</strong></span> <span class='ocrx_word' id='word_1_391' title='bbox 1269 3813 1311 3864; x_wconf 82' lang='lat' dir='ltr'><strong>liic</strong></span> 
     </span>
     <span class='ocr_line' id='line_1_37' title="bbox 57 3893 1311 3975; baseline 0.009 -24"><span class='ocrx_word' id='word_1_392' title='bbox 57 3893 207 3965; x_wconf 61' lang='lat' dir='ltr'><strong>dicicitur,</strong></span> <span class='ocrx_word' id='word_1_393' title='bbox 227 3904 303 3970; x_wconf 91' lang='lat' dir='ltr'><strong>quod</strong></span> <span class='ocrx_word' id='word_1_394' title='bbox 322 3904 401 3958; x_wconf 89' lang='lat' dir='ltr'><strong>beato</strong></span> <span class='ocrx_word' id='word_1_395' title='bbox 424 3906 524 3959; x_wconf 87' lang='lat' dir='ltr'><strong>llilario</strong></span> <span class='ocrx_word' id='word_1_396' title='bbox 546 3907 574 3958; x_wconf 94' lang='lat' dir='ltr'><strong>in</strong></span> <span class='ocrx_word' id='word_1_397' title='bbox 597 3908 675 3959; x_wconf 87' lang='lat' dir='ltr'><strong>terris</strong></span> <span class='ocrx_word' id='word_1_398' title='bbox 697 3908 786 3960; x_wconf 87' lang='lat' dir='ltr'><strong>adbuc</strong></span> <span class='ocrx_word' id='word_1_399' title='bbox 805 3922 920 3975; x_wconf 86' lang='lat' dir='ltr'><strong>corpore</strong></span> <span class='ocrx_word' id='word_1_400' title='bbox 945 3911 1066 3962; x_wconf 90' lang='lat' dir='ltr'><strong>manenti</strong></span> <span class='ocrx_word' id='word_1_401' title='bbox 1090 3910 1124 3962; x_wconf 90' lang='lat' dir='ltr'><strong>ad</strong></span> <span class='ocrx_word' id='word_1_402' title='bbox 1151 3911 1311 3962; x_wconf 86' lang='lat' dir='ltr'><strong>meritorum</strong></span> 
     </span>
     <span class='ocr_line' id='line_1_38' title="bbox 93 4003 1311 4075; baseline 0.01 -25"><span class='ocrx_word' id='word_1_403' title='bbox 93 4003 270 4056; x_wconf 83' lang='lat' dir='ltr'><strong>excellentiam</strong></span> <span class='ocrx_word' id='word_1_404' title='bbox 286 4004 444 4069; x_wconf 88' lang='lat' dir='ltr'><strong>imputatur.</strong></span> <span class='ocrx_word' id='word_1_405' title='bbox 458 4007 529 4058; x_wconf 87' lang='lat' dir='ltr'><strong>llaec</strong></span> <span class='ocrx_word' id='word_1_406' title='bbox 542 4004 576 4057; x_wconf 88' lang='lat' dir='ltr'><strong>de</strong></span> <span class='ocrx_word' id='word_1_407' title='bbox 588 4007 660 4059; x_wconf 90' lang='lat' dir='ltr'><strong>beati</strong></span> <span class='ocrx_word' id='word_1_408' title='bbox 685 4007 778 4059; x_wconf 89' lang='lat' dir='ltr'><strong>llilarii</strong></span> <span class='ocrx_word' id='word_1_409' title='bbox 790 4008 916 4075; x_wconf 82' lang='lat' dir='ltr'><strong>gloriosis</strong></span> <span class='ocrx_word' id='word_1_410' title='bbox 936 4009 1065 4074; x_wconf 91' lang='lat' dir='ltr'><strong>operibus</strong></span> <span class='ocrx_word' id='word_1_411' title='bbox 1083 4022 1114 4062; x_wconf 87' lang='lat' dir='ltr'><strong>ac</strong></span> <span class='ocrx_word' id='word_1_412' title='bbox 1132 4011 1311 4062; x_wconf 89' lang='lat' dir='ltr'><strong>sacrosanctis</strong></span> 
     </span>
     <span class='ocr_line' id='line_1_39' title="bbox 96 4101 1310 4176; baseline 0.01 -27"><span class='ocrx_word' id='word_1_413' title='bbox 96 4102 201 4154; x_wconf 87' lang='lat' dir='ltr'><strong>moribus</strong></span> <span class='ocrx_word' id='word_1_414' title='bbox 216 4115 304 4168; x_wconf 89' lang='lat' dir='ltr'><strong>pauca</strong></span> <span class='ocrx_word' id='word_1_415' title='bbox 319 4101 353 4154; x_wconf 91' lang='lat' dir='ltr'><strong>de</strong></span> <span class='ocrx_word' id='word_1_416' title='bbox 364 4103 457 4156; x_wconf 88' lang='lat' dir='ltr'><strong>multis</strong></span> <span class='ocrx_word' id='word_1_417' title='bbox 469 4105 503 4157; x_wconf 92' lang='lat' dir='ltr'><strong>ad</strong></span> <span class='ocrx_word' id='word_1_418' title='bbox 517 4105 658 4158; x_wconf 85' lang='lat' dir='ltr'><strong>vitandum</strong></span> <span class='ocrx_word' id='word_1_419' title='bbox 672 4106 833 4172; x_wconf 86' lang='lat' dir='ltr'><strong>prolixitatis</strong></span> <span class='ocrx_word' id='word_1_420' title='bbox 847 4106 965 4160; x_wconf 88' lang='lat' dir='ltr'><strong>taedium</strong></span> <span class='ocrx_word' id='word_1_421' title='bbox 979 4109 1085 4174; x_wconf 88' lang='lat' dir='ltr'><strong>scripsi.</strong></span> <span class='ocrx_word' id='word_1_422' title='bbox 1100 4111 1129 4161; x_wconf 94' lang='lat' dir='ltr'><strong>ln</strong></span> <span class='ocrx_word' id='word_1_423' title='bbox 1141 4122 1196 4175; x_wconf 88' lang='lat' dir='ltr'><strong>quo</strong></span> <span class='ocrx_word' id='word_1_424' title='bbox 1209 4110 1231 4160; x_wconf 90' lang='lat' dir='ltr'><strong>si</strong></span> <span class='ocrx_word' id='word_1_425' title='bbox 1244 4109 1310 4176; x_wconf 90' lang='lat' dir='ltr'><strong>quid</strong></span> 
     </span>
    </p>
   </div>
   <div class='ocr_carea' id='block_1_6' title="bbox 99 4201 1311 4367">
    <p class='ocr_par' dir='ltr' id='par_1_6' title="bbox 99 4201 1311 4367">
     <span class='ocr_line' id='line_1_40' title="bbox 99 4201 1311 4277; baseline 0.013 -31"><span class='ocrx_word' id='word_1_426' title='bbox 99 4201 196 4265; x_wconf 83' lang='lat' dir='ltr'><strong>excessi,</strong></span> <span class='ocrx_word' id='word_1_427' title='bbox 207 4201 350 4269; x_wconf 75' lang='lat' dir='ltr'><strong>indulgeat</strong></span> <span class='ocrx_word' id='word_1_428' title='bbox 362 4203 419 4268; x_wconf 91' lang='lat' dir='ltr'><strong>ipse</strong></span> <span class='ocrx_word' id='word_1_429' title='bbox 432 4204 507 4268; x_wconf 90' lang='lat' dir='ltr'><strong>mibi,</strong></span> <span class='ocrx_word' id='word_1_430' title='bbox 521 4218 634 4272; x_wconf 83' lang='lat' dir='ltr'><strong>quaeso,</strong></span> <span class='ocrx_word' id='word_1_431' title='bbox 647 4207 725 4272; x_wconf 75' lang='lat' dir='ltr'><strong>quus</strong></span> <span class='ocrx_word' id='word_1_432' title='bbox 738 4207 884 4261; x_wconf 90' lang='lat' dir='ltr'><strong>dilectione</strong></span> <span class='ocrx_word' id='word_1_433' title='bbox 896 4222 928 4261; x_wconf 87' lang='lat' dir='ltr'><strong>ac</strong></span> <span class='ocrx_word' id='word_1_434' title='bbox 939 4209 1083 4262; x_wconf 87' lang='lat' dir='ltr'><strong>devotione</strong></span> <span class='ocrx_word' id='word_1_435' title='bbox 1096 4209 1224 4277; x_wconf 76' lang='lat' dir='ltr'><strong>indignus</strong></span> <span class='ocrx_word' id='word_1_436' title='bbox 1237 4212 1311 4262; x_wconf 85' lang='lat' dir='ltr'><strong>tanta</strong></span> 
     </span>
     <span class='ocr_line' id='line_1_41' title="bbox 102 4302 257 4367; baseline -0.013 -11"><span class='ocrx_word' id='word_1_437' title='bbox 102 4302 257 4367; x_wconf 84' lang='lat' dir='ltr'><strong>ltaesumpsi.</strong></span> 
     </span>
    </p>
   </div>
   <div class='ocr_carea' id='block_1_7' title="bbox 0 0 1665 5482">
    <p class='ocr_par' dir='ltr' id='par_1_7' title="bbox 0 0 1665 5482">
     <span class='ocr_line' id='line_1_42' title="bbox 0 0 1665 5482; baseline 0 0"><span class='ocrx_word' id='word_1_438' title='bbox 0 0 1665 5482; x_wconf 95' lang='lat' dir='ltr'><strong> </strong></span> 
     </span>
    </p>
   </div>
  </div>
 </body>
</html>
