3316 5482
293 382 387 432 nien.
406 383 490 435 nar.
509 385 626 435 ranis.
645 406 691 417 —
706 386 860 439 sereno.
879 390 926 439 nn
943 390 1021 440 con.
1042 387 1133 441 rosis.
1266 374 1333 441 619

249 559 289 630 et
306 552 471 631 aliarum
489 555 702 634 multarum
717 559 767 636 de
784 559 970 638 societate
987 566 1141 638 sanctae
1155 559 1330 658 Ursulae,

250 677 470 779 conscripta
488 702 560 780 per
577 682 775 781 quendam
807 682 1052 762 sacerdotem
1078 685 1132 783 lut
1156 690 1332 785 apparet,

249 802 510 900 lohannitam)
529 812 900 906 contemporaneum
919 808 1037 907 hujus
1055 813 1184 909 gestae
1203 809 1272 892 rei.
1292 815 1334 886 ut

134 930 137 935 '
246 934 351 1027 patet
365 950 412 1004 ex
429 928 502 1004 hac
516 927 600 1028 ipsa
618 929 793 1026 historia,
812 954 913 1011 anno
933 932 1028 1009 1327
1046 932 1122 1032 (iol.
1158 931 1328 1032 80V-84V).

132 1059 182 1112 lid.
196 1071 239 1125 ap.
254 1061 356 1122 liessel,
379 1073 423 1125 op.
449 1061 505 1123 cit,
530 1075 555 1127 p.
575 1062 679 1114 ioli-li.
696 1061 825 1128 Sequitur
843 1064 900 1127 (iol.
921 1066 1029 1127 stit-87¹)
1056 1065 1124 1118 Vita
1144 1065 1332 1120 venerabilis

90 1158 219 1212 donnini
225 1159 373 1225 acpatris
384 1160 472 1212 Petri
482 1160 647 1227 Dortaudi,
659 1161 889 1216 carthusiensis
898 1162 1020 1217 ordinis
1032 1164 1143 1218 domus
1152 1165 1330 1230 Diestensis,

87 1270 156 1326 per
168 1257 259 1311 illius
271 1259 450 1325 conscripta
463 1258 662 1327 discipulum.

199 1355 238 1432 9⁰
267 1349 413 1460 [Passio
431 1363 585 1435 sanctae
605 1356 807 1460 Cordulae]
824 1357 901 1458 (iol.
924 1357 1091 1460 89r-9l‘l.

134 1488 181 1541 lid.
194 1490 259 1543 Act.
272 1490 328 1552 85,
342 1488 386 1542 ad.
399 1489 427 1541 d.
440 1492 470 1542 il
485 1491 553 1553 Oct,
566 1496 631 1543 tom.
647 1493 688 1558 lx,
702 1506 728 1557 p.
744 1493 843 1553 loa-oe,
858 1505 933 1545 num.
949 1494 1032 1545 iti-at.

200 1587 263 1664 10⁰
289 1587 372 1666 Vita
391 1593 544 1666 sanctae
563 1596 602 1666 et
632 1588 824 1689 gloriosae
844 1589 1025 1668 Bilhildis
1054 1590 1132 1690 (fol.
1155 1589 1326 1690 93299l).

135 1692 252 1778 inedita,
265 1717 296 1765 ut
307 1713 424 1766 videtur.
437 1711 495 1765 vid.
509 1714 632 1779 append.

200 1812 264 1886 ll⁰
289 1811 467 1912 Legenda
485 1813 608 1891 sancti
623 1812 818 1892 Simeonis
831 1813 1064 1893 confessoris
1083 1815 1328 1894 Treverensis

249 1934 326 2035 (iol.
350 1934 566 2035 illiti-lidi).

132 2071 249 2123 Auctore
261 2069 414 2136 liternino,
425 2069 468 2122 ed.
483 2070 546 2124 Act.
560 2070 618 2136 di,
631 2068 665 2123 ad
678 2069 704 2121 d.
720 2071 731 2121 l
753 2072 829 2136 lum,
844 2075 909 2123 tom.
924 2071 945 2136 Ι,
959 2085 986 2135 p.
1008 2071 1095 2123 sit-ot.
1109 2071 1166 2122 Om.
1191 2071 1328 2139 prologus.

430 2456 637 2567 Appendix
658 2454 707 2542 ad
728 2455 812 2543 cod·
834 2455 984 2548 10875.

180 2676 362 2745 Mrnncuun
385 2695 532 2742 seuerae
557 2677 739 2744 Connuma
763 2676 844 2764 (Cir.
865 2698 975 2765 supra,
996 2697 1069 2764 pag.
1090 2677 1169 2757 618,
1190 2673 1248 2763 7⁰).

133 2868 159 2919 1.
174 2863 320 2918 sciendum
333 2863 458 2930 estquod
471 2877 544 2916 anno
563 2864 669 2918 Domini
683 2877 701 2917 n
715 2876 745 2919 cc
755 2877 829 2932 lxm,
843 2869 905 2930 post
920 2864 1106 2918 inventionem
1119 2864 1214 2915 beatae
1227 2859 1329 2914 Cordu-

99 2966 143 3017 lae
163 2966 273 3031 reginae
287 2964 315 3016 in
327 2977 401 3017 anno
413 2968 520 3030 quarto,
534 2964 687 3030 Gertrudis,
701 2964 756 3017 iilia
775 2965 921 3018 llermanni
935 2970 962 3018 et
973 2963 1113 3017 Gertrudis
1125 2963 1213 3015 bonae
1230 2972 1329 3013 memo

103 3066 171 3129 riae,
183 3064 218 3117 de
238 3064 302 3117 villa
322 3064 490 3126 Bredlrusen,
503 3063 532 3116 in
554 3065 681 3130 parochia
701 3066 854 3118 liomberclr
869 3077 953 3131 prope
976 3065 1128 3132 Rattingen,
1142 3074 1252 3116 morans
1268 3073 1330 3113 cum

66 3166 204 3220 tidomna
216 3164 338 3217 Bentrice
358 3165 387 3216 in
404 3171 493 3218 castro
514 3166 647 3231 Bacheym
665 3166 742 3231 Juxta
764 3168 895 3232 Urregen,
910 3164 1001 3217 febres
1020 3163 1137 3231 graviter
1158 3161 1264 3227 patiens
1282 3172 1331 3226 per

102 3271 163 3319 octo
175 3265 234 3317 dies
254 3268 280 3317 et
301 3263 336 3316 de
353 3264 406 3315 rita
427 3262 621 3330 desperatam
642 3278 729 3332 agone
751 3266 847 3331 posita.
866 3264 984 3331 quadarn
999 3268 1078 3316 nocte
1100 3274 1194 3314 mense
1215 3264 1329 3326 augusto
1444 3328 1446 3333 Ι

101 3372 177 3417 stans
188 3365 266 3417 beata
279 3363 394 3415 cordula
406 3362 440 3414 ad
454 3362 536 3428 pedes
548 3363 610 3416 lecti
623 3364 681 3430 ejus
693 3363 760 3416 dixit
772 3366 796 3417 ei
811 3379 818 3415 ι
832 3364 926 3430 Eripe
938 3365 968 3416 te
984 3365 1013 3416 et
1025 3360 1140 3415 sanabo
1160 3363 1188 3413 te
1200 3359 1306 3412 dicens
1321 3375 1329 3412 :

101 3465 141 3518 Iu
151 3463 276 3516 nomine
287 3461 395 3515 Patris
406 3465 437 3514 et
447 3461 524 3515 Filii
534 3464 565 3514 et
576 3462 714 3529 Spiritus
723 3463 844 3529 sancti;
854 3469 881 3516 et
890 3463 948 3529 ipsa
958 3460 1097 3515 Gertrndis
1110 3460 1208 3514 sedens
1220 3459 1248 3510 in
1259 3458 1329 3511 lecto

102 3569 130 3617 et
141 3566 231 3615 erecta
252 3567 280 3614 et
290 3561 405 3629 vigilans
426 3561 565 3626 respondit
582 3562 678 3614 beatae
700 3562 833 3615 cordulae
850 3562 955 3628 Amen,
969 3560 1065 3613 ridens
1083 3571 1144 3612 eam
1165 3557 1253 3613 oculis
1273 3557 1330 3610 suis

51 3665 84 3716 to
101 3660 215 3713 mirifice
227 3659 392 3712 decoratam.
406 3661 436 3710 ut
454 3659 490 3710 ita
503 3672 640 3725 reponens
653 3673 682 3712 se
695 3660 723 3711 in
742 3661 851 3725 lectum,
870 3660 972 3727 incepit
990 3657 1090 3711 sudare
1102 3656 1284 3710 incontinenti
1303 3660 1330 3709 et

101 3759 240 3814 convaluit
252 3757 375 3811 restituta
387 3758 505 3810 sanitati.

136 3859 167 3912 2.
181 3861 248 3911 ltem
269 3857 434 3924 Gosellinus,
448 3870 517 3924 puer
531 3859 639 3911 ilenrici
651 3859 774 3912 vinitoris
786 3864 814 3911 et
831 3858 1016 3925 cunegundis,
1031 3858 1065 3910 de
1078 3857 1141 3910 villa
1151 3857 1283 3922 vernyclr,
1296 3857 1330 3909 de

102 3958 218 4026 paralysi
231 3957 336 4010 habens
348 3969 380 4008 os
390 3962 417 4008 et
429 3956 523 4009 oculos
535 3957 606 4010 ultra
620 3957 729 4010 modurn
751 3958 892 4010 distractos
904 3963 931 4011 et
951 3955 1113 4009 mirabiliter
1125 3955 1271 4021 dispositos
1284 3968 1331 4020 per

102 4057 259 4125 quindecim
273 4056 341 4116 dies,
355 4055 446 4107 statim
467 4060 527 4122 post
549 4057 712 4122 promissum
727 4038 840 4110 ¹ironiam
863 4056 1007 4110 cordulam
1030 4057 1188 4108 invocantes
1209 4059 1286 4120 pater
1304 4061 1331 4107 et

56 4159 86 4210 15
100 4162 196 4223 mater,
212 4168 279 4222 puer
291 4156 413 4208 sentiens
426 4168 509 4207 sanus
524 4153 635 4209 effeetus
647 4165 699 4209 est.

135 4255 167 4306 ³.
185 4252 290 4306 Aliud.
307 4255 414 4318 -Leo,
431 4253 520 4305 dictus
538 4255 671 4311 scunner.
691 4253 762 4307 filius
779 4253 932 4315 theodrici,
943 4255 978 4307 de
993 4255 1225 4320 veldinclreroyne
1246 4266 1330 4320 prope

102 4359 219 4407 castrum
233 4350 411 4418 Erpynroide,
428 4352 462 4404 de
474 4353 569 4405 dolore
585 4353 670 4404 nimio
689 4353 783 4417 caprilis
796 4354 873 4418 quasi
887 4354 1035 4406 freneticus
1048 4351 1169 4417 effectus,
1186 4358 1330 4418 postquam

35 4506 38 4511 ,
102 4452 209 4503 beawm
226 4449 372 4502 cordulam
386 4450 529 4510 invocavit,
546 4451 671 4516 sequenti
687 4456 765 4502 nocte
780 4450 922 4504 sitiebatur
938 4452 989 4502 sibi
1007 4451 1080 4518 quod
1088 4450 1224 4518 quaedam
1237 4455 1330 4503 sancta

101 4549 212 4603 domina
230 4555 261 4600 ut
281 4548 359 4600 beata
378 4548 548 4611 cordulam
568 4563 631 4602 acre
649 4550 780 4611 existens,
795 4550 884 4616 ipsum
900 4551 1024 4604 ablueret
1046 4552 1073 4602 in
1091 4565 1161 4616 aqua
1178 4563 1286 4603 sursum
1305 4555 1332 4602 et

52 4652 85 4704 20
102 4648 229 4702 deorsum
250 4647 384 4712 levand03
397 4649 471 4700 etita
484 4649 625 4717 evigilans,
639 4650 730 4704 statim
742 4651 837 4705 metius
858 4650 959 4722 incepit
972 4651 1072 4707 trahere
1085 4655 1112 4703 et
1130 4652 1270 4705 restitutus
1287 4656 1329 4703 est

104 4747 222 4802 sanitati.
