3316 5482
217 310 282 377 424
556 323 680 375 canat.
700 322 996 377 oooo.raao10o1t.
1016 297 1097 376 nur.

217 504 336 557 Tandem
348 501 456 556 venitei
469 500 498 554 ιιι
510 501 671 555 memoriam
691 502 766 569 quod
786 506 865 569 pater
885 515 952 556 suus
973 501 1119 557 obtulisset
1140 514 1203 555 eum
1224 504 1281 556 beo
1302 508 1329 557 et
1353 505 1430 556 sancto

216 602 352 671 Nicholao,
366 614 398 655 ea
411 605 512 666 mente,
525 600 728 654 sioutaudierat
750 601 856 666 abipso
877 601 1000 668 genitore
1020 613 1080 666 suo,
1101 606 1132 654 ut
1152 604 1222 654 heus
1244 599 1432 655 meritissaneti

216 701 336 755 iiioholai
349 714 411 754 eum
425 704 599 753 conservaret
609 700 645 752 ab
665 701 739 753 omni
761 713 792 754 re
812 700 941 769 maligna.
966 704 1018 754 Pro
1031 714 1084 768 qua
1097 714 1128 755 re
1143 701 1274 755 fiduciam
1296 698 1435 754 hahensiu

218 800 297 854 beato
306 800 473 863 consessore,
488 798 608 864 perrexit
620 797 656 850 ad
668 798 810 851 eeclesiam
822 799 852 851 ιιι
864 812 919 865 qua
930 804 1008 866 pater
1020 813 1086 853 suus
1098 813 1161 853 eum
1172 800 1321 865 obtulerat,
1334 799 1439 854 credens

217 900 290 968 quod
303 899 406 953 meritis
418 899 485 952 tanti
498 898 664 952 contessoris
677 901 748 952 heus
761 900 785 952 ei
798 899 979 953 subvenisset.
992 902 1046 953 Neo
1071 901 1199 954 frustrata
1221 907 1264 953 est
1276 901 1337 966 ejus
1349 912 1412 966 spes
1421 897 1465 952 eti

217 1000 373 1055 credulitas.
386 999 504 1053 veniens
516 1000 617 1066 quippo
631 999 664 1052 ad
678 1000 843 1065 praedictam
856 999 1010 1066 ecclesiam,
1032 1005 1060 1054 et
1071 1001 1109 1054 ibi
1122 1000 1238 1069 vigilans
1259 1005 1288 1053 et
1299 1012 1383 1054 orans
1394 1010 1444 1052 una

218 1106 297 1155 nocte
309 1104 337 1154 et
348 1101 377 1153 in
390 1099 510 1152 crastino
523 1098 633 1151 missam
647 1099 684 1150 ibi
695 1099 821 1165 audiens,
835 1112 963 1153 reversus
975 1105 1017 1152 est
1028 1099 1063 1153 ad
1076 1100 1196 1168 propria,
1209 1099 1345 1167 deinceps
1362 1100 1397 1153 ab
1407 1099 1447 1152 illa

218 1197 408 1266 inquietudine
420 1195 458 1250 ita
470 1183 600 1250 liberatus
612 1200 642 1249 ιιι
653 1196 756 1249 nullam
769 1196 882 1249 omnino
903 1197 1056 1250 molestiam
1077 1197 1194 1250 ulterius
1214 1198 1250 1251 de
1262 1196 1317 1252 hoc
1329 1198 1448 1250 sentiret

220 1301 270 1351 Pro
281 1309 334 1364 qua
346 1311 376 1350 re
389 1296 519 1362 deinceps
530 1296 558 1347 in
572 1295 717 1348 maximam
729 1295 935 1348 venerationem
948 1296 1043 1349 habuit
1063 1295 1182 1349 eundem
1201 1297 1248 1351 liei
1262 1296 1449 1349 fidelissimum

219 1397 415 1451 confessorem.
437 1398 509 1448 ilaec
531 1395 640 1447 interim
660 1394 779 1448 breviter
800 1395 1020 1461 perstrinximus,
1042 1399 1072 1447 ut
1092 1396 1115 1447 si
1137 1395 1200 1462 quis
1221 1395 1273 1449 ista
1292 1395 1449 1464 perlegerit
1465 1397 1488 1447 lt

220 1494 363 1564 a[d]vertat
375 1507 474 1548 sereno
486 1495 569 1548 corde
582 1494 671 1561 qualis
692 1499 718 1547 et
729 1500 850 1562 quantus
862 1495 897 1548 sit
916 1497 969 1549 iste
981 1496 1028 1549 boi
1039 1495 1167 1563 dilectus,
1181 1497 1229 1573 qui
1250 1509 1309 1550 non
1321 1496 1411 1549 solum
1424 1496 1452 1548 in

219 1594 334 1661 magnis,
347 1594 396 1647 sed
410 1594 492 1647 etiam
505 1595 533 1646 in
546 1595 671 1661 hisquae
690 1594 818 1648 videntur
838 1608 931 1662 parva,
954 1597 1077 1662 quamvis
1097 1597 1152 1648 sint
1172 1609 1272 1665 magna
1291 1597 1368 1663 (nam
1383 1597 1454 1649 sieut

84 1711 93 1734 ·
128 1708 160 1764 ⁰,
220 1695 312 1748 anima
324 1694 385 1759 plus
398 1698 440 1746 est
452 1706 533 1760 quam
547 1706 655 1760 corpus,
669 1694 706 1747 ita
719 1695 913 1747 subventiones
926 1695 1033 1763 animae
1045 1696 1246 1762 majora'sunt
1258 1709 1344 1763 quarn
1356 1707 1452 1762 corpo·

218 1795 299 1859 rum),
310 1793 406 1846 existat
418 1792 586 1860 magnificus.
629 1809 633 1818 ·
1133 1850 1135 1854 Α

252 1892 307 1945 30.
321 1894 466 1959 Postquam
479 1893 525 1968 Dei
543 1890 722 1958 dispositione
743 1905 843 1958 corpus
865 1893 1015 1946 beatissimi
1036 1897 1146 1960 lteoque
1167 1893 1260 1947 dilecti
1282 1892 1448 1948 confessoris
1469 1893 1491 1943 ιι

218 1991 340 2047 llicholai
352 1992 501 2057 deiiyrrea
517 1991 624 2045 civitate
645 1996 686 2044 est
706 1992 867 2045 translatum
888 1992 916 2046 in
938 1992 1066 2047 occiduas
1086 1998 1177 2059 partes
1197 1992 1271 2059 apud
1293 1992 1451 2047 barensium

219 2092 365 2156 civitatem,
379 2090 458 2143 multi
469 2090 582 2144 suerunt
594 2091 622 2143 in
636 2091 756 2157 partibus
770 2092 862 2146 ltaliae
872 2097 955 2159 atque
979 2092 1081 2145 Galliae
1103 2093 1150 2160 qui
1162 2092 1298 2146 dixerunt
1309 2106 1340 2147 se
1352 2092 1452 2146 habere

220 2189 514 2257 decorporcejusdem
535 2190 685 2243 beatissimi
707 2192 880 2255 confessoris,
902 2192 976 2259 quod
996 2193 1110 2246 omnino
1133 2192 1233 2246 salsum
1255 2205 1318 2248 esse
1339 2197 1450 2248 constat

219 2292 296 2356 llam,
308 2290 379 2343 utin
392 2289 499 2355 scriptis
511 2302 581 2355 quae
594 2289 628 2342 de
640 2290 699 2356 ejus
716 2289 896 2344 translatione
913 2295 977 2344 sunt
989 2296 1097 2345 exarata
1116 2292 1261 2359 reperitur,
1276 2292 1383 2360 nullus,
1402 2305 1450 2346 nec

218 2394 281 2442 ante
293 2389 354 2454 ejus
366 2388 570 2441 translationem
584 2400 637 2440 nec
649 2387 732 2441 etiam
745 2389 774 2440 in
795 2389 853 2455 ipsa
873 2390 1063 2456 translatione,
1077 2389 1112 2443 de
1131 2392 1190 2457 ejus
1210 2389 1339 2457 reliquiis
1351 2390 1452 2459 aliquid
1466 2392 1491 2443 iu

218 2488 305 2555 potuit
324 2488 434 2553 hahere,
455 2487 613 2553 exceptorio
626 2488 687 2541 oleo
709 2487 784 2555 quod
804 2489 918 2542 exsudat
938 2490 972 2543 ab
992 2490 1066 2544 illius
1087 2491 1171 2544 sacris
1186 2492 1314 2557 artubus.
1338 2493 1450 2560 insuper

219 2587 312 2641 multis
324 2593 351 2640 et
363 2587 444 2640 certis
456 2587 595 2640 miraculis
607 2588 751 2654 probatum
764 2594 814 2655 est,
829 2589 906 2642 nullo
925 2590 1007 2645 modo
1020 2591 1094 2644 hunc
1108 2591 1300 2644 beatissimum
1311 2591 1385 2645 velle
1396 2591 1450 2658 pati

220 2694 251 2742 ut
262 2701 361 2755 corpus
373 2688 432 2755 ejus
444 2689 478 2740 sit
489 2687 605 2741 divisum
618 2688 689 2741 sicut
708 2689 792 2742 multa
813 2689 866 2742 alia
887 2702 1002 2756 corpora
1015 2695 1173 2744 sanctorum
1193 2695 1259 2743 sunt
1281 2691 1380 2745 divisa.
1399 2694 1452 2757 Qua

220 2788 325 2842 ratione
338 2801 402 2842 vero
415 2788 452 2840 lta
463 2787 506 2855 sit,
520 2800 633 2854 prorsus
645 2789 737 2841 nescio
748 2801 757 2852 ;
770 2800 821 2841 nos
842 2793 932 2842 umen
954 2790 1104 2843 certissime
1125 2790 1228 2843 scimus
1245 2791 1311 2858 quia
1324 2792 1363 2844 ita
1375 2796 1417 2846 est
1427 2796 1453 2845 et

221 2888 259 2940 ita
270 2886 295 2940 ei
308 2887 404 2952 placet.
418 2890 482 2939 liam
496 2887 519 2938 si
532 2887 560 2939 in
573 2886 630 2951 ipsa
642 2889 747 2953 ilyrrea
760 2887 869 2941 civitate
889 2893 971 2955 atquo
993 2889 1021 2941 in
1033 2888 1131 2941 eadem
1152 2888 1270 2942 ecclesia
1290 2903 1376 2958 quam
1395 2892 1450 2958 ipse
1466 2891 1491 2942 fi

221 2984 458 3052 aedificaveratot
469 2986 497 3037 in
510 2999 564 3052 qua
581 2986 725 3038 innumera
738 2986 869 3039 miracula
889 2992 917 3039 et
936 2987 965 3040 in
985 2989 1039 3041 vita
1060 2994 1086 3040 et
1107 2994 1167 3052 post
1183 2992 1301 3041 mortem
1313 2993 1386 3043 heus
1403 3002 1450 3056 per

222 3100 283 3140 eum
297 3090 423 3152 operatus
435 3091 484 3151 est,
498 3099 531 3138 ex
543 3086 672 3138 memhris
685 3088 741 3138 suis
754 3086 856 3153 aliquid
869 3090 878 3107 ·
893 3100 1036 3140 remancre
1049 3088 1144 3154 noluit,
1158 3094 1262 3154 quanto
1276 3089 1363 3156 magis
1376 3089 1452 3142 alias.

223 3184 291 3250 Quid
303 3184 445 3253 vcro-inde
458 3197 546 3250 nuper
555 3185 662 3237 duabus
670 3185 775 3239 vicibus
787 3192 877 3238 actum
891 3187 925 3238 sit
935 3186 1068 3239 ineadcm
1082 3187 1193 3240 barensi
1202 3187 1329 3254 ecclesia,
1339 3188 1454 3255 dignum

222 3286 292 3338 duco
304 3283 489 3338 referendum.
503 3285 570 3336 cum
589 3286 720 3336 barenses
741 3283 775 3337 de
795 3288 899 3350 ilyrrea
920 3285 1028 3338 civitate
1049 3298 1148 3353 corpus
1169 3287 1229 3352 ejus
1249 3288 1455 3341 transtulissent

222 3387 329 3446 harum,
340 3383 409 3436 sicut
420 3383 489 3435 scire
502 3387 589 3449 potest
600 3383 646 3448 qui
660 3383 705 3435 illa
718 3384 817 3447 scripta
830 3383 919 3451 legere
931 3383 1049 3437 volucrit
1061 3397 1131 3451 quae
1143 3385 1211 3438 haec
1223 3391 1348 3452 narrant,
1363 3387 1451 3440 hono·
1470 3387 1491 3437 δι

223 3483 337 3537 rabilem
358 3487 440 3549 atquc
459 3480 630 3550 magnificam
649 3483 810 3534 memoriam
833 3483 858 3535 ei
883 3487 1096 3536 construxerunt
1115 3487 1190 3536 extra
1212 3483 1350 3537 civitatem
1374 3498 1456 3551 super

222 3597 297 3637 mare
309 3583 414 3650 magnis
435 3583 588 3648 sumptibus
600 3600 607 3647 ;
621 3588 648 3635 et
665 3583 760 3635 subtus
781 3583 875 3648 altare,
889 3583 918 3635 in
940 3582 1058 3649 quadam
1081 3581 1195 3636 mirifica
1214 3589 1307 3651 crypta
1330 3584 1456 3651 eiusdem

222 3683 364 3748 ecclesiae,
377 3684 586 3751 diligentissime
598 3688 625 3736 et
637 3696 700 3736 oum
714 3696 810 3751 magno
825 3685 938 3748 honore,
952 3689 983 3735 ut
995 3690 1100 3737 tantum
1118 3689 1264 3750 patronum
1285 3692 1370 3753 atque
1383 3687 1456 3753 apud

224 3789 308 3838 licum
321 3784 434 3837 decebat
445 3783 615 3848 advocatum,
629 3797 727 3850 corpus
740 3784 799 3848 ejus
811 3782 1003 3848 condiderunt,
1014 3784 1296 3838 retinentesdextrum
1311 3786 1456 3840 brachium

224 3887 313 3940 solum
325 3899 339 3937 a
353 3886 450 3938 ceteris
462 3885 592 3937 memhris
604 3885 639 3937 ob
652 3884 874 3937 benedictionem
894 3883 1057 3950 populorum
1070 3902 1077 3950 ;
1101 3884 1175 3951 quod
1196 3885 1224 3936 in
1245 3886 1358 3951 capsula
1370 3900 1454 3941 aurea
1471 3888 1491 3940 b*

224 3990 403 4052 reposuerant
415 3990 441 4037 et
452 3985 549 4037 subtus
562 3983 659 4036 eodem
680 3984 764 4036 altare
786 3984 846 4037 loco
867 3983 1008 4048 aptissimo
1033 3984 1066 4036 ad
1087 3985 1169 4037 talem
1190 3985 1353 4038 thesaurum
1366 3991 1455 4040 custo·

224 4085 354 4138 diendum
373 4088 531 4151 posuerunt.
546 4085 608 4136 Post
628 4083 732 4149 aliquot
753 4084 835 4149 igitur
858 4097 946 4136 annos
968 4084 1079 4150 quidam
1092 4085 1178 4150 dives,
1200 4085 1229 4136 in
1253 4097 1348 4139 amore
1371 4087 1458 4139 saneti

224 4197 365 4241 accensus,
378 4183 537 4236 deliberavit
548 4182 621 4248 apud
632 4195 662 4235 se
674 4181 747 4235 idem
771 4183 912 4237 brachium
935 4183 1122 4237 honorabilius
1143 4196 1319 4250 componere,
1345 4186 1458 4240 tradens

226 4284 373 4337 secretario
387 4283 530 4345 ecclesiae,
544 4283 592 4349 qui
605 4287 696 4335 eustos
721 4288 778 4335 erat
802 4283 870 4335 tanti
893 4283 1023 4347 thesauri,
1047 4295 1103 4335 non
1124 4282 1262 4336 modicum
1275 4285 1386 4350 pondus
1398 4288 1459 4340 auri

224 4382 319 4448 optimi
331 4386 357 4433 et
369 4382 578 4448 pretiosissimas
589 4394 710 4448 gemmas
723 4381 756 4433 ad
769 4381 924 4434 ornandum
937 4395 983 4433 vas
999 4380 1078 4434 illud.
1093 4382 1261 4436 secretarius
1272 4397 1353 4450 vcro,
1366 4399 1458 4440 accer-
1475 4391 1491 4440 -l

225 4482 298 4534 siens
310 4483 448 4550 quendam
470 4481 609 4534 aurificem
623 4486 718 4535 notum
731 4482 791 4546 sihi,
806 4483 852 4547 qui
867 4482 1004 4534 serebatur
1017 4495 1100 4546 super
1112 4481 1212 4535 multos
1224 4483 1459 4541 aiiosauriiabros

225 4581 407 4648 doctissimus,
428 4582 490 4635 iecit
511 4581 722 4635 conventionem
748 4595 810 4633 cunr
832 4594 865 4635 co
885 4581 919 4633 dc
939 4582 990 4634 hoc
1011 4595 1103 4646 opero.
1127 4581 1230 4635 boindo
1248 4588 1460 4653 praepararitei
