3316 5482
353 339 422 408 316
693 350 819 403 aaran
838 348 941 400 cono.
959 347 1135 399 moroan.
1153 347 1234 398 nnn.

353 515 1592 592 imperatorispraesentasset,detuiitpecuniamquamportaveratetoomlitimperstoris

353 622 431 691 prius
444 627 537 676 tamen
549 621 743 675 salutationem
763 617 900 686 pontificis
912 616 1026 670 indicat.
1048 614 1152 670 deinde
1164 628 1215 682 per
1235 615 1364 670 ordinem
1378 616 1480 672 omnia
1502 617 1591 681 rotat,

354 719 475 789 qualiter
487 719 584 786 etipse
597 719 744 786 episcopus
755 730 771 770 a
782 719 867 771 Roma
880 713 1034 769 Aurelianis
1045 712 1219 768 ordinatione
1231 713 1279 767 Dei
1294 713 1456 783 advenerit,
1468 720 1500 770 ct
1508 715 1592 784 omii-

353 824 396 874 ter
407 818 563 872 columbam
576 818 604 870 in
617 816 666 871 liei
679 814 902 871 benedictionem
923 812 1070 881 acceperit,
1082 816 1111 866 et
1122 810 1262 879 quomodo
1274 811 1310 866 de
1328 812 1496 880 ampliando
1507 813 1591 869 orele

353 918 410 972 siae
423 918 511 985 spatio
522 916 687 983 tractaverit,
701 920 729 969 ct
749 914 866 981 qualiter
878 911 995 979 pecunia
1016 912 1075 978 ipsa
1086 911 1116 964 in
1134 910 1312 965 fundamento
1324 911 1464 967 ecclesiae
1482 912 1617 969 incentat

354 1018 446 1072 inerit.
459 1019 564 1071 Etcum
586 1016 655 1070 naec
667 1015 817 1081 imperator
837 1012 970 1077 audisset,
983 1010 1076 1065 retulit
1095 1010 1270 1065 senatoribus
1281 1010 1401 1065 civitatis
1420 1009 1589 1069 mmmmm

352 1117 382 1170 in
394 1116 507 1184 copulo.
520 1118 552 1170 Et
572 1116 601 1168 in
614 1120 718 1168 tantam
738 1113 949 1167 admirationem
962 1112 992 1164 in
1014 1111 1143 1165 universo
1155 1111 1256 1178 palatio
1275 1110 1321 1165 vel
1337 1111 1451 1167 civitate
1467 1114 1590 1169 Romana

354 1218 422 1271 naec
435 1217 506 1270 iama
519 1216 657 1284 divulgata
666 1219 708 1268 est
719 1218 750 1267 ut
760 1226 858 1268 omnes
870 1212 1039 1265 admirantes
1047 1211 1192 1265 dicerent:
1208 1210 1319 1266 Gloria
1330 1210 1365 1264 iu
1381 1212 1520 1269 eadem
1532 1214 1589 1269 Deo

351 1317 382 1369 et
394 1314 429 1368 in
441 1317 529 1369 terra
535 1327 607 1382 paor
628 1311 805 1368 dominibus
817 1311 914 1366 bonae
933 1309 1116 1376 voluntatis,
1128 1310 1158 1362 et
1177 1308 1221 1362 sit
1231 1321 1345 1364 nomen
1364 1310 1498 1366 Domini
1507 1310 1588 1367 dere

353 1413 472 1469 dictum
485 1414 521 1466 in
540 1412 678 1479 saecula,
691 1410 746 1479 qui
765 1409 900 1478 famulis
910 1408 979 1463 meis
999 1407 1201 1476 sperantibus
1223 1406 1258 1460 in
1269 1420 1303 1461 se
1321 1420 1448 1477 semper
1453 1412 1585 1479 praesto
1599 1410 1625 1465 ii

351 1516 407 1581 est,
419 1515 449 1567 et
456 1511 636 1580 pereprinis
649 1511 684 1564 in
695 1510 782 1565 omni
794 1511 859 1565 loeo
864 1510 1011 1578 praestat
1023 1508 1196 1562 ancilium.

385 1612 434 1665 10.
455 1613 585 1679 Sequenti
598 1610 644 1664 dic
654 1611 735 1678 jussit
746 1608 781 1662 ad
793 1623 823 1662 se
834 1610 984 1676 imperator
1004 1609 1112 1663 evocari
1124 1611 1296 1665 Mansuetum
1308 1608 1550 1678 archidiaconem,
1560 1614 1587 1666 et

351 1711 390 1764 ait
407 1711 446 1764 iili
460 1726 466 1763 :
480 1710 591 1764 Pande
610 1709 707 1778 nolis,
731 1707 897 1774 antedicto,
917 1719 1011 1775 quam
1029 1707 1167 1775 spatioso
1186 1707 1307 1763 amotru
1326 1707 1495 1777 episeopus
1515 1711 1585 1764 man

351 1811 516 1867 eccleciam
527 1823 623 1879 ortam
642 1809 758 1864 diuisit
768 1807 907 1876 fundare
927 1807 1092 1877 disposuit.
1106 1810 1137 1861 iit
1159 1808 1206 1862 iiie
1219 1807 1392 1876 respondens
1413 1808 1455 1864 ait
1467 1822 1475 1864 ε
1486 1809 1586 1865 Incia

346 1913 569 1979 paupertatem
580 1912 610 1964 et
616 1909 860 1978 possibilitatem
879 1904 982 1970 sunm,
990 1908 1166 1976 parvulam
1177 1907 1374 1963 ecclesiolam
1385 1907 1494 1977 ipm
1505 1909 1585 1967 inco
1599 1909 1626 1963 il

351 2009 430 2065 itare
440 2010 627 2078 capnoscite;
639 2009 714 2077 quia
733 2008 815 2063 sciat
826 2007 932 2074 picria
953 2007 1082 2074 imperii
1094 2006 1190 2060 vestri
1210 2007 1291 2075 qnod
1303 2019 1367 2062 non
1376 2009 1425 2063 cst
1436 2008 1586 2065 molestae

350 2109 490 2178 facultas
502 2108 642 2176 qualiter
649 2107 751 2176 possit
763 2108 797 2160 in
809 2106 926 2174 maiori
937 2118 1035 2161 cursu
1050 2106 1195 2175 perduci.
1209 2109 1284 2161 iimo
1296 2107 1449 2175 imperator
1456 2109 1543 2177 iussit
1551 2109 1586 2165 ad

351 2222 381 2264 se
393 2209 499 2263 evocari
513 2207 686 2262 dnatnoiium
706 2207 887 2274 praetectum,
899 2207 944 2261 cni
964 2205 1033 2260 dixit
1046 2227 1053 2258 ι
1066 2207 1105 2261 In
1122 2209 1278 2274 quantum
1296 2206 1457 2262 serenitas
1475 2210 1585 2265 mira

351 2311 543 2378 compertum
562 2307 662 2376 nabet,
683 2319 746 2361 non
766 2307 908 2361 modicus
931 2309 977 2360 cst
996 2305 1244 2361 Aurelianorum
1259 2306 1409 2376 populns,
1431 2307 1534 2363 etiam
1554 2310 1584 2363 et

350 2408 518 2463 divinitate
532 2406 676 2476 propitia
696 2419 848 2460 nummus
868 2405 1117 2461 christianorum
1128 2405 1242 2460 cotidie
1259 2408 1495 2476 anpmentatur,
1507 2419 1584 2476 qnos
1596 2407 1626 2461 w

345 2520 451 2577 parva
471 2505 680 2574 festisdiebns
698 2504 741 2559 ad
752 2504 914 2560 audienda
934 2504 1085 2572 mysteria
1098 2504 1209 2560 divina
1229 2505 1439 2561 maurianen
1458 2506 1582 2576 recipit.

354 2607 435 2661 Unde
440 2605 659 2674 praecipimus
668 2604 726 2659 tibi
736 2607 770 2658 ut
778 2605 905 2673 solidos,
916 2617 991 2673 qnos
1005 2603 1250 2660 archidiaconus
1264 2605 1447 2661 Mamuetns
1459 2605 1583 2674 danlit,

349 2709 487 2775 reportet
502 2706 645 2775 episeopo
663 2717 730 2773 sno,
747 2707 778 2759 et
795 2717 837 2759 ea
856 2705 985 2760 aerario
1000 2704 1129 2773 publico
1150 2707 1272 2760 tantum
1292 2708 1323 2760 et
1343 2705 1437 2761 aliud
1458 2708 1585 2762 tantm

349 2806 449 2874 adde,·
460 2806 655 2874 simulqueet
667 2818 762 2860 sacra
771 2803 909 2873 accipiat
919 2804 1043 2858 decreta
1055 2805 1173 2872 nostra,
1185 2807 1222 2858 ut
1233 2804 1333 2859 omnis
1343 2804 1487 2873 populns
1501 2803 1584 2861 clri-

348 2906 481 2974 stianus,
494 2906 550 2974 qni
569 2907 604 2958 in
624 2903 849 2960 Aureliammi
866 2903 1027 2957 territorio
1047 2902 1304 2970 consistunt,sini
1326 2903 1429 2959 tribus
1444 2905 1543 2959 annia
1561 2916 1583 2959 a
1598 2903 1627 2957 Ἀ

350 3005 597 3074 tributopnlrliao
617 3003 761 3070 absoluti,
783 3005 813 3057 et
832 3002 995 3056 auxilinm
1010 3002 1159 3071 pontifici
1179 3002 1332 3069 triduani,
1353 3003 1497 3071 qualiter
1513 3005 1584 3073 ipsa

345 3104 465 3173 prandi
476 3104 595 3159 ambitu
607 3107 637 3159 et
649 3103 765 3170 majori
785 3103 872 3157 cultu
884 3102 985 3166 juata
996 3102 1232 3169 dispositionem
1252 3105 1396 3157 nostram
1411 3102 1583 3171 efficiatur.

347 3205 385 3259 Et
397 3204 473 3271 quia
480 3216 541 3271 per
553 3204 676 3270 lipnnm
688 3201 794 3256 crucris
808 3200 925 3255 Christi
937 3202 1003 3255 tam
1014 3203 1156 3255 nostrum
1169 3201 1337 3268 imperinm
1349 3215 1446 3270 quam
1457 3203 1584 3258 unirer·-

259 3362 264 3373 Ι
346 3303 544 3356 susmuudus
554 3303 603 3356 oei
611 3300 788 3368 respublica
798 3298 1100 3366 salvatur,jubernus
1109 3302 1145 3353 ut
1154 3300 1321 3354 inmodum
1334 3300 1584 3359 crucneoetesia

258 3380 261 3385 ¹
347 3403 417 3471 ipsa
438 3402 632 3470 aedificetur,
645 3402 674 3453 et
693 3399 757 3453 tria
780 3398 895 3452 itidem
913 3402 1133 3453 consecremur
1155 3399 1288 3454 altaria.
1300 3401 1338 3455 In
1359 3413 1423 3468 aua
1445 3403 1582 3458 ecclesia
1597 3404 1629 3458 li

344 3502 490 3557 mediano
501 3500 621 3555 altario
633 3499 786 3566 reliquias
800 3498 879 3565 tipni
889 3498 1046 3551 salutaris
1055 3501 1085 3551 et
1096 3501 1225 3553 sanctae
1233 3500 1336 3553 erucis
1346 3501 1478 3556 recondi
1485 3515 1583 3570 prae·

345 3602 489 3669 cepimus,
502 3603 546 3666 nt,
560 3600 635 3653 dnm
646 3599 750 3666 ipsum
764 3598 887 3664 llpnnm
900 3597 943 3649 roi
954 3610 975 3650 α
986 3596 1173 3652 christianis
1186 3599 1313 3653 assidue
1323 3603 1511 3669 veneratur,
1519 3615 1584 3671 pro

346 3700 450 3755 nostri
461 3700 588 3768 imperii
599 3698 772 3752 stabilitate
792 3696 948 3764 suffrapia
963 3697 1073 3750 divina
1085 3711 1106 3750 a
1127 3698 1286 3752 ministris
1298 3699 1348 3753 cet
1364 3701 1584 3758 sacerdotibus

345 3801 540 3869 nuntientur.
555 3797 697 3865 Accipiat
717 3797 814 3850 etiam
826 3800 862 3850 et-
875 3809 964 3850 omne
983 3796 1197 3851 ministerium
1208 3810 1249 3851 en
1267 3810 1348 3853 auro
1368 3799 1582 3856 mundissima

347 3901 428 3969 qnod
440 3899 475 3953 in
494 3900 582 3954 cuttu
595 3897 701 3950 divino
721 3895 832 3963 offerri
848 3898 976 3964 oportet,
990 3895 1045 3951 troc
1065 3898 1111 3950 cst
1125 3900 1262 3965 patenas
1281 3900 1396 3965 septem
1409 3898 1583 3970 itidemque
1598 3904 1633 3956 ³3

346 3999 459 4054 calices
470 4000 595 4065 septem.
609 3997 649 4050 in
668 3994 782 4062 quitus
803 3996 878 4048 dum
898 3995 932 4048 in
950 3995 1128 4050 ministerio
1147 3996 1255 4050 divino
1270 4009 1386 4064 corpus
1409 3997 1530 4053 Olmii
1550 4003 1582 4055 et

345 4097 477 4165 sanquis
496 4094 640 4162 offertur,
652 4093 755 4146 nostri
774 4092 901 4161 saciant
921 4093 1106 4147 memoriam
1126 4094 1212 4147 omni
1232 4095 1369 4162 tempore
1387 4097 1579 4154 sacerdotes.

346 4194 464 4249 Habeat
483 4192 589 4261 spatia
611 4193 681 4259 ipsa
701 4191 841 4258 eccesia,
864 4190 919 4244 hoc
939 4194 984 4244 est
1009 4192 1234 4258 loupitndinem
1254 4193 1432 4247 eraoitorum
1451 4199 1583 4252 anunm

345 4294 545 4363 septuapinta
560 4294 685 4360 septem,
703 4291 904 4345 latitudinem
924 4303 996 4345 vero
1009 4291 1143 4359 tripinta
1163 4294 1193 4345 et
1213 4293 1285 4346 tres.
1298 4293 1544 4361 Enscunrantnr
1560 4312 1581 4354 a

348 4395 448 4449 latere
458 4394 570 4448 dentre
581 4404 678 4445 arcus
690 4392 754 4444 tres
766 4393 795 4443 et
812 4404 832 4444 a
854 4390 952 4444 tatere
963 4390 1094 4444 sinistro
1116 4390 1284 4459 itidemque
1295 4392 1357 4446 atii
1377 4395 1453 4462 tres,
1466 4397 1503 4450 nt
1518 4410 1582 4465 per
1596 4400 1631 4452 to

345 4507 453 4547 eorum
462 4491 622 4561 foramina
633 4489 1582 4560 annecterispositaornatureccnsiaJiuoeatporsdentra

346 4593 450 4651 crucis
460 4590 686 4659 lonpituttinam
695 4588 807 4644 enbitis
825 4589 957 4657 tripinta
967 4591 1115 4657 quattuor
1125 4606 1134 4655 ,·
1141 4601 1223 4658 pars
1232 4603 1305 4645 varo
1313 4590 1452 4647 sinistra
1464 4597 1581 4667 crucis,
