3316 5482
438 349 530 399 nien.
550 346 628 398 con.
646 346 764 401 ranis.
782 370 828 381 -
843 350 999 401 666666.
1017 349 1066 400 an
1082 348 1159 400 666.
1179 349 1255 399 6666.
1395 333 1462 400 537

223 531 310 584 6666,
328 516 408 584 quasi
428 516 587 570 1666666666
607 521 743 570 secretum
761 518 833 572 sinui
855 517 948 571 studet
970 518 1151 572 committere.
1173 519 1231 582 Quo
1254 517 1465 586 perscindens

226 624 329 672 mutuo
340 617 452 683 osculis,
465 617 599 683 arripiunt
611 617 662 670 iter
682 617 802 672 abeundi
816 619 1007 686 unusquisque
1029 630 1079 684 pro
1093 619 1202 686 negotio
1223 618 1385 672 imminente
1401 618 1463 672 sibi.

225 723 348 785 tamque
360 718 457 771 beatus
469 718 514 770 liei
527 717 640 770 antistes
660 719 795 772 Melanius
808 732 891 785 porro
913 723 1084 786 processerat
1094 719 1129 772 ab
1145 719 1215 772 urbe
1229 719 1286 772 iere
1297 729 1317 771 x
1329 717 1464 785 miliariis,

229 832 296 872 cum
309 817 405 871 beatus
417 819 521 871 1166666
533 818 620 871 sensit
639 817 778 872 volumine
794 820 928 886 serpentis
950 819 978 872 in
991 818 1103 872 modum
1125 818 1227 886 cinguli
1246 819 1326 872 anxie
1337 831 1367 871 se
1385 823 1464 872 utero

192 921 211 973 5
230 918 339 971 vallari.
353 918 402 981 Qui
422 917 562 971 solotenus
576 918 759 984 procumbens
780 917 814 971 ad
832 919 915 985 pedes
936 919 1022 972 sancti
1040 918 1102 984 viri,
1120 917 1266 972 cantitetur
1286 918 1352 985 quid
1370 917 1466 972 iecerit

231 1017 428 1086 quomodoque
441 1017 492 1070 sibi
513 1014 652 1081 acciderit,
675 1017 847 1085 efflagitanda
868 1017 1018 1071 miserere*
1039 1017 1091 1070 661.
1112 1019 1187 1070 Tunc
1207 1017 1305 1070 beatus
1325 1016 1375 1084 vir,
1394 1018 1465 1070 intra
1525 1017 1602 1073 'sia

232 1116 326 1171 cordis
344 1128 472 1169 arcanum
495 1129 578 1182 super
599 1116 787 1183 hujuscemodi
810 1131 839 1170 re
862 1118 970 1171 curiosa
991 1117 1119 1186 indagine
1142 1094 1284 1183 sollicitus,¹
1304 1129 1340 1170 ne
1361 1130 1464 1171 nomen

233 1215 341 1269 bomini
363 1214 463 1268 trustra
486 1220 680 1278 assumeretur,
694 1228 760 1267 usus
781 1215 912 1281 prudenti
925 1215 1052 1282 consilio,
1075 1215 1202 1269 mirabile
1222 1219 1371 1282 ostentum,
1392 1214 1465 1283 quod

233 1316 366 1369 bominus
379 1313 531 1379 patefacere
543 1313 719 1380 dignatusest
731 1315 846 1379 mundo,
860 1315 907 1380 qui
920 1328 970 1381 per
982 1328 1014 1369 66
1024 1316 1173 1382 prophetae
1185 1315 1292 1369 locutus
1303 1322 1344 1368 est
1352 1314 1465 1368 dicenss

189 1417 215 1468 to
232 1416 278 1469 Ne
289 1427 436 1468 assumas
448 1415 481 1467 in
494 1427 611 1468 vanum
623 1427 735 1468 nomen
756 1415 812 1467 Dei
824 1414 880 1482 tui,
894 1415 984 1484 sagaci
1007 1419 1098 1468 mente
1109 1415 1209 1468 ceteris
1227 1414 1405 1482 coepiscopis,
1417 1415 1465 1482 qui

234 1515 372 1582 praefatae
396 1513 542 1567 oblationis
562 1514 707 1580 participes
733 1515 853 1576 6666661,
875 1518 1003 1579 procurat
1027 1514 1164 1567 intimare.
1189 1515 1274 1578 Quem
1295 1512 1464 1581 praedictum

233 1615 339 1668 scilicet
351 1617 468 1666 tlarsum
489 1614 525 1666 ita
536 1612 671 1667 allocutus
691 1618 731 1666 est
743 1629 750 1666 :
764 1612 973 1668 Dilectissime
984 1614 1034 1682 fili
1046 1612 1185 1680 mittique
1200 1613 1280 1667 satis
1291 1613 1464 1680 carissime,

228 1726 291 1781 pro
302 1725 336 1767 6ο
348 1713 430 1779 quod
442 1712 608 1766 caritatem
619 1711 745 1766 Domini
755 1724 917 1766 assumere
927 1712 1072 1780 renuisti,
1083 1725 1201 1767 merces
1211 1712 1287 1765 tatis
1297 1714 1465 1780 reputatur

234 1810 300 1864 tibi.
328 1810 411 1865 Unde
421 1822 511 1865 66666
525 1813 616 1877 potes
627 1811 704 1878 quia
722 1823 785 1865 666
796 1812 843 1864 661
854 1810 1092 1878 uestraepotis·
1106 1812 1220 1865 temere
1236 1823 1333 1879 super
1356 1810 1416 1865 bac
1428 1823 1464 1865 re
1522 1820 1532 1839 ·
1569 1816 1574 1828 ·
1593 1856 1601 1871 .

187 1912 216 1966 li
232 1910 396 1979 quippiam
402 1922 617 1978 praesumere,
627 1921 697 1964 cum
708 1910 786 1964 lutei
794 1912 1018 1978 etpeccatores,
1029 1909 1145 1978 frapili
1153 1921 1250 1965 carne
1260 1910 1460 1978 circumdati,

227 2022 291 2078 pro
301 2009 419 2063 uostris
431 2009 589 2063 erratibus
600 2009 705 2062 sedule
717 2007 865 2063 babemus
878 2007 1034 2063 Christum
1046 2020 1190 2063 exorare.
1201 2009 1258 2062 Sed
1269 2008 1475 2073 6666661166,

232 2109 393 2177 diripeque
409 2122 552 2176 pressum
563 2108 606 2163 ad
616 2107 752 2176 fratrem
764 2121 867 2163 meum
878 2107 1033 2176 Albinum,
1049 2107 1250 2177 patefacimus
1267 2108 1298 2163 ei
1316 2108 1463 2177 quicquid

233 2209 290 2264 tabi
298 2209 472 2277 6661166611.
482 2210 564 2263 Puto
576 2209 660 2263 euim
670 2209 750 2277 quod
760 2209 826 2276 6166
836 2207 1062 2276 661661166666
1068 2208 1191 2276 poteris
1201 2209 1241 2262 ab
1254 2208 1465 2276 hujuscemodi

227 2313 317 2379 peste
329 2310 469 2364 libcrari.
484 2311 533 2375 Qui
555 2322 698 2363 assumens
718 2311 780 2373 iter,
797 2310 873 2364 venit
893 2309 928 2363 ad
949 2314 1073 2363 sanctum
1092 2308 1220 2362 Albinum
1241 2308 1402 2377 andegavis,
1415 2321 1464 2376 per

187 2410 216 2463 to
232 2409 415 2476 ordinemque
426 2406 453 2462 61
471 2408 563 2462 omnia
575 2422 646 2475 6666
658 2406 710 2463 6161
724 2412 750 2462 61
762 2409 831 2462 utel
844 2413 991 2462 evenerant
1013 2408 1162 2475 replicavit.
1176 2409 1359 2462 considerans
1371 2407 1464 2475 itaque
1508 2416 1510 2420 '

231 2508 275 2562 vir
286 2509 393 2562 bomini
405 2509 519 2562 Albinus
530 2509 589 2575 ejus
609 2509 749 2575 delictum,
764 2508 824 2562 iniit
836 2509 861 2561 ei
875 2508 956 2563 :Pro
967 2508 1203 2576 inoboedientia,
1216 2507 1329 2577 frater,
1338 2507 1464 2575 pateris

231 2607 292 2663 bae
302 2620 398 2662 66666.
410 2609 468 2663 Sed
478 2622 563 2664 6666
574 2608 734 2676 acquiesce
745 2609 888 2662 consiliis
898 2609 975 2662 meis
985 2650 993 2676 ,
1015 2608 1170 2675 ceterique
1176 2609 1257 2675 pede
1264 2620 1404 2676 propera
1420 2608 1464 2661 ad

231 2709 380 2762 domuum
398 2709 557 2775 Victorem,
571 2708 779 2763 intimaturus
791 2709 821 2763 ei
832 2708 1060 2776 neplepentiam
1073 2709 1129 2762 tui.
1143 2709 1261 2762 veniens
1278 2721 1343 2776 ergo
1355 2708 1390 2762 ad
1402 2710 1464 2763 bea·

230 2812 290 2861 tum
302 2809 436 2862 Victorem
448 2808 626 2861 0166666616
638 2813 666 2861 61
685 2813 784 2862 666616
796 2807 961 2861 ordinatim·
974 2809 999 2861 ei
1013 2808 1147 2874 66166666,
1161 2808 1267 2860 remisit
1278 2807 1356 2863 illum
1374 2820 1463 2861 sacra·
1519 2811 1606 2891 '‘cod.

187 2911 214 2963 u
231 2909 355 2962 tissimus
367 2910 408 2962 vir
425 2910 505 2962 beato
517 2908 643 2975 11616616,
656 2909 750 2962 616666
765 2925 771 2960 :
785 2909 956 2976 Reprederc
967 2909 1009 2962 ad
1020 2907 1157 2977 fratrem
1168 2910 1311 2963 nostrum
1322 2922 1464 2964 reverem-
1481 2880 1647 2933 mmmmm·

233 3007 392 3062 tissimum
412 3009 587 3062 antestitem
610 3008 894 3075 Metauium,·puia
916 3009 985 3074 ejus
1004 3008 1151 3077 precibus
1174 3021 1353 3063 6666666616
1376 3011 1422 3062 661
1445 3022 1467 3063 a

231 3109 362 3164 Domino
378 3110 573 3163 commodum
593 3108 849 3175 tuaesospitatis.
870 3110 988 3174 accepto
1010 3109 1102 3175 itaque
1126 3109 1236 3174 itinere,
1257 3109 1384 3175 pervenit
1404 3121 1466 3163 cum

232 3205 339 3276 ingenti
360 3207 455 3261 labore
473 3208 507 3261 ad
523 3211 648 3261 sanctum
670 3208 769 3273 virum,
790 3220 878 3273 66666
899 3207 1030 3260 exhalans
1055 3207 1196 3274 animam;
1221 3207 1381 3275 invenitque
1404 3221 1468 3261 eum

232 3312 357 3362 orantem
369 3308 398 3360 16
411 3307 545 3361 66666616
557 3321 607 3361 666
620 3320 703 3374 66666
725 3306 838 3360 iluvium
853 3308 1019 3360 vicenoniae
1038 3307 1100 3360 sito.
1114 3307 1164 3361 Ubi
1177 3320 1240 3361 cum
1259 3308 1431 3374 exposuisset
1441 3307 1468 3360 ei

187 3411 212 3462 vu
230 3406 323 3460 omnia
343 3417 413 3472 quae
430 3410 533 3473 egerat,
544 3406 622 3472 jubet
637 3419 701 3458 eum
720 3405 761 3457 vir
778 3406 825 3458 bei
845 3405 873 3457 16
893 3405 1064 3458 orationibus
1084 3405 1159 3458 illam
1179 3410 1288 3459 noctem
1308 3405 1469 3473 pervigilem

233 3506 353 3568 ducere;
367 3505 426 3572 ipse
445 3518 509 3558 vero
530 3518 591 3557 cum
609 3518 642 3558 eo
663 3509 839 3571 pernoctans,
855 3503 960 3557 sedulis
979 3505 1107 3571 precibus
1127 3505 1232 3559 bomini
1251 3505 1468 3559 misericordiam

233 3606 378 3671 expetebat
390 3605 483 3658 661666
496 3605 645 3672 6666116611
658 3606 726 3671 viro,
741 3603 834 3672 etiam,
843 3604 969 3657 mirabile
982 3604 1107 3669 dictu,ab
1120 3604 1244 3659 districto
1256 3618 1345 3672 angue
1356 3605 1466 3673 globum

235 3706 297 3771 ejus
308 3705 379 3758 uteri
391 3705 504 3758 sinuoso
511 3717 576 3773 gyro
589 3717 670 3772 aegre
687 3703 910 3756 circumvallante
924 3704 980 3756 lere
997 3704 1171 3770 interempto.
1185 3706 1217 3757 ln
1231 3705 1379 3758 crastinum
1392 3717 1466 3772 vero,

235 3802 323 3857 166116
341 3816 357 3856 6
374 3809 469 3857 666616
486 3803 602 3856 11616616
622 3802 816 3856 bencdictione
838 3815 920 3867 supra
938 3814 1084 3869 squamoso
1104 3808 1242 3869 serpente,
1260 3803 1387 3869 protinus
1404 3815 1468 3857 con·

187 3908 217 3959 ts
235 3904 350 3958 vertitur
362 3904 390 3956 in
409 3903 551 3970 pristinam
569 3903 714 3969 eulogiam.
733 3906 790 3967 Qua
808 3903 1035 3968 communicatus,
1055 3901 1150 3956 laudes
1167 3909 1196 3955 et
1213 3904 1312 3972 gratias
1329 3908 1467 3972 gratanter

237 4006 294 4057 beo
306 4004 442 4057 referebat
455 4009 483 4057 et
495 4008 588 4057 sancto
601 4003 731 4070 praesuli.

272 4104 323 4157 14.
335 4104 441 4157 Aliud.
456 4131 485 4142 —
500 4106 609 4157 iactum
621 4109 662 4157 est
671 4109 764 4156 autom
776 4111 807 4156 ut
827 4102 940 4170 quidam
963 4101 1119 4170 decrepitae
1137 4105 1234 4158 aetatis
1246 4104 1281 4158 de
1301 4117 1369 4172 pago
1383 4106 1466 4157 vene·

237 4205 319 4270 tensi,
332 4202 494 4269 cujusiiiius
510 4204 544 4256 66
562 4194 715 4257 immundo
734 4204 831 4270 spiritu
850 4204 932 4256 anxie
950 4203 1106 4270 vexabatur,
1129 4203 1252 4270 supplice
1273 4217 1340 4258 voce
1361 4210 1469 4272 rogaret

238 4305 349 4358 beatum
370 4304 414 4355 1161
435 4304 584 4355 antistitem
604 4304 759 4370 ilelsnium,
782 4303 876 4357 dicens
900 4317 907 4354 :
938 4303 991 4354 Vir
1013 4303 1068 4356 Dei
1089 4304 1219 4371 6666616,
1238 4317 1361 4371 quaeso,
1386 4317 1468 4358 sama

187 4406 219 4457 to
237 4404 344 4472 filium
362 4415 475 4468 meum,
489 4401 649 4456 1166661616
662 4416 795 4471 nequam
812 4402 971 4469 spiritum.
998 4406 1081 4467 Quem
1101 4404 1142 4455 vir
1168 4404 1213 4455 1161
1230 4405 1310 4468 jubet
1327 4404 1468 4457 obtutibus

238 4503 295 4554 suis
313 4501 492 4568 praesentari.
507 4500 627 4554 Callidus
643 4501 817 4567 ronchonis,
831 4503 921 4555 scions
939 4516 968 4554 se
981 4503 1163 4567 praesentiam
1185 4504 1270 4554 sancti
1292 4502 1342 4555 viri
1363 4516 1468 4569 nequa·

238 4615 321 4672 quam
342 4602 414 4655 ferro
427 4613 517 4672 posse,
531 4600 639 4654 seduxit
650 4615 764 4674 puerum
778 4602 954 4661 inremotam
973 4602 1129 4662 cubiculum
1142 4607 1169 4655 et
1186 4599 1334 4671 6611666111,
1348 4603 1467 4659 animam
