3316 5482
448 128 541 179 onan
559 126 644 179 aaa.
662 125 778 176 aaran.
796 144 843 157 —
858 124 1010 175 arnano.
1030 125 1077 175 ao
1095 124 1172 175 coo.
1184 120 1267 174 ssu.
1410 111 1477 178 279

247 298 423 355 tumentia.
436 296 598 364 Huiusmodi
611 296 744 352 orationis
763 295 891 349 instantia
913 296 1010 348 iratres
1030 295 1235 349 Nobiliaoenses
1257 308 1307 361 pro
1330 309 1362 349 eo
1376 296 1476 351 cotidie

249 399 419 464 laborabant,
428 398 498 452 adeo
509 402 540 451 ut
551 396 626 452 omni
637 397 687 449 vat·
700 395 766 448 seria
779 395 861 448 nudis
871 394 987 462 pedibus
999 399 1062 446 anie
1075 398 1200 448 sanctum
1213 407 1311 459 corpus
1325 395 1474 463 venientes,

250 501 297 553 ooo
321 501 349 552 ei
372 501 469 551 sanato
493 496 634 550 Lanario
653 507 750 562 preces
774 507 838 547 suas
858 492 1038 547 devotissime
1058 495 1309 558 prosternerem
1329 492 1476 549 ineffabilis

247 598 367 666 muntia
379 598 530 662 orationis;
550 609 615 650 vere
635 595 753 649 multum
766 595 837 648 valet
847 595 933 648 oratio
951 594 1016 661 justi
1029 594 1148 648 assidua.
1161 594 1364 649 Nobiliacenses
1376 595 1476 651 fratres

190 690 231 748 8
247 697 320 752 omni
339 697 471 751 instantia
490 700 596 763 petunt,
608 694 658 749 sed
677 694 811 749 orationis
828 692 954 748 effectum
968 694 996 745 in
1008 694 1120 747 Graecia
1131 694 1231 760 captivi
1243 695 1381 763 sentiunt3
1393 695 1476 750 Nobi-

243 797 380 852 liaceoses
399 799 546 864 quaerunt,
564 800 592 849 et
611 794 762 849 aichardus
781 795 816 861 (1)
839 806 902 847 cum
920 793 1072 847 Boimundo
1094 794 1257 862 inveniunt3
1277 792 1323 847 hie
1345 796 1473 861 precibus

242 897 351 951 saelum
362 896 490 963 pulsatur
500 900 530 949 ei
541 895 579 949 ibi
592 882 886 960 Richardo'aperitur3
908 891 1042 959 flagitatur
1064 892 1108 945 hia
1130 897 1240 946 sanctus
1259 895 1426 961 aesonius,
1448 899 1476 948 et

242 997 279 1050 ihi
292 1009 431 1064 apparens
443 994 592 1061 respondet
603 995 681 1050 votis.
695 993 779 1061 Noti,
797 993 896 1062 inquit,
918 992 1085 1059 Richarde,
1107 993 1176 1048 noti
1195 993 1389 1063 conturbari,
1407 995 1476 1050 noli

243 1095 421 1164 merare.
434 1095 505 1150 Non
515 1094 672 1163 morieris,
684 1094 740 1148 sed
751 1106 800 1147 me
819 1096 1020 1148 succurrente
1032 1093 1212 1149 liberaberis
1224 1112 1234 1162 ,·
1251 1106 1307 1149 nec
1318 1096 1421 1148 solum
1437 1095 1476 1150 de

195 1188 227 1248 ii
241 1197 306 1263 aaa,
319 1196 375 1249 sed
385 1197 416 1249 et
427 1195 467 1248 de
486 1193 654 1249 Boimundi
664 1192 824 1252 enuitadis
843 1193 1009 1261 ereptione.
1028 1195 1073 1268 iu
1092 1206 1166 1262 erno
1178 1193 1328 1249 literatus
1345 1194 1387 1250 ad
1404 1195 1473 1249 Boi·

240 1295 397 1350 mundum
406 1294 535 1364 festina,
543 1294 695 1364 watinum
706 1307 777 1370 euin
789 1305 851 1348 non
862 1294 964 1348 sotum
975 1295 1014 1348 de
1025 1295 1190 1363 ereptione,
1196 1295 1250 1349 sed
1258 1295 1297 1349 dc
1305 1296 1474 1363 ereptionis

239 1395 395 1466 wtificea
406 1395 466 1449 die.
875 1388 878 1393 ’

273 1496 306 1549 ’1.
318 1495 462 1550 Liberatus
473 1507 537 1564 ergo
549 1493 701 1549 Richardus
714 1493 897 1549 acimundum
905 1493 1070 1562 quantocius
1082 1494 1194 1549 festinat
1204 1495 1302 1549 visere.
1316 1498 1400 1560 Quam
1415 1495 1474 1550 Boi·

239 1598 362 1652 mundus
382 1598 512 1652 intuens:
531 1596 727 1665 Benedictus,
747 1595 846 1664 inquit,
860 1597 940 1650 Deus
956 1598 1053 1664 pater
1073 1596 1376 1665 misericordiarum,
1399 1595 1473 1662 quia

188 1698 223 1752 aa
238 1695 512 1765 visitavitetsecit
531 1695 774 1764 redemptionem
788 1694 890 1763 piebis
910 1707 994 1749 suae.
1016 1695 1128 1749 &reati
1140 1695 1175 1748 in
1196 1697 1225 1750 te
1246 1694 1474 1750 cornusaiutis

237 1799 376 1865 nostrae,
388 1797 526 1851 salutari
536 1808 577 1850 eoa
588 1795 728 1851 inimicis
739 1795 868 1850 nostris.
885 1790 1048 1864 Castiaans
1060 1795 1231 1863 castioaoit
1240 1809 1297 1850 nos
1308 1795 1471 1861 Dominus,

236 1897 403 1964 maiorque
418 1898 465 1951 est
476 1895 632 1964 iniquitas
643 1898 753 1950 nostra
765 1907 862 1964 quam
874 1897 912 1948 ut
930 1894 1055 1949 veniam
1076 1907 1255 1949 mereamur
1268 1913 1277 1962 ,·
1289 1896 1343 1949 aad
1367 1897 1473 1950 tamen

236 1995 336 2051 morti
356 2007 421 2051 non
440 1995 575 2050 tradidit
594 2007 660 2063 nos,
683 1994 832 2063 quoniam
853 2006 917 2049 non
937 1994 1056 2049 mortui
1076 1995 1253 2050 laudabunt
1273 1999 1311 2064 te,
1332 1995 1470 2064 Domine,

236 2109 339 2165 necnee
348 2109 455 2151 omnus
465 2095 521 2162 qui
531 2095 723 2150 descendunt
733 2094 766 2147 in
779 2093 942 2157 infernum
952 2112 961 2161 ,·
973 2107 1029 2149 nos
1040 2106 1113 2148 nero
1124 2094 1180 2162 qui
1191 2095 1337 2162 vivimus,
1350 2094 1469 2150 omnedi-

187 2200 221 2252 io
237 2208 351 2252 eamus
362 2194 529 2251 Dominum
540 2208 581 2250 eu
592 2193 648 2249 hoe
657 2207 742 2249 nune
753 2196 783 2248 et
794 2207 890 2261 usquc
902 2193 936 2246 in
947 2195 1117 2250 saeculum.
1132 2195 1269 2262 Domine,
1281 2195 1406 2249 saluum
1421 2208 1471 2250 me

237 2296 305 2366 saa,
318 2297 495 2365 npsmmos
505 2299 628 2350 nostros
639 2294 839 2350 cantabimus
850 2294 970 2350 cunctis
982 2294 1088 2349 diebus
1100 2296 1185 2349 ritae
1193 2298 1320 2350 nostrae
1337 2296 1372 2348 in
1380 2296 1470 2351 domo

235 2396 376 2452 Domini.
388 2396 574 2451 Benedictus
580 2397 739 2463 patronus
756 2397 862 2449 noster
881 2397 1009 2449 sanetus
1029 2394 1221 2464 Leonardus,
1243 2396 1290 2449 ieo
1310 2395 1469 2464 matianis,

235 2495 360 2551 nardus
375 2494 472 2563 donia,
485 2494 699 2559 nardusmea,
721 2493 838 2548 Christi
857 2493 953 2548 donus
976 2494 1062 2562 odor,
1086 2494 1183 2548 maiis
1205 2494 1283 2548 odor
1305 2496 1415 2550 mortis
1433 2495 1467 2549 in

234 2593 751 2657 moriem,noonveroserrissais
771 2593 848 2648 odor
867 2593 951 2648 vitae
970 2594 1004 2646 in
1025 2593 1133 2647 vitam.
1157 2593 1238 2662 Fiat,
1256 2588 1471 2662 patersanete‘

187 2695 214 2748 5
234 2692 410 2761 Leonarde,
423 2691 593 2747 secundum
604 2690 728 2746 verbum
743 2693 832 2745 tuum
843 2691 1063 2746 misericordia
1075 2695 1132 2747 tua
1140 2705 1235 2760 super
1246 2706 1310 2760 nos,
1324 2696 1468 2761 quemad·

234 2790 365 2846 modum
374 2791 571 2858 spernamus
582 2792 618 2843 in
629 2792 668 2844 te.
682 2789 751 2845 Non
763 2789 859 2857 nodis,
866 2790 1004 2859 Domine,
1010 2791 1065 2845 sed
1076 2791 1256 2846 nominituo
1268 2791 1466 2861 daalomam,

232 2892 383 2962 aioriflcu
390 2905 522 2946 manum
530 2894 560 2945 et
570 2891 731 2946 brachium
738 2891 896 2959 deutrum,
903 2891 1018 2945 innova
1025 2891 1116 2959 sinna
1124 2894 1153 2946 et
1161 2891 1282 2947 inmuta
1292 2893 1465 2948 mirabilia.

234 2993 333 3060 Eripe
343 2993 546 3047 medemena
554 2992 757 3046 inimicorum
765 3003 906 3047 nieorum
915 2994 944 3046 et
956 3005 977 3046 a
979 2991 1237 3060 persequentibus
1247 3005 1305 3046 me.
1319 2993 1466 3062 illustra,

234 3095 346 3150 sancte
356 3092 526 3160 leucarde,
543 3091 658 3160 faciem
669 3094 759 3146 tuam
770 3103 895 3145 sernum
908 3094 997 3145 tuum
1021 3104 1125 3160 super,
1144 3093 1270 3147 satoum
1291 3105 1340 3147 me
1358 3092 1411 3161 fac
1432 3094 1467 3149 in

187 3197 215 3249 Ὀ
233 3191 465 3258 misericordia,
473 3190 622 3260 quoniam
634 3190 777 3245 invocavi
788 3193 826 3245 te.
839 3189 1030 3246 &rubescant
1042 3191 1134 3259 impii
1137 3193 1262 3260 padani
1269 3206 1325 3248 nec
1338 3194 1447 3249 dicant
1459 3212 1468 3249 .·

235 3294 333 3362 Euae,
345 3306 419 3361 euoe
429 3293 556 3347 animae
566 3293 702 3356 nostrae,
715 3304 771 3346 nec
783 3292 892 3347 duent
904 3292 1146 3346 :Devoraoimus
1156 3306 1235 3347 eum.
1248 3294 1377 3350 Gratias
1395 3296 1465 3364 Deo,

234 3391 363 3461 qratias
372 3391 586 3459 imianipatri
596 3393 703 3446 nostro
714 3390 886 3459 Leonardo,
899 3403 955 3444 nec
967 3404 1118 3458 umquam
1126 3392 1254 3461 deficiat
1267 3394 1339 3448 iaus
1350 3395 1417 3460 eius
1429 3395 1468 3450 de

234 3495 415 3560 orenostro,
428 3491 576 3561 quoniam
590 3493 700 3545 eontra
713 3493 751 3560 te,
761 3503 836 3546 carc
846 3503 940 3558 rupes
951 3489 1118 3559 Richarde,
1130 3504 1194 3547 uon
1198 3492 1403 3560 praevalebat
1413 3494 1467 3547 im·

231 3591 394 3659 matoria
406 3591 620 3661 impietas,sed
632 3591 814 3646 cumsancti
821 3591 979 3645 Leonardi
989 3591 1127 3646 salvavit
1139 3593 1167 3645 te
1178 3592 1246 3658 eins
1254 3592 1383 3668 bonitas.
1396 3593 1467 3649 con

187 3693 219 3746 iii
234 3689 349 3759 sortati
359 3690 585 3760 suntpatatini
595 3702 689 3745 canes
701 3691 908 3757 imperatoria
919 3691 1147 3759 munificentia,
1169 3691 1224 3759 qui
1241 3695 1270 3745 te
1286 3693 1419 3746 oderunt
1437 3696 1467 3747 et

234 3789 423 3857 sanquinem
433 3791 524 3843 tuum
535 3788 691 3844 sitiebant.
708 3789 731 3843 0
741 3788 978 3843 crudelissimus
990 3789 1171 3856 imperator.
1181 3789 1237 3856 qui
1247 3790 1349 3844 multa
1358 3791 1465 3845 mittio

234 3885 639 3956 camnianorumnesandis
647 3886 870 3941 traditionibus
874 3886 1102 3954 peremitalios
1109 3886 1465 3955 naufraaiomonnutlos

234 3999 360 4057 ueneno,
373 3987 591 4055 quamplures
602 3986 711 4054 coitio,
724 3985 971 4040 innumerabiles
982 3998 1055 4041 aero
1062 3987 1201 4055 paeonis
1214 3985 1382 4042 obiciendo.
1393 3988 1464 4043 Non

232 4086 470 4155 insuperator
481 4084 688 4154 christianus,
701 4087 754 4140 sed
766 4086 945 4141 hamericus
956 4088 1133 4154 veteranus,
1146 4086 1296 4140 Julianus
1307 4089 1463 4154 apostata,

187 4190 216 4242 to
232 4188 320 4242 atter
330 4185 638 4254 Iudas,judaeorum
649 4199 787 4255 compar,
805 4188 861 4254 qui
867 4198 978 4255 pacem
998 4186 1163 4255 simulans,
1185 4185 1296 4241 betium
1317 4187 1463 4254 concitat,

263 4386 301 4451 (i)
313 4383 452 4438 alluditur
465 4383 510 4438 hie
521 4383 556 4438 ad
568 4385 728 4439 Miraculum
740 4387 761 4438 1.
