<?xml version="1.0" encoding="UTF-8"?>
<!DOCTYPE html PUBLIC "-//W3C//DTD XHTML 1.0 Transitional//EN"
    "http://www.w3.org/TR/xhtml1/DTD/xhtml1-transitional.dtd">
<html xmlns="http://www.w3.org/1999/xhtml" xml:lang="en" lang="en">
 <head>
  <title>
</title>
<meta http-equiv="Content-Type" content="text/html;charset=utf-8" />
  <meta name='ocr-system' content='tesseract 3.04.00' />
  <meta name='ocr-capabilities' content='ocr_page ocr_carea ocr_par ocr_line ocrx_word'/>
</head>
<body>
  <div class='ocr_page' id='page_1' title='image "./cataloguscodicu02manugoog_0178.png"; bbox 0 0 3316 5482; ppageno 0'>
   <div class='ocr_carea' id='block_1_1' title="bbox 268 342 1306 415">
    <p class='ocr_par' dir='ltr' id='par_1_1' title="bbox 268 342 1306 415">
     <span class='ocr_line' id='line_1_1' title="bbox 268 342 1306 415; baseline -0.003 -3"><span class='ocrx_word' id='word_1_1' title='bbox 268 360 360 415; x_wconf 76' lang='lat' dir='ltr'><strong>erni..</strong></span> <span class='ocrx_word' id='word_1_2' title='bbox 380 361 464 414; x_wconf 73' lang='lat' dir='ltr'><strong>uir.</strong></span> <span class='ocrx_word' id='word_1_3' title='bbox 483 360 602 413; x_wconf 75' lang='lat' dir='ltr'><strong>einis.</strong></span> <span class='ocrx_word' id='word_1_4' title='bbox 621 381 668 394; x_wconf 89' lang='lat'>-</span> <span class='ocrx_word' id='word_1_5' title='bbox 683 361 838 413; x_wconf 77' lang='lat' dir='ltr'><strong>apruno.</strong></span> <span class='ocrx_word' id='word_1_6' title='bbox 857 362 906 412; x_wconf 74' lang='lat' dir='ltr'><strong>an</strong></span> <span class='ocrx_word' id='word_1_7' title='bbox 923 360 1001 414; x_wconf 90' lang='lat' dir='ltr'><strong>oon.</strong></span> <span class='ocrx_word' id='word_1_8' title='bbox 1020 357 1095 411; x_wconf 79' lang='lat' dir='ltr'><strong>sair.</strong></span> <span class='ocrx_word' id='word_1_9' title='bbox 1241 342 1306 411; x_wconf 87' lang='lat'><strong>153</strong></span> 
     </span>
    </p>
   </div>
   <div class='ocr_carea' id='block_1_2' title="bbox 295 556 1111 646">
    <p class='ocr_par' dir='ltr' id='par_1_2' title="bbox 295 556 1111 646">
     <span class='ocr_line' id='line_1_2' title="bbox 295 556 1111 646; baseline 0 -21"><span class='ocrx_word' id='word_1_10' title='bbox 295 559 383 626; x_wconf 76' lang='lat' dir='ltr'><strong>Viri</strong></span> <span class='ocrx_word' id='word_1_11' title='bbox 406 558 440 626; x_wconf 93' lang='lat' dir='ltr'><strong>S.</strong></span> <span class='ocrx_word' id='word_1_12' title='bbox 468 559 633 625; x_wconf 80' lang='lat' dir='ltr'><strong>Luononu</strong></span> <span class='ocrx_word' id='word_1_13' title='bbox 649 556 730 646; x_wconf 83' lang='lat' dir='ltr'><strong>(Cir.</strong></span> <span class='ocrx_word' id='word_1_14' title='bbox 758 578 868 645; x_wconf 89' lang='lat' dir='ltr'><strong>supra,</strong></span> <span class='ocrx_word' id='word_1_15' title='bbox 888 579 920 644; x_wconf 90' lang='lat' dir='ltr'><strong>p.</strong></span> <span class='ocrx_word' id='word_1_16' title='bbox 943 558 1020 636; x_wconf 83' lang='lat'><strong>122,</strong></span> <span class='ocrx_word' id='word_1_17' title='bbox 1049 558 1111 644; x_wconf 83' lang='lat'><strong>4⁰).</strong></span> 
     </span>
    </p>
   </div>
   <div class='ocr_carea' id='block_1_3' title="bbox 252 752 1137 827">
    <p class='ocr_par' dir='ltr' id='par_1_3' title="bbox 252 752 1137 827">
     <span class='ocr_line' id='line_1_3' title="bbox 252 752 1137 827; baseline -0.002 -11"><span class='ocrx_word' id='word_1_18' title='bbox 252 755 337 816; x_wconf 78' lang='lat' dir='ltr'><strong>Vite</strong></span> <span class='ocrx_word' id='word_1_19' title='bbox 358 754 472 817; x_wconf 85' lang='lat' dir='ltr'><strong>sancti</strong></span> <span class='ocrx_word' id='word_1_20' title='bbox 493 754 657 815; x_wconf 86' lang='lat' dir='ltr'><strong>Leouoril</strong></span> <span class='ocrx_word' id='word_1_21' title='bbox 679 753 835 827; x_wconf 82' lang='lat' dir='ltr'><strong>episcopi</strong></span> <span class='ocrx_word' id='word_1_22' title='bbox 856 756 893 813; x_wconf 86' lang='lat' dir='ltr'><strong>et</strong></span> <span class='ocrx_word' id='word_1_23' title='bbox 911 752 1137 815; x_wconf 71' lang='lat' dir='ltr'><strong>mutassetis,</strong></span> 
     </span>
    </p>
   </div>
   <div class='ocr_carea' id='block_1_4' title="bbox 10 929 1477 4690">
    <p class='ocr_par' dir='ltr' id='par_1_4' title="bbox 10 929 1477 4690">
     <span class='ocr_line' id='line_1_4' title="bbox 137 929 1304 1003; baseline -0.002 -18"><span class='ocrx_word' id='word_1_24' title='bbox 137 931 159 981; x_wconf 83' lang='lat'><strong>1·</strong></span> <span class='ocrx_word' id='word_1_25' title='bbox 170 933 219 988; x_wconf 84' lang='lat' dir='ltr'><strong>lost</strong></span> <span class='ocrx_word' id='word_1_26' title='bbox 235 935 387 1003; x_wconf 87' lang='lat' dir='ltr'><strong>passionem</strong></span> <span class='ocrx_word' id='word_1_27' title='bbox 407 940 436 989; x_wconf 93' lang='lat' dir='ltr'><strong>et</strong></span> <span class='ocrx_word' id='word_1_28' title='bbox 455 947 565 989; x_wconf 81' lang='lat' dir='ltr'><strong>omrem</strong></span> <span class='ocrx_word' id='word_1_29' title='bbox 585 940 612 987; x_wconf 92' lang='lat' dir='ltr'><strong>et</strong></span> <span class='ocrx_word' id='word_1_30' title='bbox 632 934 861 987; x_wconf 80' lang='lat' dir='ltr'><strong>resurrectionem</strong></span> <span class='ocrx_word' id='word_1_31' title='bbox 882 931 989 986; x_wconf 91' lang='lat' dir='ltr'><strong>bomini</strong></span> <span class='ocrx_word' id='word_1_32' title='bbox 1017 930 1103 985; x_wconf 86' lang='lat' dir='ltr'><strong>nostri</strong></span> <span class='ocrx_word' id='word_1_33' title='bbox 1124 933 1188 983; x_wconf 85' lang='lat' dir='ltr'><strong>lesu</strong></span> <span class='ocrx_word' id='word_1_34' title='bbox 1206 929 1304 983; x_wconf 85' lang='lat' dir='ltr'><strong>christi</strong></span> 
     </span>
     <span class='ocr_line' id='line_1_5' title="bbox 106 1029 1305 1102; baseline 0.003 -22"><span class='ocrx_word' id='word_1_35' title='bbox 106 1032 224 1094; x_wconf 87' lang='lat' dir='ltr'><strong>apostolica</strong></span> <span class='ocrx_word' id='word_1_36' title='bbox 234 1050 279 1102; x_wconf 88' lang='lat' dir='ltr'><strong>per</strong></span> <span class='ocrx_word' id='word_1_37' title='bbox 289 1036 450 1090; x_wconf 80' lang='lat' dir='ltr'><strong>universum</strong></span> <span class='ocrx_word' id='word_1_38' title='bbox 463 1033 597 1088; x_wconf 89' lang='lat' dir='ltr'><strong>mundum</strong></span> <span class='ocrx_word' id='word_1_39' title='bbox 610 1034 696 1087; x_wconf 76' lang='lat' dir='ltr'><strong>crevit</strong></span> <span class='ocrx_word' id='word_1_40' title='bbox 707 1032 885 1099; x_wconf 85' lang='lat' dir='ltr'><strong>praedicatio,</strong></span> <span class='ocrx_word' id='word_1_41' title='bbox 898 1030 936 1085; x_wconf 92' lang='lat' dir='ltr'><strong>ita</strong></span> <span class='ocrx_word' id='word_1_42' title='bbox 956 1037 988 1084; x_wconf 93' lang='lat' dir='ltr'><strong>ut</strong></span> <span class='ocrx_word' id='word_1_43' title='bbox 1007 1030 1096 1095; x_wconf 90' lang='lat' dir='ltr'><strong>multi,</strong></span> <span class='ocrx_word' id='word_1_44' title='bbox 1116 1029 1305 1097; x_wconf 79' lang='lat' dir='ltr'><strong>relinquentes</strong></span> 
     </span>
     <span class='ocr_line' id='line_1_6' title="bbox 77 1127 1305 1201; baseline -0.002 -19"><span class='ocrx_word' id='word_1_45' title='bbox 77 1127 93 1177; x_wconf 81' lang='grc'><strong>5</strong></span> <span class='ocrx_word' id='word_1_46' title='bbox 106 1131 289 1193; x_wconf 76' lang='lat' dir='ltr'><strong>superstitionem</strong></span> <span class='ocrx_word' id='word_1_47' title='bbox 302 1146 417 1187; x_wconf 82' lang='lat' dir='ltr'><strong>vacuam</strong></span> <span class='ocrx_word' id='word_1_48' title='bbox 429 1145 610 1201; x_wconf 84' lang='lat' dir='ltr'><strong>paganorum,</strong></span> <span class='ocrx_word' id='word_1_49' title='bbox 621 1132 916 1186; x_wconf 87' lang='lat' dir='ltr'><strong>crederentbominum</strong></span> <span class='ocrx_word' id='word_1_50' title='bbox 929 1135 1052 1183; x_wconf 93' lang='lat' dir='ltr'><strong>nostrum</strong></span> <span class='ocrx_word' id='word_1_51' title='bbox 1062 1132 1155 1182; x_wconf 82' lang='lat' dir='ltr'><strong>iesum</strong></span> <span class='ocrx_word' id='word_1_52' title='bbox 1167 1128 1305 1181; x_wconf 83' lang='lat' dir='ltr'><strong>Christum</strong></span> 
     </span>
     <span class='ocr_line' id='line_1_7' title="bbox 108 1226 1305 1300; baseline 0.004 -24"><span class='ocrx_word' id='word_1_53' title='bbox 108 1226 171 1281; x_wconf 85' lang='lat' dir='ltr'><strong>totius</strong></span> <span class='ocrx_word' id='word_1_54' title='bbox 180 1234 263 1288; x_wconf 89' lang='lat' dir='ltr'><strong>mundi</strong></span> <span class='ocrx_word' id='word_1_55' title='bbox 275 1247 335 1288; x_wconf 89' lang='lat' dir='ltr'><strong>esse</strong></span> <span class='ocrx_word' id='word_1_56' title='bbox 348 1234 549 1300; x_wconf 81' lang='lat' dir='ltr'><strong>redemptorem</strong></span> <span class='ocrx_word' id='word_1_57' title='bbox 569 1238 651 1300; x_wconf 81' lang='lat' dir='ltr'><strong>atquc</strong></span> <span class='ocrx_word' id='word_1_58' title='bbox 672 1231 843 1295; x_wconf 87' lang='lat' dir='ltr'><strong>salvatorem,</strong></span> <span class='ocrx_word' id='word_1_59' title='bbox 865 1243 1016 1296; x_wconf 79' lang='lat' dir='ltr'><strong>verumque</strong></span> <span class='ocrx_word' id='word_1_60' title='bbox 1036 1229 1082 1282; x_wconf 85' lang='lat' dir='ltr'><strong>liei</strong></span> <span class='ocrx_word' id='word_1_61' title='bbox 1104 1241 1165 1281; x_wconf 89' lang='lat' dir='ltr'><strong>esse</strong></span> <span class='ocrx_word' id='word_1_62' title='bbox 1183 1228 1305 1294; x_wconf 90' lang='lat' dir='ltr'><strong>omnipo·</strong></span> 
     </span>
     <span class='ocr_line' id='line_1_8' title="bbox 106 1324 1304 1398; baseline 0.003 -23"><span class='ocrx_word' id='word_1_63' title='bbox 106 1326 169 1379; x_wconf 86' lang='lat' dir='ltr'><strong>tentis</strong></span> <span class='ocrx_word' id='word_1_64' title='bbox 179 1329 263 1391; x_wconf 86' lang='lat' dir='ltr'><strong>ilium.</strong></span> <span class='ocrx_word' id='word_1_65' title='bbox 276 1346 339 1386; x_wconf 89' lang='lat' dir='ltr'><strong>cum</strong></span> <span class='ocrx_word' id='word_1_66' title='bbox 352 1337 445 1385; x_wconf 89' lang='lat' dir='ltr'><strong>sancto</strong></span> <span class='ocrx_word' id='word_1_67' title='bbox 457 1332 558 1398; x_wconf 82' lang='lat' dir='ltr'><strong>Spiritu</strong></span> <span class='ocrx_word' id='word_1_68' title='bbox 572 1329 660 1385; x_wconf 89' lang='lat' dir='ltr'><strong>eidem</strong></span> <span class='ocrx_word' id='word_1_69' title='bbox 673 1335 850 1384; x_wconf 85' lang='lat' dir='ltr'><strong>coaeternum</strong></span> <span class='ocrx_word' id='word_1_70' title='bbox 863 1334 889 1382; x_wconf 94' lang='lat' dir='ltr'><strong>ct</strong></span> <span class='ocrx_word' id='word_1_71' title='bbox 905 1326 1177 1391; x_wconf 80' lang='lat' dir='ltr'><strong>consubstantialem,</strong></span> <span class='ocrx_word' id='word_1_72' title='bbox 1190 1324 1304 1378; x_wconf 82' lang='lat' dir='ltr'><strong>confite·</strong></span> 
     </span>
     <span class='ocr_line' id='line_1_9' title="bbox 107 1426 1304 1499; baseline 0.005 -27"><span class='ocrx_word' id='word_1_73' title='bbox 107 1427 188 1481; x_wconf 83' lang='lat' dir='ltr'><strong>notu.</strong></span> <span class='ocrx_word' id='word_1_74' title='bbox 198 1432 247 1485; x_wconf 89' lang='lat' dir='ltr'><strong>beo</strong></span> <span class='ocrx_word' id='word_1_75' title='bbox 259 1443 335 1499; x_wconf 80' lang='lat' dir='ltr'><strong>ergo,</strong></span> <span class='ocrx_word' id='word_1_76' title='bbox 349 1430 396 1498; x_wconf 86' lang='lat' dir='ltr'><strong>qui</strong></span> <span class='ocrx_word' id='word_1_77' title='bbox 409 1429 501 1483; x_wconf 82' lang='lat' dir='ltr'><strong>omnia</strong></span> <span class='ocrx_word' id='word_1_78' title='bbox 513 1437 659 1497; x_wconf 87' lang='lat' dir='ltr'><strong>antequam</strong></span> <span class='ocrx_word' id='word_1_79' title='bbox 671 1428 736 1482; x_wconf 80' lang='lat' dir='ltr'><strong>dont</strong></span> <span class='ocrx_word' id='word_1_80' title='bbox 756 1430 818 1493; x_wconf 90' lang='lat' dir='ltr'><strong>scit,</strong></span> <span class='ocrx_word' id='word_1_81' title='bbox 831 1429 879 1496; x_wconf 89' lang='lat' dir='ltr'><strong>qui</strong></span> <span class='ocrx_word' id='word_1_82' title='bbox 897 1435 1035 1481; x_wconf 87' lang='lat' dir='ltr'><strong>summum</strong></span> <span class='ocrx_word' id='word_1_83' title='bbox 1048 1430 1088 1479; x_wconf 92' lang='lat' dir='ltr'><strong>est</strong></span> <span class='ocrx_word' id='word_1_84' title='bbox 1107 1426 1210 1478; x_wconf 93' lang='lat' dir='ltr'><strong>bonum</strong></span> <span class='ocrx_word' id='word_1_85' title='bbox 1223 1429 1304 1491; x_wconf 84' lang='lat' dir='ltr'><strong>atquc</strong></span> 
     </span>
     <span class='ocr_line' id='line_1_10' title="bbox 105 1523 1301 1596; baseline -0.001 -17"><span class='ocrx_word' id='word_1_86' title='bbox 105 1530 286 1595; x_wconf 79' lang='lat' dir='ltr'><strong>imueproeedit</strong></span> <span class='ocrx_word' id='word_1_87' title='bbox 296 1531 410 1596; x_wconf 90' lang='lat' dir='ltr'><strong>bonum,</strong></span> <span class='ocrx_word' id='word_1_88' title='bbox 422 1529 593 1596; x_wconf 75' lang='lat' dir='ltr'><strong>providente,</strong></span> <span class='ocrx_word' id='word_1_89' title='bbox 607 1535 693 1583; x_wconf 90' lang='lat' dir='ltr'><strong>totum</strong></span> <span class='ocrx_word' id='word_1_90' title='bbox 706 1529 875 1596; x_wconf 86' lang='lat' dir='ltr'><strong>perlustrans</strong></span> <span class='ocrx_word' id='word_1_91' title='bbox 888 1528 1021 1581; x_wconf 91' lang='lat' dir='ltr'><strong>mundum</strong></span> <span class='ocrx_word' id='word_1_92' title='bbox 1033 1524 1154 1579; x_wconf 72' lang='lat' dir='ltr'><strong>veridica</strong></span> <span class='ocrx_word' id='word_1_93' title='bbox 1167 1523 1301 1590; x_wconf 87' lang='lat' dir='ltr'><strong>doctrina,</strong></span> 
     </span>
     <span class='ocr_line' id='line_1_11' title="bbox 67 1620 1303 1698; baseline 0.001 -24"><span class='ocrx_word' id='word_1_94' title='bbox 67 1621 92 1674; x_wconf 88' lang='lat' dir='ltr'><strong>io</strong></span> <span class='ocrx_word' id='word_1_95' title='bbox 106 1620 256 1684; x_wconf 75' lang='lat' dir='ltr'><strong>idbnntcam</strong></span> <span class='ocrx_word' id='word_1_96' title='bbox 267 1642 396 1698; x_wconf 85' lang='lat' dir='ltr'><strong>aggressa</strong></span> <span class='ocrx_word' id='word_1_97' title='bbox 409 1634 449 1685; x_wconf 88' lang='lat' dir='ltr'><strong>cst</strong></span> <span class='ocrx_word' id='word_1_98' title='bbox 461 1630 595 1683; x_wconf 87' lang='lat' dir='ltr'><strong>illustrem</strong></span> <span class='ocrx_word' id='word_1_99' title='bbox 609 1629 786 1696; x_wconf 74' lang='lat' dir='ltr'><strong>provinciam.</strong></span> <span class='ocrx_word' id='word_1_100' title='bbox 800 1627 979 1694; x_wconf 85' lang='lat' dir='ltr'><strong>Temporibus</strong></span> <span class='ocrx_word' id='word_1_101' title='bbox 1002 1626 1083 1695; x_wconf 90' lang='lat' dir='ltr'><strong>igitur</strong></span> <span class='ocrx_word' id='word_1_102' title='bbox 1094 1624 1234 1678; x_wconf 86' lang='lat' dir='ltr'><strong>Gilleberti</strong></span> <span class='ocrx_word' id='word_1_103' title='bbox 1248 1625 1303 1675; x_wconf 82' lang='lat' dir='ltr'><strong>liri-</strong></span> 
     </span>
     <span class='ocr_line' id='line_1_12' title="bbox 104 1723 1300 1798; baseline 0 -22"><span class='ocrx_word' id='word_1_104' title='bbox 104 1723 175 1780; x_wconf 81' lang='lat' dir='ltr'><strong>leuum</strong></span> <span class='ocrx_word' id='word_1_105' title='bbox 187 1730 262 1798; x_wconf 87' lang='lat' dir='ltr'><strong>regis,</strong></span> <span class='ocrx_word' id='word_1_106' title='bbox 276 1730 305 1782; x_wconf 92' lang='lat' dir='ltr'><strong>in</strong></span> <span class='ocrx_word' id='word_1_107' title='bbox 318 1728 417 1782; x_wconf 91' lang='lat' dir='ltr'><strong>tellure</strong></span> <span class='ocrx_word' id='word_1_108' title='bbox 430 1730 596 1795; x_wconf 87' lang='lat' dir='ltr'><strong>Temetiana,</strong></span> <span class='ocrx_word' id='word_1_109' title='bbox 607 1729 744 1796; x_wconf 81' lang='lat' dir='ltr'><strong>praelatae</strong></span> <span class='ocrx_word' id='word_1_110' title='bbox 756 1728 859 1794; x_wconf 89' lang='lat' dir='ltr'><strong>regioni</strong></span> <span class='ocrx_word' id='word_1_111' title='bbox 873 1728 1009 1796; x_wconf 87' lang='lat' dir='ltr'><strong>contigua,</strong></span> <span class='ocrx_word' id='word_1_112' title='bbox 1023 1725 1064 1779; x_wconf 86' lang='lat' dir='ltr'><strong>vir</strong></span> <span class='ocrx_word' id='word_1_113' title='bbox 1076 1725 1177 1779; x_wconf 70' lang='lat' dir='ltr'><strong>eustitit</strong></span> <span class='ocrx_word' id='word_1_114' title='bbox 1190 1724 1300 1777; x_wconf 92' lang='lat' dir='ltr'><strong>nobilis·</strong></span> 
     </span>
     <span class='ocr_line' id='line_1_13' title="bbox 103 1818 1300 1894; baseline -0.002 -16"><span class='ocrx_word' id='word_1_115' title='bbox 103 1818 264 1893; x_wconf 72' lang='lat' dir='ltr'><strong>sinusmente</strong></span> <span class='ocrx_word' id='word_1_116' title='bbox 273 1835 328 1883; x_wconf 88' lang='lat' dir='ltr'><strong>tota</strong></span> <span class='ocrx_word' id='word_1_117' title='bbox 338 1829 616 1894; x_wconf 85' lang='lat' dir='ltr'><strong>catholicus‚nomine</strong></span> <span class='ocrx_word' id='word_1_118' title='bbox 625 1828 743 1894; x_wconf 78' lang='lat' dir='ltr'><strong>Boletos,</strong></span> <span class='ocrx_word' id='word_1_119' title='bbox 751 1828 937 1881; x_wconf 87' lang='lat' dir='ltr'><strong>utenssolatio</strong></span> <span class='ocrx_word' id='word_1_120' title='bbox 947 1826 1080 1894; x_wconf 83' lang='lat' dir='ltr'><strong>conjugis,</strong></span> <span class='ocrx_word' id='word_1_121' title='bbox 1093 1825 1169 1877; x_wconf 79' lang='lat' dir='ltr'><strong>Alma</strong></span> <span class='ocrx_word' id='word_1_122' title='bbox 1179 1823 1300 1877; x_wconf 91' lang='lat' dir='ltr'><strong>nomine.</strong></span> 
     </span>
     <span class='ocr_line' id='line_1_14' title="bbox 103 1920 1302 1997; baseline -0.004 -15"><span class='ocrx_word' id='word_1_123' title='bbox 103 1920 200 1994; x_wconf 72' lang='lat' dir='ltr'><strong>[lisque</strong></span> <span class='ocrx_word' id='word_1_124' title='bbox 210 1934 290 1983; x_wconf 88' lang='lat' dir='ltr'><strong>nocte</strong></span> <span class='ocrx_word' id='word_1_125' title='bbox 302 1929 421 1997; x_wconf 88' lang='lat' dir='ltr'><strong>quadam</strong></span> <span class='ocrx_word' id='word_1_126' title='bbox 435 1930 500 1983; x_wconf 89' lang='lat' dir='ltr'><strong>toris</strong></span> <span class='ocrx_word' id='word_1_127' title='bbox 511 1930 677 1984; x_wconf 90' lang='lat' dir='ltr'><strong>cubantibus</strong></span> <span class='ocrx_word' id='word_1_128' title='bbox 699 1944 748 1996; x_wconf 92' lang='lat' dir='ltr'><strong>per</strong></span> <span class='ocrx_word' id='word_1_129' title='bbox 768 1928 895 1996; x_wconf 77' lang='lat' dir='ltr'><strong>angelum</strong></span> <span class='ocrx_word' id='word_1_130' title='bbox 918 1928 948 1981; x_wconf 94' lang='lat' dir='ltr'><strong>in</strong></span> <span class='ocrx_word' id='word_1_131' title='bbox 969 1927 1075 1981; x_wconf 77' lang='lat' dir='ltr'><strong>visione</strong></span> <span class='ocrx_word' id='word_1_132' title='bbox 1093 1925 1240 1980; x_wconf 81' lang='lat' dir='ltr'><strong>revelatum</strong></span> <span class='ocrx_word' id='word_1_133' title='bbox 1260 1927 1302 1977; x_wconf 89' lang='lat' dir='ltr'><strong>est</strong></span> 
     </span>
     <span class='ocr_line' id='line_1_15' title="bbox 101 2002 1471 2098; baseline -0.003 -18"><span class='ocrx_word' id='word_1_134' title='bbox 101 2024 211 2083; x_wconf 76' lang='lat' dir='ltr'><strong>umidis</strong></span> <span class='ocrx_word' id='word_1_135' title='bbox 224 2031 380 2083; x_wconf 86' lang='lat' dir='ltr'><strong>nasciturus</strong></span> <span class='ocrx_word' id='word_1_136' title='bbox 393 2002 557 2093; x_wconf 61' lang='lat' dir='ltr'><strong>esseillius,</strong></span> <span class='ocrx_word' id='word_1_137' title='bbox 580 2044 662 2098; x_wconf 84' lang='lat' dir='ltr'><strong>quem</strong></span> <span class='ocrx_word' id='word_1_138' title='bbox 684 2034 777 2083; x_wconf 92' lang='lat' dir='ltr'><strong>natum</strong></span> <span class='ocrx_word' id='word_1_139' title='bbox 798 2028 1179 2093; x_wconf 82' lang='lat' dir='ltr'><strong>Leonarium&#39;nominarent,</strong></span> <span class='ocrx_word' id='word_1_140' title='bbox 1201 2024 1300 2079; x_wconf 89' lang='lat' dir='ltr'><strong>doctri·</strong></span> <span class='ocrx_word' id='word_1_141' title='bbox 1336 2028 1471 2086; x_wconf 65' lang='lat' dir='ltr'><strong>‘sicpoc</strong></span> 
     </span>
     <span class='ocr_line' id='line_1_16' title="bbox 64 2097 1471 2229; baseline 0.013 -65"><span class='ocrx_word' id='word_1_142' title='bbox 64 2114 87 2165; x_wconf 80' lang='lat' dir='ltr'><strong>li</strong></span> <span class='ocrx_word' id='word_1_143' title='bbox 99 2119 173 2191; x_wconf 77' lang='lat' dir='ltr'><strong>nisum</strong></span> <span class='ocrx_word' id='word_1_144' title='bbox 185 2129 342 2183; x_wconf 87' lang='lat' dir='ltr'><strong>liberalibus</strong></span> <span class='ocrx_word' id='word_1_145' title='bbox 355 2129 496 2183; x_wconf 88' lang='lat' dir='ltr'><strong>traderent</strong></span> <span class='ocrx_word' id='word_1_146' title='bbox 506 2129 689 2183; x_wconf 89' lang='lat' dir='ltr'><strong>edocendum.</strong></span> <span class='ocrx_word' id='word_1_147' title='bbox 1326 2097 1471 2229; x_wconf 45' lang='lat' dir='ltr'><strong>defflccffips</strong></span> 
     </span>
     <span class='ocr_line' id='line_1_17' title="bbox 120 2222 1477 2297; baseline 0.004 -17"><span class='ocrx_word' id='word_1_148' title='bbox 120 2222 144 2278; x_wconf 75' lang='lat'><strong>2.</strong></span> <span class='ocrx_word' id='word_1_149' title='bbox 153 2229 215 2282; x_wconf 80' lang='lat' dir='ltr'><strong>tlato</strong></span> <span class='ocrx_word' id='word_1_150' title='bbox 227 2233 318 2282; x_wconf 90' lang='lat' dir='ltr'><strong>autem</strong></span> <span class='ocrx_word' id='word_1_151' title='bbox 331 2242 427 2296; x_wconf 86' lang='lat' dir='ltr'><strong>puero,</strong></span> <span class='ocrx_word' id='word_1_152' title='bbox 436 2241 499 2282; x_wconf 91' lang='lat' dir='ltr'><strong>cum</strong></span> <span class='ocrx_word' id='word_1_153' title='bbox 510 2242 647 2283; x_wconf 90' lang='lat' dir='ltr'><strong>annorum</strong></span> <span class='ocrx_word' id='word_1_154' title='bbox 659 2233 731 2283; x_wconf 90' lang='lat' dir='ltr'><strong>esset</strong></span> <span class='ocrx_word' id='word_1_155' title='bbox 746 2228 1006 2297; x_wconf 69' lang='lat' dir='ltr'><strong>quinqueangulos</strong></span> <span class='ocrx_word' id='word_1_156' title='bbox 1016 2231 1160 2295; x_wconf 87' lang='lat' dir='ltr'><strong>praecepto</strong></span> <span class='ocrx_word' id='word_1_157' title='bbox 1171 2230 1300 2293; x_wconf 87' lang='lat' dir='ltr'><strong>parentes</strong></span> <span class='ocrx_word' id='word_1_158' title='bbox 1317 2230 1477 2285; x_wconf 84' lang='lat' dir='ltr'><strong>Leonorius.</strong></span> 
     </span>
     <span class='ocr_line' id='line_1_18' title="bbox 95 2316 1298 2395; baseline 0.002 -19"><span class='ocrx_word' id='word_1_159' title='bbox 95 2316 283 2382; x_wconf 82' lang='lat' dir='ltr'><strong>inremoteum</strong></span> <span class='ocrx_word' id='word_1_160' title='bbox 303 2329 336 2382; x_wconf 90' lang='lat' dir='ltr'><strong>ad</strong></span> <span class='ocrx_word' id='word_1_161' title='bbox 359 2328 479 2382; x_wconf 86' lang='lat' dir='ltr'><strong>scholam</strong></span> <span class='ocrx_word' id='word_1_162' title='bbox 501 2333 528 2382; x_wconf 91' lang='lat' dir='ltr'><strong>et</strong></span> <span class='ocrx_word' id='word_1_163' title='bbox 544 2329 808 2384; x_wconf 81' lang='lat' dir='ltr'><strong>commendaverunt</strong></span> <span class='ocrx_word' id='word_1_164' title='bbox 828 2329 936 2383; x_wconf 88' lang='lat' dir='ltr'><strong>lieltuto</strong></span> <span class='ocrx_word' id='word_1_165' title='bbox 957 2329 1014 2383; x_wconf 87' lang='lat' dir='ltr'><strong>viro</strong></span> <span class='ocrx_word' id='word_1_166' title='bbox 1035 2325 1245 2395; x_wconf 88' lang='lat' dir='ltr'><strong>sapientissimo.</strong></span> <span class='ocrx_word' id='word_1_167' title='bbox 1266 2327 1298 2378; x_wconf 95' lang='lat' dir='ltr'><strong>ln</strong></span> 
     </span>
     <span class='ocr_line' id='line_1_19' title="bbox 11 2424 1297 2498; baseline 0 -21"><span class='ocrx_word' id='word_1_168' title='bbox 11 2466 14 2473; x_wconf 93' lang='lat'><strong>.</strong></span> <span class='ocrx_word' id='word_1_169' title='bbox 94 2424 176 2481; x_wconf 79' lang='lat' dir='ltr'><strong>butum</strong></span> <span class='ocrx_word' id='word_1_170' title='bbox 188 2436 280 2483; x_wconf 90' lang='lat' dir='ltr'><strong>autem</strong></span> <span class='ocrx_word' id='word_1_171' title='bbox 291 2442 375 2496; x_wconf 88' lang='lat' dir='ltr'><strong>super</strong></span> <span class='ocrx_word' id='word_1_172' title='bbox 386 2429 483 2481; x_wconf 85' lang='lat' dir='ltr'><strong>Christi</strong></span> <span class='ocrx_word' id='word_1_173' title='bbox 497 2442 612 2496; x_wconf 85' lang='lat' dir='ltr'><strong>puerum</strong></span> <span class='ocrx_word' id='word_1_174' title='bbox 625 2429 718 2483; x_wconf 76' lang='lat' dir='ltr'><strong>(lirina</strong></span> <span class='ocrx_word' id='word_1_175' title='bbox 740 2429 814 2483; x_wconf 81' lang='lat' dir='ltr'><strong>fulsit</strong></span> <span class='ocrx_word' id='word_1_176' title='bbox 832 2429 919 2498; x_wconf 88' lang='lat' dir='ltr'><strong>gratia</strong></span> <span class='ocrx_word' id='word_1_177' title='bbox 941 2434 970 2482; x_wconf 92' lang='lat' dir='ltr'><strong>ut</strong></span> <span class='ocrx_word' id='word_1_178' title='bbox 982 2429 1069 2495; x_wconf 87' lang='lat' dir='ltr'><strong>prima</strong></span> <span class='ocrx_word' id='word_1_179' title='bbox 1081 2427 1125 2482; x_wconf 92' lang='lat' dir='ltr'><strong>die</strong></span> <span class='ocrx_word' id='word_1_180' title='bbox 1146 2427 1297 2480; x_wconf 85' lang='lat' dir='ltr'><strong>litterarum</strong></span> 
     </span>
     <span class='ocr_line' id='line_1_20' title="bbox 91 2524 1299 2596; baseline 0.001 -19"><span class='ocrx_word' id='word_1_181' title='bbox 91 2526 193 2579; x_wconf 81' lang='lat' dir='ltr'><strong>tunium</strong></span> <span class='ocrx_word' id='word_1_182' title='bbox 204 2528 296 2594; x_wconf 87' lang='lat' dir='ltr'><strong>apices</strong></span> <span class='ocrx_word' id='word_1_183' title='bbox 308 2533 478 2596; x_wconf 88' lang='lat' dir='ltr'><strong>agnosceret,</strong></span> <span class='ocrx_word' id='word_1_184' title='bbox 492 2528 520 2580; x_wconf 93' lang='lat' dir='ltr'><strong>in</strong></span> <span class='ocrx_word' id='word_1_185' title='bbox 533 2529 652 2581; x_wconf 86' lang='lat' dir='ltr'><strong>secundo</strong></span> <span class='ocrx_word' id='word_1_186' title='bbox 665 2529 873 2595; x_wconf 84' lang='lat' dir='ltr'><strong>conjunctiones</strong></span> <span class='ocrx_word' id='word_1_187' title='bbox 887 2527 1039 2582; x_wconf 90' lang='lat' dir='ltr'><strong>earundem</strong></span> <span class='ocrx_word' id='word_1_188' title='bbox 1058 2527 1149 2591; x_wconf 88' lang='lat' dir='ltr'><strong>sciret,</strong></span> <span class='ocrx_word' id='word_1_189' title='bbox 1171 2527 1200 2579; x_wconf 93' lang='lat' dir='ltr'><strong>in</strong></span> <span class='ocrx_word' id='word_1_190' title='bbox 1220 2524 1299 2578; x_wconf 90' lang='lat' dir='ltr'><strong>tertio</strong></span> 
     </span>
     <span class='ocr_line' id='line_1_21' title="bbox 10 2611 1296 2695; baseline 0.002 -20"><span class='ocrx_word' id='word_1_191' title='bbox 10 2676 13 2695; x_wconf 68' lang='grc'>,</span> <span class='ocrx_word' id='word_1_192' title='bbox 59 2611 139 2679; x_wconf 68' lang='lat' dir='ltr'><strong>litero</strong></span> <span class='ocrx_word' id='word_1_193' title='bbox 150 2624 288 2681; x_wconf 87' lang='lat' dir='ltr'><strong>scribendi</strong></span> <span class='ocrx_word' id='word_1_194' title='bbox 302 2627 436 2694; x_wconf 88' lang='lat' dir='ltr'><strong>notitiam,</strong></span> <span class='ocrx_word' id='word_1_195' title='bbox 449 2628 550 2694; x_wconf 87' lang='lat' dir='ltr'><strong>Spiritu</strong></span> <span class='ocrx_word' id='word_1_196' title='bbox 562 2633 657 2681; x_wconf 87' lang='lat' dir='ltr'><strong>sancto</strong></span> <span class='ocrx_word' id='word_1_197' title='bbox 673 2629 855 2695; x_wconf 87' lang='lat' dir='ltr'><strong>illuminante,</strong></span> <span class='ocrx_word' id='word_1_198' title='bbox 869 2634 942 2683; x_wconf 87' lang='lat' dir='ltr'><strong>recte</strong></span> <span class='ocrx_word' id='word_1_199' title='bbox 956 2632 1141 2695; x_wconf 84' lang='lat' dir='ltr'><strong>componeret.</strong></span> <span class='ocrx_word' id='word_1_200' title='bbox 1165 2630 1296 2680; x_wconf 83' lang='lat' dir='ltr'><strong>Processu</strong></span> 
     </span>
     <span class='ocr_line' id='line_1_22' title="bbox 89 2722 1302 2796; baseline 0.001 -21"><span class='ocrx_word' id='word_1_201' title='bbox 89 2722 204 2792; x_wconf 76' lang='lat' dir='ltr'><strong>temporis</strong></span> <span class='ocrx_word' id='word_1_202' title='bbox 215 2725 338 2793; x_wconf 82' lang='lat' dir='ltr'><strong>denique</strong></span> <span class='ocrx_word' id='word_1_203' title='bbox 352 2727 380 2779; x_wconf 94' lang='lat' dir='ltr'><strong>in</strong></span> <span class='ocrx_word' id='word_1_204' title='bbox 393 2728 594 2793; x_wconf 84' lang='lat' dir='ltr'><strong>seripturarum</strong></span> <span class='ocrx_word' id='word_1_205' title='bbox 607 2727 720 2781; x_wconf 87' lang='lat' dir='ltr'><strong>seientia</strong></span> <span class='ocrx_word' id='word_1_206' title='bbox 741 2728 896 2796; x_wconf 78' lang='lat' dir='ltr'><strong>divinisque</strong></span> <span class='ocrx_word' id='word_1_207' title='bbox 906 2727 1033 2781; x_wconf 83' lang='lat' dir='ltr'><strong>laudibus</strong></span> <span class='ocrx_word' id='word_1_208' title='bbox 1045 2727 1150 2780; x_wconf 90' lang='lat' dir='ltr'><strong>nemini</strong></span> <span class='ocrx_word' id='word_1_209' title='bbox 1163 2725 1302 2780; x_wconf 90' lang='lat' dir='ltr'><strong>sccundus</strong></span> 
     </span>
     <span class='ocr_line' id='line_1_23' title="bbox 88 2824 1302 2895; baseline 0.002 -18"><span class='ocrx_word' id='word_1_210' title='bbox 88 2824 140 2879; x_wconf 83' lang='lat' dir='ltr'><strong>lunc</strong></span> <span class='ocrx_word' id='word_1_211' title='bbox 154 2827 288 2893; x_wconf 84' lang='lat' dir='ltr'><strong>temporis</strong></span> <span class='ocrx_word' id='word_1_212' title='bbox 309 2826 410 2880; x_wconf 88' lang='lat' dir='ltr'><strong>deruit.</strong></span> <span class='ocrx_word' id='word_1_213' title='bbox 430 2830 511 2880; x_wconf 84' lang='lat' dir='ltr'><strong>Fama</strong></span> <span class='ocrx_word' id='word_1_214' title='bbox 524 2829 615 2895; x_wconf 85' lang='lat' dir='ltr'><strong>itaque</strong></span> <span class='ocrx_word' id='word_1_215' title='bbox 627 2829 778 2881; x_wconf 87' lang='lat' dir='ltr'><strong>sanctitatis</strong></span> <span class='ocrx_word' id='word_1_216' title='bbox 790 2830 851 2895; x_wconf 89' lang='lat' dir='ltr'><strong>ejus</strong></span> <span class='ocrx_word' id='word_1_217' title='bbox 863 2828 962 2890; x_wconf 84' lang='lat' dir='ltr'><strong>exibat,</strong></span> <span class='ocrx_word' id='word_1_218' title='bbox 976 2828 1105 2895; x_wconf 86' lang='lat' dir='ltr'><strong>quatinus</strong></span> <span class='ocrx_word' id='word_1_219' title='bbox 1119 2840 1153 2880; x_wconf 84' lang='lat' dir='ltr'><strong>ex</strong></span> <span class='ocrx_word' id='word_1_220' title='bbox 1173 2826 1302 2880; x_wconf 91' lang='lat' dir='ltr'><strong>omnibus</strong></span> 
     </span>
     <span class='ocr_line' id='line_1_24' title="bbox 87 2926 1302 2995; baseline 0 -16"><span class='ocrx_word' id='word_1_221' title='bbox 87 2926 219 2987; x_wconf 71' lang='lat' dir='ltr'><strong>prouinciis</strong></span> <span class='ocrx_word' id='word_1_222' title='bbox 240 2926 386 2980; x_wconf 90' lang='lat' dir='ltr'><strong>multitudo</strong></span> <span class='ocrx_word' id='word_1_223' title='bbox 399 2927 561 2993; x_wconf 89' lang='lat' dir='ltr'><strong>populorum</strong></span> <span class='ocrx_word' id='word_1_224' title='bbox 574 2928 733 2995; x_wconf 81' lang='lat' dir='ltr'><strong>frequenter</strong></span> <span class='ocrx_word' id='word_1_225' title='bbox 745 2927 778 2982; x_wconf 89' lang='lat' dir='ltr'><strong>ad</strong></span> <span class='ocrx_word' id='word_1_226' title='bbox 792 2929 939 2983; x_wconf 82' lang='lat' dir='ltr'><strong>ridendum</strong></span> <span class='ocrx_word' id='word_1_227' title='bbox 959 2942 1022 2981; x_wconf 91' lang='lat' dir='ltr'><strong>cum</strong></span> <span class='ocrx_word' id='word_1_228' title='bbox 1035 2928 1161 2981; x_wconf 82' lang='lat' dir='ltr'><strong>veniebat</strong></span> <span class='ocrx_word' id='word_1_229' title='bbox 1178 2931 1205 2980; x_wconf 92' lang='lat' dir='ltr'><strong>et</strong></span> <span class='ocrx_word' id='word_1_230' title='bbox 1217 2926 1302 2979; x_wconf 89' lang='lat' dir='ltr'><strong>multa</strong></span> 
     </span>
     <span class='ocr_line' id='line_1_25' title="bbox 85 3023 1300 3095; baseline 0.003 -22"><span class='ocrx_word' id='word_1_231' title='bbox 85 3023 224 3079; x_wconf 86' lang='lat' dir='ltr'><strong>eimunera</strong></span> <span class='ocrx_word' id='word_1_232' title='bbox 243 3026 392 3079; x_wconf 87' lang='lat' dir='ltr'><strong>deferebat.</strong></span> <span class='ocrx_word' id='word_1_233' title='bbox 415 3028 529 3079; x_wconf 86' lang='lat' dir='ltr'><strong>Sanetus</strong></span> <span class='ocrx_word' id='word_1_234' title='bbox 549 3033 639 3079; x_wconf 90' lang='lat' dir='ltr'><strong>autem</strong></span> <span class='ocrx_word' id='word_1_235' title='bbox 653 3029 804 3080; x_wconf 78' lang='lat' dir='ltr'><strong>leonorius</strong></span> <span class='ocrx_word' id='word_1_236' title='bbox 825 3029 870 3080; x_wconf 89' lang='lat' dir='ltr'><strong>illa</strong></span> <span class='ocrx_word' id='word_1_237' title='bbox 891 3042 1006 3081; x_wconf 90' lang='lat' dir='ltr'><strong>munera</strong></span> <span class='ocrx_word' id='word_1_238' title='bbox 1026 3028 1175 3093; x_wconf 86' lang='lat' dir='ltr'><strong>accipiens,</strong></span> <span class='ocrx_word' id='word_1_239' title='bbox 1197 3026 1300 3095; x_wconf 89' lang='lat' dir='ltr'><strong>egenis,</strong></span> 
     </span>
     <span class='ocr_line' id='line_1_26' title="bbox 52 3113 1144 3192; baseline 0.004 -19"><span class='ocrx_word' id='word_1_240' title='bbox 52 3113 73 3168; x_wconf 76' lang='lat' dir='ltr'><strong>ti</strong></span> <span class='ocrx_word' id='word_1_241' title='bbox 85 3126 203 3191; x_wconf 81' lang='lat' dir='ltr'><strong>orphanis</strong></span> <span class='ocrx_word' id='word_1_242' title='bbox 225 3130 308 3192; x_wconf 80' lang='lat' dir='ltr'><strong>atque</strong></span> <span class='ocrx_word' id='word_1_243' title='bbox 328 3125 416 3178; x_wconf 90' lang='lat' dir='ltr'><strong>viduis</strong></span> <span class='ocrx_word' id='word_1_244' title='bbox 432 3125 615 3179; x_wconf 86' lang='lat' dir='ltr'><strong>distribuebat</strong></span> <span class='ocrx_word' id='word_1_245' title='bbox 627 3133 654 3180; x_wconf 91' lang='lat' dir='ltr'><strong>et</strong></span> <span class='ocrx_word' id='word_1_246' title='bbox 666 3126 735 3179; x_wconf 85' lang='lat' dir='ltr'><strong>nibil</strong></span> <span class='ocrx_word' id='word_1_247' title='bbox 749 3128 782 3180; x_wconf 90' lang='lat' dir='ltr'><strong>ad</strong></span> <span class='ocrx_word' id='word_1_248' title='bbox 796 3142 876 3180; x_wconf 89' lang='lat' dir='ltr'><strong>usum</strong></span> <span class='ocrx_word' id='word_1_249' title='bbox 888 3143 967 3181; x_wconf 90' lang='lat' dir='ltr'><strong>suum</strong></span> <span class='ocrx_word' id='word_1_250' title='bbox 981 3126 1144 3181; x_wconf 86' lang='lat' dir='ltr'><strong>reservabat.</strong></span> 
     </span>
     <span class='ocr_line' id='line_1_27' title="bbox 109 3225 1303 3295; baseline 0 -18"><span class='ocrx_word' id='word_1_251' title='bbox 109 3225 137 3278; x_wconf 79' lang='grc'><strong>3.</strong></span> <span class='ocrx_word' id='word_1_252' title='bbox 150 3227 275 3292; x_wconf 85' lang='lat' dir='ltr'><strong>Cumque</strong></span> <span class='ocrx_word' id='word_1_253' title='bbox 288 3237 325 3277; x_wconf 76' lang='lat' dir='ltr'><strong>xv</strong></span> <span class='ocrx_word' id='word_1_254' title='bbox 336 3238 472 3278; x_wconf 91' lang='lat' dir='ltr'><strong>annorum</strong></span> <span class='ocrx_word' id='word_1_255' title='bbox 485 3230 592 3292; x_wconf 88' lang='lat' dir='ltr'><strong>tempus</strong></span> <span class='ocrx_word' id='word_1_256' title='bbox 605 3227 728 3291; x_wconf 85' lang='lat' dir='ltr'><strong>baberet,</strong></span> <span class='ocrx_word' id='word_1_257' title='bbox 742 3240 839 3281; x_wconf 92' lang='lat' dir='ltr'><strong>omnes</strong></span> <span class='ocrx_word' id='word_1_258' title='bbox 861 3228 981 3295; x_wconf 83' lang='lat' dir='ltr'><strong>regionis</strong></span> <span class='ocrx_word' id='word_1_259' title='bbox 1003 3227 1076 3280; x_wconf 91' lang='lat' dir='ltr'><strong>illius</strong></span> <span class='ocrx_word' id='word_1_260' title='bbox 1098 3227 1233 3293; x_wconf 90' lang='lat' dir='ltr'><strong>bomines,</strong></span> <span class='ocrx_word' id='word_1_261' title='bbox 1253 3226 1303 3277; x_wconf 77' lang='lat' dir='ltr'><strong>riri</strong></span> 
     </span>
     <span class='ocr_line' id='line_1_28' title="bbox 84 3320 1303 3393; baseline 0.005 -22"><span class='ocrx_word' id='word_1_262' title='bbox 84 3320 196 3378; x_wconf 84' lang='lat' dir='ltr'><strong>simulet</strong></span> <span class='ocrx_word' id='word_1_263' title='bbox 210 3325 350 3389; x_wconf 91' lang='lat' dir='ltr'><strong>mulieres,</strong></span> <span class='ocrx_word' id='word_1_264' title='bbox 364 3338 419 3379; x_wconf 91' lang='lat' dir='ltr'><strong>uno</strong></span> <span class='ocrx_word' id='word_1_265' title='bbox 432 3337 579 3392; x_wconf 90' lang='lat' dir='ltr'><strong>consensu,</strong></span> <span class='ocrx_word' id='word_1_266' title='bbox 593 3340 648 3379; x_wconf 90' lang='lat' dir='ltr'><strong>una</strong></span> <span class='ocrx_word' id='word_1_267' title='bbox 661 3340 735 3391; x_wconf 75' lang='lat' dir='ltr'><strong>voce,</strong></span> <span class='ocrx_word' id='word_1_268' title='bbox 749 3325 782 3380; x_wconf 88' lang='lat' dir='ltr'><strong>ad</strong></span> <span class='ocrx_word' id='word_1_269' title='bbox 796 3328 968 3393; x_wconf 87' lang='lat' dir='ltr'><strong>episcopatus</strong></span> <span class='ocrx_word' id='word_1_270' title='bbox 981 3328 1115 3381; x_wconf 88' lang='lat' dir='ltr'><strong>bonorem</strong></span> <span class='ocrx_word' id='word_1_271' title='bbox 1133 3327 1227 3379; x_wconf 86' lang='lat' dir='ltr'><strong>venire</strong></span> <span class='ocrx_word' id='word_1_272' title='bbox 1241 3339 1303 3379; x_wconf 92' lang='lat' dir='ltr'><strong>cum</strong></span> 
     </span>
     <span class='ocr_line' id='line_1_29' title="bbox 10 3424 1304 3494; baseline 0.004 -22"><span class='ocrx_word' id='word_1_273' title='bbox 10 3484 14 3493; x_wconf 30' lang='grc' dir='ltr'>Ι</span> <span class='ocrx_word' id='word_1_274' title='bbox 83 3424 311 3491; x_wconf 79' lang='lat' dir='ltr'><strong>cupiebantalque</strong></span> <span class='ocrx_word' id='word_1_275' title='bbox 320 3425 598 3479; x_wconf 75' lang='lat' dir='ltr'><strong>exhortabanturllle</strong></span> <span class='ocrx_word' id='word_1_276' title='bbox 611 3439 675 3480; x_wconf 80' lang='lat' dir='ltr'><strong>tero</strong></span> <span class='ocrx_word' id='word_1_277' title='bbox 688 3427 723 3479; x_wconf 86' lang='lat' dir='ltr'><strong>ita</strong></span> <span class='ocrx_word' id='word_1_278' title='bbox 737 3426 908 3493; x_wconf 87' lang='lat' dir='ltr'><strong>respondens</strong></span> <span class='ocrx_word' id='word_1_279' title='bbox 917 3428 973 3479; x_wconf 87' lang='lat' dir='ltr'><strong>ait:</strong></span> <span class='ocrx_word' id='word_1_280' title='bbox 989 3424 1220 3494; x_wconf 69' lang='lat' dir='ltr'><strong>Ocitisraires,</strong></span> <span class='ocrx_word' id='word_1_281' title='bbox 1230 3425 1304 3493; x_wconf 80' lang='lat' dir='ltr'><strong>quid</strong></span> 
     </span>
     <span class='ocr_line' id='line_1_30' title="bbox 83 3523 1305 3593; baseline 0.002 -19"><span class='ocrx_word' id='word_1_282' title='bbox 83 3532 121 3577; x_wconf 88' lang='lat' dir='ltr'><strong>me</strong></span> <span class='ocrx_word' id='word_1_283' title='bbox 130 3524 173 3577; x_wconf 81' lang='lat' dir='ltr'><strong>ad</strong></span> <span class='ocrx_word' id='word_1_284' title='bbox 184 3523 270 3576; x_wconf 81' lang='lat' dir='ltr'><strong>tanti</strong></span> <span class='ocrx_word' id='word_1_285' title='bbox 275 3523 428 3591; x_wconf 69' lang='lat' dir='ltr'><strong>perpeteris</strong></span> <span class='ocrx_word' id='word_1_286' title='bbox 438 3524 600 3579; x_wconf 80' lang='lat' dir='ltr'><strong>sarcinam</strong></span> <span class='ocrx_word' id='word_1_287' title='bbox 612 3526 728 3593; x_wconf 77' lang='lat' dir='ltr'><strong>cupitis</strong></span> <span class='ocrx_word' id='word_1_288' title='bbox 747 3525 950 3591; x_wconf 75' lang='lat' dir='ltr'><strong>inJ&#39;uocntide</strong></span> <span class='ocrx_word' id='word_1_289' title='bbox 966 3525 1163 3593; x_wconf 79' lang='lat' dir='ltr'><strong>prouocare?</strong></span> <span class='ocrx_word' id='word_1_290' title='bbox 1183 3528 1305 3592; x_wconf 83' lang='lat' dir='ltr'><strong>ltespon·</strong></span> 
     </span>
     <span class='ocr_line' id='line_1_31' title="bbox 50 3610 1302 3693; baseline 0.006 -24"><span class='ocrx_word' id='word_1_291' title='bbox 50 3610 142 3675; x_wconf 73' lang='lat' dir='ltr'><strong>biens</strong></span> <span class='ocrx_word' id='word_1_292' title='bbox 153 3625 247 3675; x_wconf 88' lang='lat' dir='ltr'><strong>autem</strong></span> <span class='ocrx_word' id='word_1_293' title='bbox 259 3622 383 3675; x_wconf 90' lang='lat' dir='ltr'><strong>lleltutus</strong></span> <span class='ocrx_word' id='word_1_294' title='bbox 396 3624 525 3689; x_wconf 87' lang='lat' dir='ltr'><strong>magister</strong></span> <span class='ocrx_word' id='word_1_295' title='bbox 537 3625 596 3690; x_wconf 88' lang='lat' dir='ltr'><strong>ejus</strong></span> <span class='ocrx_word' id='word_1_296' title='bbox 609 3623 675 3676; x_wconf 82' lang='lat' dir='ltr'><strong>dixit</strong></span> <span class='ocrx_word' id='word_1_297' title='bbox 689 3641 695 3675; x_wconf 92' lang='lat'>:</span> <span class='ocrx_word' id='word_1_298' title='bbox 713 3624 911 3679; x_wconf 80' lang='lat' dir='ltr'><strong>Ocariost&#39;mc</strong></span> <span class='ocrx_word' id='word_1_299' title='bbox 920 3623 980 3693; x_wconf 80' lang='lat' dir='ltr'><strong>fili,</strong></span> <span class='ocrx_word' id='word_1_300' title='bbox 990 3624 1073 3677; x_wconf 81' lang='lat' dir='ltr'><strong>nibil</strong></span> <span class='ocrx_word' id='word_1_301' title='bbox 1095 3622 1151 3677; x_wconf 83' lang='lat' dir='ltr'><strong>tibi</strong></span> <span class='ocrx_word' id='word_1_302' title='bbox 1163 3624 1302 3691; x_wconf 79' lang='lat' dir='ltr'><strong>paterilis</strong></span> 
     </span>
     <span class='ocr_line' id='line_1_32' title="bbox 82 3721 1302 3792; baseline 0.002 -18"><span class='ocrx_word' id='word_1_303' title='bbox 82 3725 166 3790; x_wconf 81' lang='lat' dir='ltr'><strong>teias,</strong></span> <span class='ocrx_word' id='word_1_304' title='bbox 180 3721 256 3790; x_wconf 77' lang='lat' dir='ltr'><strong>quio</strong></span> <span class='ocrx_word' id='word_1_305' title='bbox 269 3725 353 3774; x_wconf 81' lang='lat' dir='ltr'><strong>totus</strong></span> <span class='ocrx_word' id='word_1_306' title='bbox 364 3735 396 3775; x_wconf 83' lang='lat' dir='ltr'><strong>es</strong></span> <span class='ocrx_word' id='word_1_307' title='bbox 409 3727 511 3777; x_wconf 81' lang='lat' dir='ltr'><strong>ruente</strong></span> <span class='ocrx_word' id='word_1_308' title='bbox 523 3722 693 3791; x_wconf 78' lang='lat' dir='ltr'><strong>perfectas.</strong></span> <span class='ocrx_word' id='word_1_309' title='bbox 716 3727 747 3776; x_wconf 85' lang='lat' dir='ltr'><strong>lit</strong></span> <span class='ocrx_word' id='word_1_310' title='bbox 768 3726 858 3778; x_wconf 89' lang='lat' dir='ltr'><strong>omnis</strong></span> <span class='ocrx_word' id='word_1_311' title='bbox 873 3725 989 3791; x_wconf 86' lang='lat' dir='ltr'><strong>populus</strong></span> <span class='ocrx_word' id='word_1_312' title='bbox 1002 3726 1038 3777; x_wconf 90' lang='lat' dir='ltr'><strong>ita</strong></span> <span class='ocrx_word' id='word_1_313' title='bbox 1050 3725 1179 3792; x_wconf 81' lang='lat' dir='ltr'><strong>inquiens</strong></span> <span class='ocrx_word' id='word_1_314' title='bbox 1192 3724 1281 3777; x_wconf 84' lang='lat' dir='ltr'><strong>aicbat</strong></span> <span class='ocrx_word' id='word_1_315' title='bbox 1294 3742 1302 3778; x_wconf 92' lang='lat'><strong>.·</strong></span> 
     </span>
     <span class='ocr_line' id='line_1_33' title="bbox 87 3816 1303 3892; baseline 0.007 -25"><span class='ocrx_word' id='word_1_316' title='bbox 87 3816 228 3873; x_wconf 81' lang='lat' dir='ltr'><strong>ibtontns</strong></span> <span class='ocrx_word' id='word_1_317' title='bbox 241 3820 297 3873; x_wconf 85' lang='lat' dir='ltr'><strong>Dei</strong></span> <span class='ocrx_word' id='word_1_318' title='bbox 307 3823 361 3887; x_wconf 86' lang='lat' dir='ltr'><strong>esi,</strong></span> <span class='ocrx_word' id='word_1_319' title='bbox 371 3824 401 3873; x_wconf 86' lang='lat' dir='ltr'><strong>et</strong></span> <span class='ocrx_word' id='word_1_320' title='bbox 414 3825 448 3873; x_wconf 79' lang='lat' dir='ltr'><strong>tu</strong></span> <span class='ocrx_word' id='word_1_321' title='bbox 460 3835 560 3888; x_wconf 81' lang='lat' dir='ltr'><strong>quare</strong></span> <span class='ocrx_word' id='word_1_322' title='bbox 573 3824 620 3875; x_wconf 86' lang='lat' dir='ltr'><strong>uis</strong></span> <span class='ocrx_word' id='word_1_323' title='bbox 642 3824 723 3877; x_wconf 80' lang='lat' dir='ltr'><strong>iliud</strong></span> <span class='ocrx_word' id='word_1_324' title='bbox 743 3826 911 3892; x_wconf 80' lang='lat' dir='ltr'><strong>respuere?</strong></span> <span class='ocrx_word' id='word_1_325' title='bbox 932 3827 1047 3879; x_wconf 84' lang='lat' dir='ltr'><strong>Sanetus</strong></span> <span class='ocrx_word' id='word_1_326' title='bbox 1068 3838 1131 3879; x_wconf 78' lang='lat' dir='ltr'><strong>vero</strong></span> <span class='ocrx_word' id='word_1_327' title='bbox 1152 3825 1303 3878; x_wconf 81' lang='lat' dir='ltr'><strong>leonorius</strong></span> 
     </span>
     <span class='ocr_line' id='line_1_34' title="bbox 84 3915 1305 3993; baseline 0.005 -22"><span class='ocrx_word' id='word_1_328' title='bbox 84 3915 111 3971; x_wconf 86' lang='lat' dir='ltr'><strong>ita</strong></span> <span class='ocrx_word' id='word_1_329' title='bbox 122 3919 264 3986; x_wconf 87' lang='lat' dir='ltr'><strong>respondit</strong></span> <span class='ocrx_word' id='word_1_330' title='bbox 277 3936 284 3972; x_wconf 93' lang='lat'>:</span> <span class='ocrx_word' id='word_1_331' title='bbox 301 3919 378 3980; x_wconf 81' lang='lat' dir='ltr'><strong>Quin</strong></span> <span class='ocrx_word' id='word_1_332' title='bbox 392 3920 663 3988; x_wconf 81' lang='lat' dir='ltr'><strong>timec,cartssimi</strong></span> <span class='ocrx_word' id='word_1_333' title='bbox 673 3921 803 3990; x_wconf 79' lang='lat' dir='ltr'><strong>fratres,</strong></span> <span class='ocrx_word' id='word_1_334' title='bbox 809 3937 870 3991; x_wconf 81' lang='lat' dir='ltr'><strong>pro</strong></span> <span class='ocrx_word' id='word_1_335' title='bbox 884 3927 972 3979; x_wconf 83' lang='lat' dir='ltr'><strong>tanto</strong></span> <span class='ocrx_word' id='word_1_336' title='bbox 986 3925 1125 3993; x_wconf 70' lang='lat' dir='ltr'><strong>poizderc</strong></span> <span class='ocrx_word' id='word_1_337' title='bbox 1139 3927 1305 3991; x_wconf 75' lang='lat' dir='ltr'><strong>peccorum</strong></span> 
     </span>
     <span class='ocr_line' id='line_1_35' title="bbox 85 4013 1304 4089; baseline 0.002 -18"><span class='ocrx_word' id='word_1_338' title='bbox 85 4013 247 4072; x_wconf 75' lang='lat' dir='ltr'><strong>incurrere.</strong></span> <span class='ocrx_word' id='word_1_339' title='bbox 262 4022 292 4071; x_wconf 79' lang='lat' dir='ltr'><strong>ut</strong></span> <span class='ocrx_word' id='word_1_340' title='bbox 305 4021 356 4072; x_wconf 84' lang='lat' dir='ltr'><strong>troc</strong></span> <span class='ocrx_word' id='word_1_341' title='bbox 368 4020 419 4072; x_wconf 90' lang='lat' dir='ltr'><strong>nisi</strong></span> <span class='ocrx_word' id='word_1_342' title='bbox 437 4033 486 4086; x_wconf 90' lang='lat' dir='ltr'><strong>por</strong></span> <span class='ocrx_word' id='word_1_343' title='bbox 504 4022 699 4075; x_wconf 81' lang='lat' dir='ltr'><strong>revelationem</strong></span> <span class='ocrx_word' id='word_1_344' title='bbox 721 4023 807 4075; x_wconf 88' lang='lat' dir='ltr'><strong>sancti</strong></span> <span class='ocrx_word' id='word_1_345' title='bbox 827 4024 942 4089; x_wconf 85' lang='lat' dir='ltr'><strong>Spiritus</strong></span> <span class='ocrx_word' id='word_1_346' title='bbox 962 4024 1001 4075; x_wconf 91' lang='lat' dir='ltr'><strong>illi</strong></span> <span class='ocrx_word' id='word_1_347' title='bbox 1024 4024 1172 4077; x_wconf 84' lang='lat' dir='ltr'><strong>revelatum</strong></span> <span class='ocrx_word' id='word_1_348' title='bbox 1192 4024 1304 4088; x_wconf 90' lang='lat' dir='ltr'><strong>luisset,</strong></span> 
     </span>
     <span class='ocr_line' id='line_1_36' title="bbox 52 4105 1305 4191; baseline 0.006 -24"><span class='ocrx_word' id='word_1_349' title='bbox 52 4105 129 4170; x_wconf 57' lang='lat' dir='ltr'><strong>boec</strong></span> <span class='ocrx_word' id='word_1_350' title='bbox 141 4133 189 4186; x_wconf 87' lang='lat' dir='ltr'><strong>per</strong></span> <span class='ocrx_word' id='word_1_351' title='bbox 202 4119 422 4186; x_wconf 87' lang='lat' dir='ltr'><strong>deprecationem</strong></span> <span class='ocrx_word' id='word_1_352' title='bbox 437 4133 526 4188; x_wconf 85' lang='lat' dir='ltr'><strong>neque</strong></span> <span class='ocrx_word' id='word_1_353' title='bbox 548 4122 698 4188; x_wconf 82' lang='lat' dir='ltr'><strong>perminus</strong></span> <span class='ocrx_word' id='word_1_354' title='bbox 712 4120 855 4176; x_wconf 90' lang='lat' dir='ltr'><strong>bominum</strong></span> <span class='ocrx_word' id='word_1_355' title='bbox 869 4124 1025 4188; x_wconf 87' lang='lat' dir='ltr'><strong>accepisset.</strong></span> <span class='ocrx_word' id='word_1_356' title='bbox 1047 4126 1128 4177; x_wconf 77' lang='lat' dir='ltr'><strong>nocte</strong></span> <span class='ocrx_word' id='word_1_357' title='bbox 1141 4123 1223 4191; x_wconf 86' lang='lat' dir='ltr'><strong>igitur</strong></span> <span class='ocrx_word' id='word_1_358' title='bbox 1235 4124 1305 4176; x_wconf 90' lang='lat' dir='ltr'><strong>inse·</strong></span> 
     </span>
     <span class='ocr_line' id='line_1_37' title="bbox 85 4218 1306 4289; baseline 0.008 -23"><span class='ocrx_word' id='word_1_359' title='bbox 85 4222 147 4283; x_wconf 85' lang='lat' dir='ltr'><strong>tuta,</strong></span> <span class='ocrx_word' id='word_1_360' title='bbox 158 4231 224 4272; x_wconf 80' lang='lat' dir='ltr'><strong>cecc</strong></span> <span class='ocrx_word' id='word_1_361' title='bbox 234 4232 287 4272; x_wconf 86' lang='lat' dir='ltr'><strong>vox</strong></span> <span class='ocrx_word' id='word_1_362' title='bbox 299 4218 391 4272; x_wconf 78' lang='lat' dir='ltr'><strong>divina</strong></span> <span class='ocrx_word' id='word_1_363' title='bbox 402 4233 465 4273; x_wconf 92' lang='lat' dir='ltr'><strong>cum</strong></span> <span class='ocrx_word' id='word_1_364' title='bbox 475 4220 633 4287; x_wconf 82' lang='lat' dir='ltr'><strong>alloquitur,</strong></span> <span class='ocrx_word' id='word_1_365' title='bbox 644 4222 680 4274; x_wconf 89' lang='lat' dir='ltr'><strong>ita</strong></span> <span class='ocrx_word' id='word_1_366' title='bbox 690 4221 784 4275; x_wconf 86' lang='lat' dir='ltr'><strong>dicens</strong></span> <span class='ocrx_word' id='word_1_367' title='bbox 798 4239 804 4274; x_wconf 90' lang='lat'>:</span> <span class='ocrx_word' id='word_1_368' title='bbox 819 4223 934 4276; x_wconf 83' lang='lat' dir='ltr'><strong>Dilecte</strong></span> <span class='ocrx_word' id='word_1_369' title='bbox 946 4223 1002 4276; x_wconf 83' lang='lat' dir='ltr'><strong>Dei</strong></span> <span class='ocrx_word' id='word_1_370' title='bbox 1012 4223 1153 4289; x_wconf 83' lang='lat' dir='ltr'><strong>Leonori,</strong></span> <span class='ocrx_word' id='word_1_371' title='bbox 1167 4222 1234 4276; x_wconf 75' lang='lat' dir='ltr'><strong>nott·</strong></span> <span class='ocrx_word' id='word_1_372' title='bbox 1252 4220 1306 4276; x_wconf 85' lang='lat' dir='ltr'><strong>boc</strong></span> 
     </span>
     <span class='ocr_line' id='line_1_38' title="bbox 87 4318 1306 4390; baseline 0.002 -18"><span class='ocrx_word' id='word_1_373' title='bbox 87 4318 154 4377; x_wconf 65' lang='lat' dir='ltr'><strong>prod</strong></span> <span class='ocrx_word' id='word_1_374' title='bbox 164 4318 221 4372; x_wconf 82' lang='lat' dir='ltr'><strong>tibi</strong></span> <span class='ocrx_word' id='word_1_375' title='bbox 232 4333 253 4372; x_wconf 84' lang='lat' dir='ltr'><em>a</em></span> <span class='ocrx_word' id='word_1_376' title='bbox 266 4319 396 4372; x_wconf 78' lang='lat' dir='ltr'><strong>Dornino</strong></span> <span class='ocrx_word' id='word_1_377' title='bbox 408 4321 718 4386; x_wconf 76' lang='lat' dir='ltr'><strong>conceditur‚cecncio</strong></span> <span class='ocrx_word' id='word_1_378' title='bbox 725 4323 843 4389; x_wconf 77' lang='lat' dir='ltr'><strong>populo</strong></span> <span class='ocrx_word' id='word_1_379' title='bbox 857 4336 923 4375; x_wconf 78' lang='lat' dir='ltr'><strong>ttiltt</strong></span> <span class='ocrx_word' id='word_1_380' title='bbox 936 4336 1008 4376; x_wconf 83' lang='lat' dir='ltr'><strong>cocc</strong></span> <span class='ocrx_word' id='word_1_381' title='bbox 1016 4324 1202 4390; x_wconf 77' lang='lat' dir='ltr'><strong>deprecante</strong></span> <span class='ocrx_word' id='word_1_382' title='bbox 1213 4324 1306 4388; x_wconf 74' lang='lat' dir='ltr'><strong>cipite</strong></span> 
     </span>
     <span class='ocr_line' id='line_1_39' title="bbox 89 4416 1305 4490; baseline 0.006 -23"><span class='ocrx_word' id='word_1_383' title='bbox 89 4416 200 4487; x_wconf 73' lang='lat' dir='ltr'><strong>retente,</strong></span> <span class='ocrx_word' id='word_1_384' title='bbox 224 4418 460 4474; x_wconf 77' lang='lat' dir='ltr'><strong>abrenuntiare.</strong></span> <span class='ocrx_word' id='word_1_385' title='bbox 483 4422 531 4473; x_wconf 91' lang='lat' dir='ltr'><strong>llle</strong></span> <span class='ocrx_word' id='word_1_386' title='bbox 553 4426 654 4483; x_wconf 88' lang='lat' dir='ltr'><strong>autem,</strong></span> <span class='ocrx_word' id='word_1_387' title='bbox 674 4435 688 4475; x_wconf 88' lang='lat' dir='ltr'><strong>a</strong></span> <span class='ocrx_word' id='word_1_388' title='bbox 710 4435 806 4475; x_wconf 86' lang='lat' dir='ltr'><strong>somno</strong></span> <span class='ocrx_word' id='word_1_389' title='bbox 834 4423 975 4490; x_wconf 76' lang='lat' dir='ltr'><strong>evigilans,</strong></span> <span class='ocrx_word' id='word_1_390' title='bbox 998 4424 1089 4476; x_wconf 91' lang='lat' dir='ltr'><strong>omnia</strong></span> <span class='ocrx_word' id='word_1_391' title='bbox 1112 4423 1305 4490; x_wconf 87' lang='lat' dir='ltr'><strong>perordinem</strong></span> 
     </span>
     <span class='ocr_line' id='line_1_40' title="bbox 93 4514 1305 4588; baseline 0.01 -28"><span class='ocrx_word' id='word_1_392' title='bbox 93 4514 202 4568; x_wconf 70' lang='lat' dir='ltr'><strong>revelavit</strong></span> <span class='ocrx_word' id='word_1_393' title='bbox 213 4518 357 4571; x_wconf 91' lang='lat' dir='ltr'><strong>omnibus.</strong></span> <span class='ocrx_word' id='word_1_394' title='bbox 372 4518 505 4572; x_wconf 76' lang='lat' dir='ltr'><strong>Audiente</strong></span> <span class='ocrx_word' id='word_1_395' title='bbox 517 4518 569 4573; x_wconf 88' lang='lat' dir='ltr'><strong>boe</strong></span> <span class='ocrx_word' id='word_1_396' title='bbox 582 4521 656 4573; x_wconf 90' lang='lat' dir='ltr'><strong>omni</strong></span> <span class='ocrx_word' id='word_1_397' title='bbox 670 4521 778 4587; x_wconf 87' lang='lat' dir='ltr'><strong>populo,</strong></span> <span class='ocrx_word' id='word_1_398' title='bbox 792 4521 893 4588; x_wconf 87' lang='lat' dir='ltr'><strong>gaudio</strong></span> <span class='ocrx_word' id='word_1_399' title='bbox 907 4521 1016 4588; x_wconf 81' lang='lat' dir='ltr'><strong>gavisus</strong></span> <span class='ocrx_word' id='word_1_400' title='bbox 1028 4527 1070 4574; x_wconf 90' lang='lat' dir='ltr'><strong>est</strong></span> <span class='ocrx_word' id='word_1_401' title='bbox 1092 4533 1190 4588; x_wconf 87' lang='lat' dir='ltr'><strong>magno</strong></span> <span class='ocrx_word' id='word_1_402' title='bbox 1204 4524 1230 4572; x_wconf 92' lang='lat' dir='ltr'><strong>ct</strong></span> <span class='ocrx_word' id='word_1_403' title='bbox 1247 4534 1305 4586; x_wconf 86' lang='lat' dir='ltr'><strong>gra·</strong></span> 
     </span>
     <span class='ocr_line' id='line_1_41' title="bbox 59 4600 1306 4690; baseline 0.014 -35"><span class='ocrx_word' id='word_1_404' title='bbox 59 4600 135 4660; x_wconf 81' lang='lat' dir='ltr'><strong>litias</strong></span> <span class='ocrx_word' id='word_1_405' title='bbox 148 4624 256 4684; x_wconf 88' lang='lat' dir='ltr'><strong>egerunt</strong></span> <span class='ocrx_word' id='word_1_406' title='bbox 269 4616 452 4684; x_wconf 89' lang='lat' dir='ltr'><strong>omnipotenti</strong></span> <span class='ocrx_word' id='word_1_407' title='bbox 466 4621 530 4685; x_wconf 89' lang='lat' dir='ltr'><strong>beo,</strong></span> <span class='ocrx_word' id='word_1_408' title='bbox 544 4619 667 4672; x_wconf 87' lang='lat' dir='ltr'><strong>dicentes</strong></span> <span class='ocrx_word' id='word_1_409' title='bbox 681 4637 688 4675; x_wconf 90' lang='lat'>:</span> <span class='ocrx_word' id='word_1_410' title='bbox 705 4620 836 4674; x_wconf 80' lang='lat' dir='ltr'><strong>Gratias</strong></span> <span class='ocrx_word' id='word_1_411' title='bbox 849 4619 905 4674; x_wconf 82' lang='lat' dir='ltr'><strong>tibi</strong></span> <span class='ocrx_word' id='word_1_412' title='bbox 914 4620 1093 4690; x_wconf 74' lang='lat' dir='ltr'><strong>referimus,</strong></span> <span class='ocrx_word' id='word_1_413' title='bbox 1116 4619 1306 4687; x_wconf 68' lang='lat' dir='ltr'><strong>omnipotens</strong></span> 
     </span>
    </p>
   </div>
   <div class='ocr_carea' id='block_1_5' title="bbox 0 0 1672 5482">
    <p class='ocr_par' dir='ltr' id='par_1_5' title="bbox 0 0 1672 5482">
     <span class='ocr_line' id='line_1_42' title="bbox 0 0 1672 5482; baseline 0 0"><span class='ocrx_word' id='word_1_414' title='bbox 0 0 1672 5482; x_wconf 95' lang='lat' dir='ltr'><strong> </strong></span> 
     </span>
    </p>
   </div>
  </div>
 </body>
</html>
