3316 5482
430 263 526 314 eran.
544 262 629 314 uxr.
647 262 766 314 rums.
786 280 831 294 -
847 261 999 312 uerene.
1019 260 1065 310 an
1082 261 1160 312 con.
1180 259 1257 312 saco.
1344 287 1350 295 -
1393 241 1461 311 429

230 437 282 491 bile
301 435 388 502 dictu,
407 435 498 488 statim
518 434 645 501 apparuit
665 433 694 486 in
715 432 788 499 navi,
802 431 957 485 videntibus
978 430 1092 497 cunctis,
1106 428 1242 498 quaedam
1263 440 1381 496 persona
1405 431 1461 481 tam

228 536 342 590 bouesta
352 540 381 589 et
392 539 447 588 tam
460 532 560 587 decora
571 537 602 586 ut
614 533 658 586 vix
667 533 753 599 possit
764 531 829 585 dici.
842 530 965 585 Habebat
976 530 1051 584 enim
1062 534 1117 583 tam
1129 528 1301 597 praeclarum
1312 527 1418 582 vultum
1433 531 1463 581 et
1517 544 1518 548 ¹

227 633 403 702 splendidum
421 632 498 701 quasi
519 631 679 700 crystallum
700 630 928 697 mundissimam
942 630 1060 685 babebat
1082 633 1109 684 et
1129 628 1241 696 capillos
1252 632 1307 681 tam
1328 626 1461 681 candidos

227 733 306 801 quasi
326 733 390 787 lana
410 731 592 786 mundissima
611 735 639 785 et
658 730 784 797 candida,
798 731 911 785 barbam
932 742 1042 798 quoque
1064 729 1197 796 prolixam
1214 733 1241 783 et
1253 726 1458 794 candissimam,

192 829 299 900 bquae
318 833 348 886 in
365 846 398 887 eo
410 833 582 886 demonstrat
598 843 726 899 magnam
746 829 928 884 reverentiam
948 834 974 882 et
996 828 1193 883 auctoritatem.
1206 827 1327 882 amiotus
1348 839 1459 894 quoque

227 937 288 986 erat
298 929 494 986 candidissima
507 930 585 996 stola,
600 942 650 983 nec
671 929 700 981 in
712 942 745 983 eo
767 927 870 995 aliquid
883 928 1030 995 apparebat
1049 927 1101 981 nisi
1120 928 1233 993 candor,
1246 927 1315 981 sicut
1328 939 1372 980 res
1388 938 1461 994 quae

226 1036 285 1085 tota
296 1036 357 1085 erat
368 1043 403 1084 ex
413 1033 478 1084 beo.
491 1029 587 1083 statim
599 1033 629 1082 ut
641 1028 681 1082 eis
692 1028 829 1095 apparuit,
841 1041 904 1093 cum
926 1039 1024 1094 magna
1036 1027 1189 1081 reuerentia
1201 1027 1266 1080 iecit
1277 1026 1385 1095 signum
1400 1037 1461 1079 san·

227 1136 288 1185 ctae
303 1129 394 1184 erucis
406 1141 490 1196 super
501 1141 558 1195 eos,
570 1133 599 1182 et
609 1127 699 1182 statim
711 1127 804 1182 sedata
817 1130 858 1181 est
876 1125 923 1180 illa
942 1131 1098 1192 tempestas.
1110 1127 1150 1180 dd
1167 1127 1245 1194 cujus
1265 1125 1414 1180 aduentum
1433 1125 1460 1178 bi

227 1231 275 1298 qui
287 1243 338 1298 per
358 1242 456 1282 narem
468 1229 597 1296 jacebant
610 1228 688 1296 quasi
709 1228 821 1294 mortui,
835 1232 974 1294 resumpto
986 1226 1085 1294 spiritu
1100 1230 1279 1280 surrexerunt
1290 1230 1317 1279 et
1329 1225 1357 1278 in
1375 1222 1462 1293 pedes

187 1328 211 1382 lli
225 1333 372 1395 steterunt,
385 1333 575 1395 exspectantes
595 1327 662 1395 quid
684 1327 731 1381 ille
751 1327 887 1395 gloriosus
907 1339 994 1380 senex
1014 1326 1095 1380 vellet
1115 1326 1206 1380 iacere
1217 1339 1265 1381 seu
1278 1325 1379 1379 dicere.
1393 1328 1463 1379 'ium

233 1428 392 1483 videntibus
403 1428 534 1482 omnibus
545 1426 756 1495 apprehendens
764 1431 925 1492 antennam,
935 1437 1006 1492 quae
1014 1439 1047 1479 ex
1060 1425 1177 1479 maxima
1188 1430 1265 1492 parte
1277 1430 1335 1479 erat
1344 1426 1371 1478 in
1382 1424 1460 1490 mari,

230 1529 321 1582 erexit
332 1541 403 1595 eam,
413 1532 441 1581 et
451 1527 529 1595 quasi
541 1527 570 1581 in
582 1530 721 1581 momento
733 1525 827 1580 statuit
838 1525 912 1579 illam
925 1527 953 1579 in
966 1525 1025 1580 loco
1038 1538 1098 1592 suo,
1109 1526 1235 1580 similiter
1245 1531 1273 1580 et
1280 1525 1381 1592 velum,
1392 1526 1439 1594 qui
1451 1523 1462 1546 ⁶
1522 1527 1600 1584 'sic

232 1627 262 1681 in
276 1627 371 1682 mullis
382 1628 506 1696 partibus
516 1632 575 1681 erat
586 1627 718 1680 discissus
729 1631 757 1681 et
779 1632 839 1681 crat
858 1628 887 1679 in
908 1627 987 1693 mari,
997 1627 1113 1680 extraxit
1130 1632 1157 1681 et
1176 1627 1205 1681 iu
1217 1627 1279 1681 naui
1293 1627 1392 1694 posuit
1406 1628 1462 1680 Sta·

231 1727 338 1795 timque
350 1727 493 1794 dispamit,
506 1726 545 1780 nil
557 1727 639 1780 alicui
651 1727 798 1794 quicquam
811 1726 926 1794 loquens
938 1728 958 1780 ·.
971 1729 1039 1780 Tum
1052 1726 1163 1793 quidam
1184 1727 1272 1794 miles,
1285 1721 1386 1794 genere
1398 1729 1463 1780 ilor-
1519 1724 1606 1781 'cod

187 1829 216 1881 15
233 1826 389 1892 mannicus,
401 1825 534 1880 vocabulo
554 1825 696 1892 Ricardus,
710 1824 782 1878 lilius
795 1825 923 1879 Falconis
935 1825 1050 1880 senioris
1062 1824 1098 1878 de
1109 1825 1207 1892 Alnou,
1221 1825 1268 1893 qui
1279 1825 1381 1879 ibidem
1394 1830 1461 1893 erat,
1500 1791 1626 1861 mquam·

233 1924 338 1992 quique
350 1929 444 1991 postea
462 1924 549 1979 iactus
569 1925 720 1978 monachus
739 1925 806 1977 baec
826 1930 853 1977 et
876 1923 954 1990 plura
972 1924 1025 1977 alia
1045 1936 1117 1991 quae
1138 1923 1166 1976 in
1184 1923 1280 1978 eadem
1293 1925 1464 1993 navigatione

233 2024 302 2077 uidit
312 1998 376 2077 cum
388 2036 486 2093 magna
498 2023 644 2078 deuotione
656 2024 753 2077 solitus
773 2027 833 2077 erat
844 2035 967 2101 narrare,
979 2021 1048 2075 dixit
1064 2023 1193 2077 omnibus
1207 2039 1213 2074 :
1230 2023 1393 2090 Offerenda
1404 2024 1465 2093 fiat

232 2125 341 2178 sancto
352 2121 516 2179 Nicbohzc.
529 2125 596 2176 Tum
615 2124 674 2190 ipse
693 2123 798 2189 primus
818 2122 917 2176 obtulit
937 2135 1025 2188 suam,
1038 2122 1140 2176 deinde
1160 2123 1255 2178 ceteri.
1268 2126 1323 2177 iloc
1335 2128 1377 2177 ter
1394 2124 1464 2178 iece-

234 2227 317 2288 runt;
331 2226 360 2275 et
370 2225 516 2289 antequam
529 2221 608 2276 tertia
618 2219 760 2276 offerenda
772 2220 848 2274 linita
867 2221 972 2287 inisset,
986 2222 1077 2274 omnis
1095 2226 1241 2287 tempestas
1259 2223 1296 2275 ita
1312 2221 1406 2277 sedata
1423 2227 1465 2276 est

187 2321 216 2374 lb
232 2320 301 2374 acsi
313 2333 371 2374 uon
383 2320 538 2375 exstitisset.
551 2320 591 2374 lili
604 2333 680 2387 uero,
692 2321 782 2374 securi
793 2319 829 2374 de
840 2319 977 2386 adjutorio
989 2320 1036 2373 liei
1048 2324 1076 2373 et
1087 2321 1184 2396 sancti,
1197 2322 1320 2374 certatim
1332 2334 1465 2375 evacuare

233 2425 385 2485 coeperunt
397 2431 495 2474 narem
515 2419 550 2473 ab
567 2432 649 2487 aqua.
662 2419 764 2473 beinde
775 2425 806 2472 ut
823 2423 972 2485 potuerunt
981 2422 1171 2485 reaptaverunt
1183 2424 1210 2473 et
1221 2425 1313 2474 cetera
1324 2420 1463 2487 utensilia,

233 2523 260 2570 et
272 2516 307 2571 ad
320 2525 428 2584 portum
443 2518 504 2571 sani
515 2523 543 2571 et
553 2517 706 2572 incolumes
716 2521 911 2584 pervenerunt,
921 2520 976 2572 beo
988 2523 1016 2572 et
1026 2531 1076 2572 suo
1088 2518 1302 2574 clementissimo
1314 2518 1464 2573 confessori

231 2616 363 2671 lilcbolao
373 2617 474 2686 gratias
485 2617 636 2671 relerentes
649 2630 698 2684 pro
711 2622 786 2671 tanto
798 2616 934 2670 beneficio
947 2617 1001 2670 sibi
1013 2630 1155 2672 concesso.

228 2780 232 2786 q
267 2715 322 2769 88.
342 2717 389 2770 liis
400 2729 511 2785 quoque
521 2716 619 2771 diebus
630 2716 697 2770 dum
709 2716 821 2783 quidam
842 2716 877 2770 de
889 2717 1013 2784 partibus
1029 2717 1169 2771 Neustriae
1181 2718 1303 2772 redirent
1314 2719 1349 2772 ab
1358 2718 1464 2786 buglia,

234 2815 265 2868 in
278 2827 333 2883 qua
350 2821 526 2883 perrexerant
546 2816 722 2870 mercationis
734 2829 825 2883 musa,
836 2820 863 2869 et
874 2829 923 2883 per
934 2829 1039 2883 aequor
1058 2817 1298 2885 navigareutlaeto
1316 2818 1465 2885 spiramine
1507 2877 1511 2890 ‚

233 2918 263 2968 et
274 2927 358 2968 cursu
371 2927 512 2983 prospero,
525 2915 615 2969 subito
636 2919 663 2968 et
675 2928 708 2968 ex
719 2915 868 2981 improviso
880 2919 940 2968 orta
957 2916 1038 2969 estin
1051 2916 1119 2968 mari
1132 2915 1296 2984 ultraquam
1309 2917 1363 2970 dici
1376 2922 1465 2984 potest

235 3013 322 3067 nimia
334 3019 490 3080 tempestas,
504 3015 582 3069 itaut
594 3015 718 3080 inparve
731 3012 818 3080 spatio
832 3016 987 3082 omnesqui
1009 3016 1038 3068 in
1051 3017 1112 3070 navi
1129 3022 1209 3070 erant
1221 3017 1290 3070 nibil
1301 3017 1375 3071 aliud
1386 3017 1422 3071 de
1435 3031 1464 3072 se

234 3113 381 3168 crederent
393 3114 445 3167 nisi
458 3114 619 3168 horribilem
631 3114 850 3168 submersionem
862 3120 889 3168 et
901 3115 1018 3169 subitam
1031 3120 1157 3171 mertem.
1170 3118 1244 3170 luter
1257 3122 1362 3171 ceteros
1373 3123 1464 3171 autem

235 3212 326 3279 quiin
342 3213 403 3267 navi
415 3214 583 3281 residebant,
598 3218 676 3266 erant
696 3213 807 3280 quidam
826 3214 962 3280 monachi,
977 3214 1024 3281 qui
1046 3213 1081 3267 de
1094 3214 1149 3267 illis
1160 3216 1283 3282 partibus
1303 3215 1338 3270 ad
1355 3217 1465 3283 propria

187 3313 218 3365 bc
235 3311 365 3365 redibant
377 3330 385 3379 ;
398 3313 444 3380 qui
457 3317 488 3366 ut
499 3313 629 3367 viderunt
640 3319 694 3366 tam
708 3313 869 3366 horribilem
882 3327 951 3375 rem,
965 3326 1047 3380 super
1064 3314 1133 3368 aiios
1144 3317 1264 3368 exterriti
1278 3321 1352 3383 sunt,
1364 3318 1403 3370 uti
1416 3315 1464 3384 qui

233 3412 298 3465 talia
310 3425 461 3479 numquam
475 3412 609 3466 viderant.
623 3414 673 3478 Qui
686 3412 845 3467 omninode
856 3414 994 3479 praesenti
1006 3414 1061 3467 uita
1072 3414 1258 3485 desperantes,
1271 3418 1381 3484 propria
1393 3419 1465 3472 intra

232 3523 264 3564 se
276 3509 401 3564 confiteri
414 3516 525 3578 peccata
537 3518 698 3579 coeperunt,
711 3526 743 3566 ac
755 3511 855 3565 deinde
865 3515 919 3565 beo
931 3513 1055 3576 alu]ctori
1065 3514 1188 3567 omnium
1201 3515 1307 3569 animas
1318 3530 1381 3570 suas
1393 3529 1465 3571 com·

233 3608 442 3676 mendavemnt,
465 3624 551 3679 seque
575 3611 691 3665 invicem
712 3610 909 3679 salutaverunt,
931 3616 1047 3664 mortem
1072 3612 1246 3668 solummodo
1266 3621 1466 3683 exspectantes.

232 3711 359 3776 itumque
371 3711 400 3763 in
412 3710 463 3763 bac
476 3708 680 3777 exspectatione
693 3716 794 3777 essent,
804 3710 916 3778 quidam
929 3713 1123 3780 exmonachis,
1134 3714 1314 3769 reminiscens
1325 3715 1360 3770 de
1373 3721 1467 3771 sancto

187 3808 217 3862 bb
232 3807 373 3874 llicbolao,
392 3808 439 3875 qui
459 3810 489 3862 in
510 3809 610 3863 talibus
630 3809 759 3876 periculis
776 3823 837 3863 esse
858 3815 964 3876 praesto
985 3810 1087 3864 assolet
1106 3811 1296 3867 invocantibus
1316 3828 1356 3882 se,
1378 3816 1469 3882 coepit

235 3907 418 3975 gemebundis
430 3909 543 3963 vocibus
561 3922 624 3962 eum
646 3909 832 3974 interpellare.
845 3910 895 3974 Qui
907 3911 979 3963 inter
990 3909 1057 3963 alias
1077 3914 1262 3977 precesserit
1282 3928 1311 3968 se
1332 3915 1466 3969 iacturum

234 4006 357 4073 aliquam
371 4007 531 4061 memoriam
541 4009 570 4060 in
583 4008 717 4063 bonorem
728 4009 814 4074 ipsius
824 4009 921 4077 sancti,
931 4014 984 4063 uta
994 4006 1070 4063 tanto
1078 4011 1200 4076 periculo
1209 4025 1238 4066 se
1248 4014 1351 4068 etalios
1360 4016 1467 4081 eripere

234 4105 405 4174 dignaretur.
419 4107 470 4172 Qui
484 4111 516 4161 ut
527 4108 579 4161 boc
599 4112 692 4162 votum
704 4109 786 4174 vovit,
800 4109 891 4161 statim
914 4110 1003 4176 coepit
1014 4122 1091 4163 mare
1110 4123 1125 4163 a
1138 4110 1244 4165 fervore
1264 4125 1314 4167 suo
1326 4119 1468 4180 tepescere

234 4207 423 4276 paulatimque
434 4209 532 4276 minui,
545 4223 633 4276 usque
645 4209 712 4263 dum
725 4214 780 4263 tota
793 4208 887 4277 sedata
899 4215 949 4263 est.
971 4214 1073 4265 llaulae
1084 4225 1148 4266 vero
1159 4212 1306 4268 admodum
1318 4215 1391 4284 laeti,
1405 4217 1466 4270 sani

187 4310 214 4361 lo
232 4310 262 4360 et
273 4307 425 4361 incolumes
445 4308 479 4360 ad
501 4315 609 4374 portum
631 4313 825 4374 pervenerunt.
844 4309 991 4361 blonncbus
1003 4322 1078 4375 vero,
1092 4323 1148 4364 non
1171 4312 1393 4367 immemorsuae
1405 4326 1466 4381 pro·

233 4407 383 4472 missionis,
397 4420 480 4475 quam
493 4407 573 4461 citius
585 4409 673 4474 potuit
686 4408 794 4462 licentia
808 4409 850 4461 sui
863 4408 968 4460 abbatis
977 4408 1041 4461 lecit
1052 4422 1135 4462 unam
1148 4410 1292 4464 ecclesiam
1305 4426 1465 4479 perparvam

231 4506 264 4558 in
276 4504 408 4559 bonorem
422 4506 469 4559 liei
482 4510 509 4559 et
521 4507 608 4560 sancti
620 4506 751 4572 Niebolai,
765 4506 812 4572 qui
824 4518 887 4558 eum
905 4505 1028 4559 liberavit
1040 4504 1075 4558 de
1087 4505 1135 4559 tali
1146 4508 1279 4575 periculo,
1293 4522 1364 4576 quae
1375 4525 1465 4579 usquc

230 4616 309 4659 nunc
321 4610 454 4673 superest.
