3316 5482
444 362 535 412 oren.
555 363 639 414 uer.
658 365 775 416 ranrs.
792 386 839 398 -
854 367 1007 419 urrann.
1027 369 1074 419 an
1091 368 1169 419 con.
1188 367 1265 420 arto.
1405 355 1469 422 581

337 526 403 605 ΜΟ
422 528 558 609 Sermo
573 531 622 609 de
640 532 806 612 vinculis
823 536 945 613 sancti
961 537 1063 615 Petri
1082 537 1249 638 apostoli
1268 538 1348 623 (fol.
1365 538 1471 616 pop,

389 652 502 746 biti).

271 788 305 840 lJt
316 800 400 854 supra
413 788 441 839 in
455 787 514 841 cod.
527 790 594 842 5278
605 790 679 854 (tom.
691 789 712 854 l,
723 804 750 856 p.
763 792 822 855 llo,
835 792 898 855 dit).

338 886 405 964 bu>
419 888 551 968 Passio
569 896 793 968 sanctorum
808 900 1023 994 martyrum
1038 893 1161 995 Sergii
1176 902 1214 973 et
1228 895 1368 973 Bacchi
1385 894 1465 982 (fol.

388 1013 609 1103 bibi-tter).

271 1144 337 1198 Stilo
349 1150 390 1198 sat
401 1146 509 1199 diversa
521 1146 555 1199 ab
569 1146 612 1199 ed.
626 1148 689 1201 Act.
703 1149 761 1215 SS,
775 1149 809 1202 ad
830 1149 857 1203 d.
871 1153 886 1203 'l
898 1152 966 1217 Oet,
980 1155 1047 1203 tom.
1061 1152 1106 1216 lll,
1120 1166 1146 1217 p.
1160 1152 1263 1204 edidi.
1277 1153 1308 1203 ln
1327 1149 1381 1204 line
1400 1150 1464 1204 add.

236 1244 374 1311 quaedam
386 1243 422 1299 de
433 1246 612 1299 translatione
634 1247 812 1313 reliquiarum
830 1254 987 1302 sanctorum
1008 1250 1093 1317 Sergii
1111 1254 1138 1302 et
1158 1250 1265 1315 bacehi,
1278 1263 1348 1316 quae
1369 1249 1469 1303 videsis

235 1342 309 1396 infra
320 1344 350 1396 in
361 1343 485 1410 Append.

271 1442 393 1497 Passioni
406 1443 545 1510 praefixus
558 1450 599 1498 est
610 1445 667 1508 (fol.
678 1446 748 1511 fids)
758 1447 874 1512 hymnus
887 1447 916 1498 in
929 1448 1061 1500 honorem
1075 1452 1231 1500 sauctorum
1244 1451 1394 1513 martyrum
1403 1445 1468 1509 (inc.

239 1544 363 1598 Adsunt
372 1543 458 1597 nobis
470 1547 669 1612 ceroptata...).

337 1642 402 1720 230
420 1644 556 1723 Sermo
576 1645 615 1722 in
634 1645 891 1746 conceptione
909 1645 979 1722 Dei
998 1644 1203 1723 Genitricis
1216 1644 1365 1723 Mariae·
1383 1643 1462 1741 (fol.

387 1767 610 1868 bibl-bibl).

271 1902 393 1957 Narratio
405 1902 440 1955 de
457 1901 563 1970 origine
574 1902 725 1958 festivitatis
739 1916 773 1956 ex
784 1904 926 1971 dependo
938 1903 1052 1957 Aureo.

579 2308 787 2420 Appendix
816 2308 865 2396 ad
888 2308 969 2398 cod.
998 2308 1123 2400 9740.

237 2521 1464 2613 MinaeumsanemWrunrnnonotrosruonrnu(0lr.supra‚p.580,17⁰).

268 2713 297 2766 1.
310 2714 342 2765 ln
353 2713 459 2779 lychnis
480 2714 699 2780 dependentibus
709 2719 772 2767 ante
794 2713 845 2766 viri
859 2715 904 2766 bei
917 2713 1083 2767 Willibrordi
1096 2715 1254 2780 sepulcrum
1266 2716 1358 2769 oleum
1371 2718 1465 2770 lucere

235 2815 350 2882 solebat,
363 2813 438 2881 quod
459 2813 551 2866 nullae
573 2813 704 2866 tenebrae
725 2813 880 2879 obfuscare,
894 2813 969 2867 nulla
990 2827 1044 2867 nox
1063 2814 1228 2880 interpolare
1241 2816 1356 2869 valebat.
1370 2819 1400 2868 ln
1419 2815 1463 2868 die

235 2926 346 2982 quoque
357 2914 443 2979 ipsius
463 2914 535 2966 inter
556 2913 700 2966 missarum
713 2913 857 2967 sollemnia
869 2927 957 2981 usque
974 2913 1009 2966 ad
1028 2913 1189 2967 effusionem
1208 2916 1327 2968 excrevit
1338 2928 1370 2969 ac
1387 2914 1464 2968 elfer-

191 3024 212 3077 ii
232 3017 310 3082 buit;
323 3020 350 3068 et
362 3017 505 3078 exceptum
518 3012 546 3065 in
559 3012 727 3080 ampullulis,
741 3017 768 3066 et
779 3013 883 3079 datum,
897 3020 924 3066 et
941 3014 1054 3066 missum
1072 3013 1199 3080 infirmis,
1211 3014 1342 3069 unctione
1359 3015 1463 3068 salubri

233 3116 363 3172 restituit

265 3218 300 3271 2.
312 3219 344 3270 ln
356 3217 414 3282 ipso
426 3214 523 3268 aetatis
535 3213 602 3267 flore
613 3213 737 3279 ephebus
754 3213 864 3280 quidam
883 3213 950 3266 tanti
968 3213 1107 3282 languoris
1124 3219 1317 3281 praegravatus
1329 3214 1379 3268 luit
1396 3226 1464 3281 pon·

232 3316 310 3385 dere,
321 3321 351 3369 ut
362 3313 501 3369 horrendo
513 3318 542 3365 et
553 3312 707 3366 incessabili
730 3319 848 3366 tremore
870 3316 925 3367 tota
948 3317 1141 3366 concuteretur
1161 3320 1270 3366 artuum
1290 3313 1462 3381 compagine.

232 3418 283 3472 llic
293 3416 328 3469 ad
340 3415 463 3468 tumbam
475 3413 526 3467 viri
540 3414 586 3466 bei
599 3426 614 3465 a
626 3412 683 3466 suis
696 3412 829 3465 adductus
841 3418 869 3465 et
880 3413 984 3479 positus
1003 3420 1044 3466 est
1056 3413 1228 3479 necessariis,
1242 3414 1309 3466 etin
1322 3418 1462 3469 momento

187 3520 213 3574 lb
231 3519 318 3572 borae
329 3515 515 3582 redintegrata
528 3520 555 3568 et
575 3514 690 3567 solidata
702 3515 862 3582 compagine
882 3513 1016 3581 corporis,
1030 3515 1059 3567 in
1072 3520 1221 3581 conspeetu
1241 3516 1387 3568 astantium
1400 3528 1463 3569 con·

229 3615 316 3670 valuit
327 3619 354 3670 et
365 3614 468 3667 exilivit
480 3614 635 3667 incolumis.

264 3716 297 3769 8.
316 3717 347 3768 ln
360 3720 415 3767 tarn
437 3713 522 3768 nobili
544 3720 571 3766 et
592 3712 692 3766 celebri
715 3711 765 3765 viri
787 3713 832 3766 bei
855 3713 988 3766 coenobio
1009 3713 1131 3780 quidam,
1145 3715 1267 3781 nomine,
1281 3729 1336 3768 non
1355 3717 1461 3782 merito,

229 3814 392 3868 diaconatus
411 3813 521 3866 functus
542 3810 630 3866 odleio
652 3825 738 3875 sacro,
762 3812 874 3865 infando
895 3825 924 3865 se
949 3812 1060 3864 involvit
1085 3811 1238 3880 sacrilegio.
1262 3816 1329 3866 Nam
1352 3826 1462 3868 crucem

230 3924 353 3977 auream,
366 3924 448 3978 quarn
467 3912 593 3964 Clemens
613 3911 804 3965 willibrordus
825 3911 853 3962 in
874 3910 973 3964 itinere
993 3914 1099 3979 gestare
1119 3916 1310 3978 consueverat,
1325 3913 1461 3967 obstinato

187 4014 212 4067 ut
229 4011 314 4066 corde
325 4024 388 4064 eum
400 4010 461 4063 aliis
472 4010 664 4064 ecclesiasticis
679 4009 800 4063 donariis
813 4010 957 4077 subripuit,
971 4016 998 4062 et
1009 4010 1073 4076 quia
1086 4009 1119 4063 ad
1133 4023 1245 4063 manum
1257 4012 1461 4066 comminuendi

229 4116 258 4165 et
268 4109 438 4164 distrahendi
451 4110 557 4177 copiam
571 4122 627 4162 non
640 4110 743 4172 babuit,
756 4109 785 4161 in
797 4108 890 4162 abdito
908 4114 935 4162 et
948 4108 1016 4162 nulli
1038 4109 1146 4176 cognito
1159 4110 1219 4163 loeo
1232 4110 1396 4165 recondidit.
1410 4114 1460 4166 Pro

228 4223 284 4277 qua
297 4223 327 4262 re
339 4209 463 4262 unanimi
476 4208 590 4262 fratrum
603 4209 784 4262 maerentium
797 4208 911 4262 oonsilio
925 4209 1073 4277 sacrilegus
1085 4209 1210 4262 addictus
1223 4203 1265 4261 est
1276 4210 1380 4277 banno,
1392 4213 1460 4279 quin

228 4312 311 4364 etiarn
333 4315 425 4363 sancta
447 4310 605 4363 communio
626 4315 653 4360 et
673 4310 762 4362 omnis
783 4309 836 4361 eibi
858 4314 885 4361 et
907 4313 987 4374 potus
999 4323 1049 4374 per
1061 4322 1196 4362 summam
1216 4310 1417 4363 oboedientiam
1435 4313 1459 4364 ei

228 4409 375 4462 interdicta
388 4415 429 4461 est
440 4409 590 4476 perceptio,
602 4407 653 4459 nisi
669 4407 759 4461 infecti
773 4407 866 4460 damni
876 4408 1010 4460 restitutio
1023 4420 1054 4460 ae
1067 4420 1134 4473 pura
1147 4421 1210 4460 eum
1222 4409 1385 4462 refocillaret
1396 4423 1460 4462 eon·

187 4511 212 4562 bb
230 4508 323 4561 fessio.
337 4507 412 4572 Quod
425 4513 615 4571 contemnens,
629 4505 728 4559 cecidit
745 4506 772 4557 in
792 4506 882 4558 medio
897 4518 979 4570 quem
999 4510 1220 4571 praesumpserat
1240 4505 1461 4559 inoboedientiae

230 4607 330 4674 poculo
343 4607 412 4660 etin
425 4607 584 4660 subitaneae
597 4610 624 4660 et
636 4605 799 4672 improvisae
809 4605 904 4657 mortis
918 4605 1042 4657 articulo.
1051 4607 1108 4657 Non
1119 4617 1167 4670 pro
1179 4606 1362 4673 paenitentiae
1376 4620 1460 4660 reme·
