3316 5482
273 398 368 449 amn.
387 399 468 449 una.
488 399 605 451 ratus.
624 421 669 431 -
685 400 839 451 aeruna.
860 400 907 450 nn
924 400 1002 452 oon.
1021 397 1098 450 saca.
1238 383 1305 451 369
1393 453 1396 460 ,

100 565 133 619 8.
146 567 194 620 De
215 566 364 621 coenobio
385 583 407 621 a
429 567 584 621 Laterio
604 569 717 622 comite
737 571 920 622 constructo
932 569 950 622 ⁶.
971 597 1002 607 -
1024 571 1060 622 Ea
1081 575 1240 637 tempestate
1258 570 1500 672 Vifg'ssp'ffissffssf

64 665 211 730 praedives
222 671 250 720 et
262 667 381 734 inclitus,
395 667 541 722 lanterius
562 669 684 735 nomine,
706 669 927 722 lemovicensem
946 669 1104 722 comitatum
1116 671 1235 724 tenebat.
1249 671 1296 723 cui
1308 671 1355 763 6107³
1362 673 1491 775 tew²

66 764 200 819 divinitus
211 766 372 833 inspiratum
385 773 427 820 est
445 773 477 821 ιιι
495 769 524 820 in
538 768 597 822 loco
613 769 684 836 juris
703 769 755 835 sui,
773 769 820 835 qui
840 768 941 821 dicitur
962 770 1121 836 waractus',
1143 771 1171 823 in
1193 769 1297 823 honore
1315 750 1498 829 ‘'ll'aractus‘l.⁸

62 876 236 918 summorum
248 867 434 932 apostolorum
447 868 519 920 Petri
532 873 558 920 ct
570 868 645 920 Pauli
659 868 857 922 monasterium
887 872 1069 935 construeret,
1091 869 1184 936 ibique
1200 868 1235 921 ad
1247 883 1303 923 ser·

26 963 46 1015 5
63 962 161 1017 uitium
173 965 369 1031 omnipotentis
382 967 430 1020 bei
442 979 475 1019 ex
488 966 604 1020 diversis
616 967 683 1021 locis
695 968 838 1036 religiosos
850 968 1008 1022 coenobitas
1020 981 1188 1036 congregare
1207 968 1300 1022 stude·

67 1067 120 1117 ret.
131 1064 208 1128 Quod
220 1063 286 1118 dum
298 1065 491 1119 ardentissimo
512 1065 602 1120 studio
623 1067 732 1120 festinat
755 1068 915 1134 adimplere,
942 1068 1034 1120 audita
1055 1067 1127 1121 beati
1149 1069 1294 1135 Pardulpbi

65 1169 149 1236 fama,
165 1170 200 1222 ad
221 1183 286 1224 eum
303 1171 429 1237 accessit,
452 1184 571 1238 eumque
596 1177 625 1224 ut
646 1186 733 1226 novae
750 1173 825 1226 illius
847 1171 1044 1227 aedificationis
1064 1172 1220 1227 habitator·
1236 1172 1296 1226 fleri
1340 1169 1397 1245 '(a.
1412 1169 1470 1249 b.)-

63 1269 224 1338 dignaretur
236 1271 395 1339 suppliciter
408 1272 562 1339 postulavit.
575 1276 633 1338 Quo
646 1287 676 1327 se
688 1274 827 1326 humiliter
839 1278 986 1327 excusante
998 1277 1024 1326 et
1042 1272 1076 1326 de
1097 1272 1196 1327 cellula
1208 1273 1278 1327 dile·
1302 1234 1494 1357 ffifflffi}

64 1376 124 1425 ctae
131 1371 183 1425 sibi
195 1373 204 1391 ⁰
216 1371 373 1426 solitudinis
390 1371 484 1440 egredi
497 1379 652 1441 recusante,
665 1375 830 1428 venerabilis
843 1376 925 1428 beros
937 1388 952 1426 a
966 1374 1096 1440 petitione
1111 1387 1167 1427 uon
1180 1373 1294 1440 destitit,
1344 1367 1403 1432 ⁶(d.
1416 1369 1450 1433 s.)
1529 1365 1538 1373 ”

10 1473 43 1524 lo
60 1470 112 1524 sed
124 1471 250 1538 precibus
264 1472 335 1539 piam
347 1475 375 1526 et
386 1486 497 1526 suavem
522 1473 680 1526 violentiam
702 1476 832 1542 jungens,
847 1488 910 1527 eum
930 1474 1067 1528 volentem
1088 1474 1231 1529 nolentem
1252 1473 1298 1527 ab·
1345 1447 1367 1487 ⁵·
1381 1433 1447 1488 Μ

60 1569 148 1622 duxit.
169 1570 239 1636 Quid
257 1570 355 1637 plura?
376 1571 458 1625 faulo
482 1577 543 1638 post
560 1573 665 1626 amicus
689 1575 736 1626 bei
757 1572 929 1639 Pardulpbus
952 1586 1008 1626 non
1030 1572 1119 1628 solum
1146 1571 1297 1626 monacbus

60 1669 187 1737 efficitur,
201 1671 249 1724 sed
271 1672 354 1727 etiam
376 1673 518 1725 monacbis
536 1672 637 1725 ibidem
658 1674 828 1741 congregatis
849 1673 968 1727 domnus
989 1677 1017 1725 et
1038 1672 1108 1725 abba
1129 1671 1296 1739 pmeflcitur.

60 1770 130 1835 Quid
142 1771 209 1839 agis,
222 1771 290 1824 ovir
299 1771 460 1825 admirande
471 1773 596 1825 lanterii
608 1776 647 1825 Tu
655 1774 703 1840 qui
713 1774 828 1827 consilio
839 1778 866 1826 et
878 1772 1039 1840 prudentia·
1052 1771 1152 1825 multos
1158 1772 1296 1838 sapientes
1317 1767 1327 1785 '
1339 1769 1386 1818 tua
1394 1765 1468 1818 add.

58 1870 309 1936 praetersumus,
335 1884 409 1923 nunc
431 1884 518 1938 usque
538 1871 606 1925 adeo
628 1871 730 1939 desipis
755 1879 786 1925 ut
806 1872 975 1938 sumptuosis
997 1871 1154 1924 divitiarum
1183 1875 1291 1923 tuarum

10 1971 39 2023 ,5
57 1969 189 2035 expensis
200 1969 298 2023 domos
310 1970 416 2037 amplas
427 1971 436 1990 ·
447 1969 586 2037 aedifices,
600 1971 721 2038 pmedia,
735 1972 932 2037 possessiones,
947 1971 1064 2024 familias
1085 1975 1111 2024 et
1132 1974 1292 2023 ornamenta
1338 1961 1396 2028 '(<¹·
1410 1965 1446 2029 a·)

59 2071 102 2123 eis
113 2070 246 2138 assignes,
259 2074 287 2123 et
299 2075 353 2122 tam
366 2082 397 2123 ea
412 2084 494 2137 quam
506 2083 616 2138 gregem
629 2071 728 2124 christi
751 2072 854 2124 bomini
876 2083 959 2124 caeco
976 2070 1156 2138 gubernanda
1168 2071 1294 2123 commit·
1339 2043 1364 2084 θ’
1377 2027 1404 2080 d·
1418 2031 1444 2083 ²·

57 2173 121 2223 terc
133 2182 188 2224 nou
200 2169 351 2223 formides?
363 2173 549 2238 Nequaquam,
562 2185 578 2224 o
590 2171 708 2240 gloriose
729 2171 867 2238 princeps,
890 2169 919 2222 in
933 2170 983 2223 bac
1001 2168 1173 2223 ordinatione
1186 2169 1292 2234 errasti,

58 2281 237 2336 nequaquam
247 2271 281 2323 ab
296 2271 370 2322 omni
383 2270 490 2323 consilii
503 2271 666 2324 rectitudine
678 2270 809 2335 deviasti;
823 2269 887 2337 quia
899 2268 974 2322 idem
987 2271 995 2289 ⁶
1014 2269 1061 2335 qui
1075 2280 1123 2322 cor
1145 2266 1292 2335 bardulpnl
1332 2261 1411 2316 'orta
1424 2263 1449 2315 2.

59 2368 227 2422 mirabiliter
239 2369 402 2437 illustrabat,
415 2370 464 2422 tibi
477 2383 587 2437 quoque
600 2369 786 2438 Pardulpbum
799 2370 929 2423 idoneum
942 2374 1079 2435 pastorem
1091 2368 1149 2422 fore
1170 2367 1291 2420 invisibi-

10 2469 37 2521 ο
59 2467 128 2519 liter
139 2466 355 2522 demonstrabat.
882 2528 886 2537 „

98 2567 133 2620 4.
146 2568 276 2621 Pastorali
289 2568 371 2636 igitur
386 2568 489 2623 bonore
509 2569 683 2636 sublimatus,
697 2569 806 2636 qualern
827 2583 857 2622 se
869 2569 943 2637 gregi
960 2568 1106 2621 commisso
1118 2566 1292 2633 praestiterit,

61 2679 149 2734 quam
161 2679 242 2734 grave
254 2665 326 2720 ultra
338 2667 447 2722 solitum
460 2669 567 2735 corpori
589 2682 640 2722 suo
661 2668 765 2721 bellum
787 2668 926 2733 indixerit,
948 2680 1030 2734 quam
1051 2666 1191 2719 districtus
1210 2665 1292 2731 vitiis,

60 2778 147 2833 quam
158 2766 313 2820 misericors
325 2766 529 2821 infirmantibus
549 2768 691 2834 exstiterit,
713 2781 794 2835 quam
816 2768 906 2835 largus
920 2767 1095 2834 pauperibus,
1109 2777 1191 2833 quam
1204 2765 1294 2817 alacer

61 2865 218 2933 hospitibus
238 2868 399 2934 occurrerit,
417 2872 519 2935 quanta
532 2867 716 2921 sollicitudine
729 2868 847 2933 leonem,
872 2868 917 2934 qui
935 2867 1032 2920 circuit
1050 2879 1186 2932 quaerens
1210 2877 1291 2931 quem

10 2969 37 3021 5
59 2964 183 3030 devoret,
207 2965 270 3019 ovili
289 2967 388 3019 christi
408 2967 539 3033 timuerit,
561 2973 662 3033 quanta
684 2967 940 3034 circumspectione,
968 2970 1070 3033 quanta
1091 2964 1246 3019 orationum
1266 2969 1294 3015 et

57 3064 216 3131 vigiliarum
228 3066 357 3120 instantia
369 3080 432 3119 suas
444 3080 613 3133 suorumque
627 3068 750 3121 actiones
759 3066 792 3120 ab
806 3068 864 3134 ejus
877 3067 988 3119 incursu
1001 3066 1142 3130 munierit,
1156 3064 1242 3131 magis
1260 3076 1292 3115 ex

58 3165 202 3219 communi
214 3166 310 3218 mortis
323 3167 381 3231 ejus
393 3166 587 3220 lamentatione
601 3180 684 3233 quam
706 3180 737 3219 ex
751 3171 845 3219 nostra
866 3166 1024 3219 narratione
1043 3164 1169 3230 cognosci
1182 3163 1291 3229 poterit.

58 3263 129 3316 Nam
144 3265 179 3318 de
191 3270 284 3319 sancta
302 3267 363 3332 ejus
381 3267 550 3333 parcimonia
566 3265 634 3333 quid
654 3267 797 3320 dicemus?
812 3267 861 3330 Qui
883 3278 964 3331 saepe
986 3269 1069 3318 totam
1091 3263 1291 3316 hebdomadam

56 3376 117 3418 una
129 3364 204 3417 tenui
217 3364 365 3418 refectione
378 3371 523 3419 contentus
536 3366 711 3433 transigebat,
725 3373 753 3418 et
766 3365 841 3418 nullo
855 3371 977 3431 tempore
996 3365 1067 3417 fesso
1082 3369 1109 3416 et
1130 3363 1213 3414 nimis
1225 3365 1291 3414 atte-

10 3466 35 3517 ιθ
56 3468 143 3516 nuato
155 3463 262 3529 corpori
274 3464 407 3518 mollioris
419 3478 498 3517 escae
510 3466 670 3519 suavitatem
682 3464 851 3532 indulgebat,
866 3464 933 3530 quin
947 3464 1040 3527 immo,
1055 3475 1117 3514 cum
1136 3462 1192 3527 jam
1214 3461 1291 3513 senio

57 3568 86 3615 et
98 3563 201 3615 morbis
214 3562 364 3627 confectus,
380 3577 394 3616 a
408 3563 537 3617 fratribus
549 3569 691 3631 rogaretur
703 3569 733 3616 ut
742 3565 888 3631 ignitorum
910 3563 1031 3629 lapidum
1050 3561 1292 3626 circumpositione

57 3660 160 3730 algenti
173 3663 281 3729 corpori
293 3662 412 3715 calorem
427 3664 584 3728 attraheret,
598 3676 691 3716 secum
705 3664 807 3716 ferrum
822 3664 996 3728 punctorium
1011 3662 1126 3714 latenter
1138 3659 1290 3725 deferebat,

57 3766 85 3815 et
107 3774 142 3815 ne
163 3760 237 3814 calor
258 3762 384 3816 admotus
402 3763 477 3816 carni
500 3764 695 3817 semimortuae
717 3764 778 3830 plus
800 3776 888 3830 aequo
906 3762 1089 3826 blandiretur,
1106 3760 1229 3813 membra
1242 3773 1291 3812 sua

57 3858 193 3927 usquead
206 3861 348 3930 sanguinis
358 3860 521 3915 effusionem
530 3862 597 3915 diris
604 3862 798 3928 punctionibus
810 3861 960 3915 sauciabat.
970 3864 1115 3927 Postquam
1125 3859 1289 3913 coenobium

10 3962 40 4013 tt
58 3959 198 4028 ingressus
207 3965 258 4026 est,
271 3973 306 4013 ex
317 3973 350 4013 eo
364 3960 461 4026 pedem
475 3975 531 4015 non
543 3962 640 4015 extulit
652 3978 659 4027 ;
673 3975 769 4014 carnes
781 3975 837 4015 non
850 3961 939 4015 solum
957 3958 1176 4026 quadrupedum,
1196 3959 1243 4011 sed
1262 3965 1289 4011 et

55 4058 215 4125 volatilium,
227 4060 337 4126 penitus
353 4059 506 4126 abdicavit;
528 4060 626 4114 balnea
648 4065 675 4114 et
695 4060 868 4114 calefactoria
888 4060 1011 4125 corporis
1032 4060 1162 4123 fomenta,
1181 4061 1289 4124 praeter

54 4162 159 4213 vestem
172 4159 376 4225 etpraedictam
400 4160 520 4226 lapidum
542 4162 750 4227 aestuationem,
769 4162 883 4214 omnino
904 4160 1056 4228 ignoravit:
1077 4173 1132 4213 non
1151 4160 1286 4225 quiacar-

55 4271 121 4311 nem
134 4271 211 4311 suam
223 4258 286 4312 odio
300 4258 426 4323 babebat,
440 4259 488 4313 sed
501 4262 564 4327 quia
578 4273 639 4314 eam
652 4261 773 4329 legitimo
795 4260 893 4314 ordine
916 4260 1021 4326 spiritui
1043 4260 1195 4313 dominanti
1216 4258 1288 4311 subi·

52 4370 118 4410 cere
130 4357 265 4423 cupiebat.
281 4360 351 4410 llaec
363 4363 403 4410 est
415 4359 488 4411 enim
502 4359 546 4425 pia
558 4365 585 4412 et
598 4358 744 4413 laudabilis
769 4360 886 4412 intentio
909 4364 1066 4412 sanctorum
1088 4371 1198 4411 carnem
1212 4370 1288 4409 suam

10 4457 33 4509 lt)
49 4455 241 4524 affligentium,
253 4461 283 4508 ut
292 4457 403 4522 spiritus
416 4463 554 4524 tamquam
566 4459 713 4525 imperator
726 4457 885 4524 praesidens
897 4457 1065 4523 dominetur,
1075 4470 1138 4511 earo
1152 4462 1289 4521 tamquam

51 4554 156 4610 ancilla
168 4555 288 4622 subjecta
301 4555 455 4609 famuletur.
467 4558 486 4609 0
499 4556 666 4611 luminosum
679 4570 801 4624 caecum,
815 4557 862 4623 qui
875 4557 932 4610 suis
945 4570 1114 4624 suorumque
1135 4554 1290 4609 actionibus

120 4679 219 4725 manu.
237 4681 325 4724 rame.
344 4683 370 4726 r.
388 4683 415 4724 ιι.
1190 4673 1223 4724 at
