<?xml version="1.0" encoding="UTF-8"?>
<!DOCTYPE html PUBLIC "-//W3C//DTD XHTML 1.0 Transitional//EN"
    "http://www.w3.org/TR/xhtml1/DTD/xhtml1-transitional.dtd">
<html xmlns="http://www.w3.org/1999/xhtml" xml:lang="en" lang="en">
 <head>
  <title>
</title>
<meta http-equiv="Content-Type" content="text/html;charset=utf-8" />
  <meta name='ocr-system' content='tesseract 3.04.00' />
  <meta name='ocr-capabilities' content='ocr_page ocr_carea ocr_par ocr_line ocrx_word'/>
</head>
<body>
  <div class='ocr_page' id='page_1' title='image "./cataloguscodicu02manugoog_0453.png"; bbox 0 0 3316 5482; ppageno 0'>
   <div class='ocr_carea' id='block_1_1' title="bbox 229 375 1112 445">
    <p class='ocr_par' dir='ltr' id='par_1_1' title="bbox 229 375 1112 445">
     <span class='ocr_line' id='line_1_1' title="bbox 229 375 1112 445; baseline 0.003 -3"><span class='ocrx_word' id='word_1_1' title='bbox 229 375 295 443; x_wconf 81' lang='lat'><strong>428</strong></span> <span class='ocrx_word' id='word_1_2' title='bbox 574 391 698 443; x_wconf 82' lang='grc'><strong>11111.</strong></span> <span class='ocrx_word' id='word_1_3' title='bbox 717 391 819 443; x_wconf 79' lang='lat' dir='ltr'><strong>coum</strong></span> <span class='ocrx_word' id='word_1_4' title='bbox 838 390 1013 443; x_wconf 81' lang='grc'><strong>11111111.</strong></span> <span class='ocrx_word' id='word_1_5' title='bbox 1030 392 1112 445; x_wconf 76' lang='lat' dir='ltr'><strong>nar.</strong></span> 
     </span>
    </p>
   </div>
   <div class='ocr_carea' id='block_1_2' title="bbox 225 564 1495 2027">
    <p class='ocr_par' dir='ltr' id='par_1_2' title="bbox 225 564 1433 633">
     <span class='ocr_line' id='line_1_2' title="bbox 225 564 1433 633; baseline 0.005 -15"><span class='ocrx_word' id='word_1_6' title='bbox 225 577 292 618; x_wconf 88' lang='lat' dir='ltr'><strong>eum</strong></span> <span class='ocrx_word' id='word_1_7' title='bbox 305 564 449 619; x_wconf 90' lang='lat' dir='ltr'><strong>multitudo</strong></span> <span class='ocrx_word' id='word_1_8' title='bbox 463 565 605 619; x_wconf 85' lang='lat' dir='ltr'><strong>bominum</strong></span> <span class='ocrx_word' id='word_1_9' title='bbox 618 567 652 621; x_wconf 89' lang='lat' dir='ltr'><strong>de</strong></span> <span class='ocrx_word' id='word_1_10' title='bbox 670 566 785 622; x_wconf 88' lang='lat' dir='ltr'><strong>diversis</strong></span> <span class='ocrx_word' id='word_1_11' title='bbox 797 566 894 620; x_wconf 90' lang='lat' dir='ltr'><strong>mundi</strong></span> <span class='ocrx_word' id='word_1_12' title='bbox 907 567 1032 633; x_wconf 83' lang='lat' dir='ltr'><strong>partibus</strong></span> <span class='ocrx_word' id='word_1_13' title='bbox 1051 573 1125 621; x_wconf 82' lang='lat' dir='ltr'><strong>esset</strong></span> <span class='ocrx_word' id='word_1_14' title='bbox 1137 568 1258 623; x_wconf 87' lang='lat' dir='ltr'><strong>adunata</strong></span> <span class='ocrx_word' id='word_1_15' title='bbox 1271 569 1300 623; x_wconf 92' lang='lat' dir='ltr'><strong>in</strong></span> <span class='ocrx_word' id='word_1_16' title='bbox 1310 569 1433 624; x_wconf 78' lang='lat' dir='ltr'><strong>icrumtm</strong></span> 
     </span>
    </p>

    <p class='ocr_par' dir='ltr' id='par_1_3' title="bbox 227 664 1495 2027">
     <span class='ocr_line' id='line_1_3' title="bbox 228 664 1436 735; baseline 0.001 -16"><span class='ocrx_word' id='word_1_17' title='bbox 228 665 264 719; x_wconf 93' lang='lat' dir='ltr'><strong>ob</strong></span> <span class='ocrx_word' id='word_1_18' title='bbox 276 664 451 719; x_wconf 89' lang='lat' dir='ltr'><strong>devotionem</strong></span> <span class='ocrx_word' id='word_1_19' title='bbox 470 665 601 720; x_wconf 91' lang='lat' dir='ltr'><strong>dominici</strong></span> <span class='ocrx_word' id='word_1_20' title='bbox 621 667 740 734; x_wconf 77' lang='lat' dir='ltr'><strong>sepulcri</strong></span> <span class='ocrx_word' id='word_1_21' title='bbox 752 673 780 720; x_wconf 92' lang='lat' dir='ltr'><strong>et</strong></span> <span class='ocrx_word' id='word_1_22' title='bbox 800 665 1030 733; x_wconf 78' lang='lat' dir='ltr'><strong>expugnationem</strong></span> <span class='ocrx_word' id='word_1_23' title='bbox 1052 679 1230 734; x_wconf 75' lang='lat' dir='ltr'><strong>paganomm,</strong></span> <span class='ocrx_word' id='word_1_24' title='bbox 1243 667 1293 735; x_wconf 90' lang='lat' dir='ltr'><strong>qut</strong></span> <span class='ocrx_word' id='word_1_25' title='bbox 1312 680 1359 722; x_wconf 84' lang='lat' dir='ltr'><strong>eos</strong></span> <span class='ocrx_word' id='word_1_26' title='bbox 1375 667 1436 720; x_wconf 75' lang='lat' dir='ltr'><strong>nini</strong></span> 
     </span>
     <span class='ocr_line' id='line_1_4' title="bbox 229 763 1437 833; baseline 0.004 -18"><span class='ocrx_word' id='word_1_27' title='bbox 229 763 363 828; x_wconf 86' lang='lat' dir='ltr'><strong>artabant,</strong></span> <span class='ocrx_word' id='word_1_28' title='bbox 377 767 525 829; x_wconf 79' lang='lat' dir='ltr'>essentque</span> <span class='ocrx_word' id='word_1_29' title='bbox 537 763 574 816; x_wconf 92' lang='lat' dir='ltr'><strong>ibi</strong></span> <span class='ocrx_word' id='word_1_30' title='bbox 588 775 675 829; x_wconf 91' lang='lat' dir='ltr'><strong>paene</strong></span> <span class='ocrx_word' id='word_1_31' title='bbox 686 767 742 816; x_wconf 88' lang='lat' dir='ltr'><strong>tota</strong></span> <span class='ocrx_word' id='word_1_32' title='bbox 754 766 867 829; x_wconf 82' lang='lat' dir='ltr'><strong>aestate,</strong></span> <span class='ocrx_word' id='word_1_33' title='bbox 881 769 908 817; x_wconf 91' lang='lat' dir='ltr'><strong>et</strong></span> <span class='ocrx_word' id='word_1_34' title='bbox 919 763 958 831; x_wconf 86' lang='lat' dir='ltr'><strong>id,</strong></span> <span class='ocrx_word' id='word_1_35' title='bbox 972 777 1022 832; x_wconf 92' lang='lat' dir='ltr'><strong>pro</strong></span> <span class='ocrx_word' id='word_1_36' title='bbox 1035 777 1090 831; x_wconf 91' lang='lat' dir='ltr'><strong>quo</strong></span> <span class='ocrx_word' id='word_1_37' title='bbox 1101 764 1140 818; x_wconf 90' lang='lat' dir='ltr'><strong>ibi</strong></span> <span class='ocrx_word' id='word_1_38' title='bbox 1160 764 1382 833; x_wconf 77' lang='lat' dir='ltr'><strong>demorabantur,</strong></span> <span class='ocrx_word' id='word_1_39' title='bbox 1392 778 1437 819; x_wconf 87' lang='lat' dir='ltr'><strong>cun</strong></span> 
     </span>
     <span class='ocr_line' id='line_1_5' title="bbox 228 862 1442 932; baseline -0.001 -16"><span class='ocrx_word' id='word_1_40' title='bbox 228 863 275 916; x_wconf 86' lang='lat' dir='ltr'><strong>bei</strong></span> <span class='ocrx_word' id='word_1_41' title='bbox 294 862 428 928; x_wconf 82' lang='lat' dir='ltr'><strong>adjutorio</strong></span> <span class='ocrx_word' id='word_1_42' title='bbox 441 863 475 915; x_wconf 91' lang='lat' dir='ltr'><strong>ad</strong></span> <span class='ocrx_word' id='word_1_43' title='bbox 494 863 627 916; x_wconf 87' lang='lat' dir='ltr'><strong>bonorem</strong></span> <span class='ocrx_word' id='word_1_44' title='bbox 644 862 784 916; x_wconf 86' lang='lat' dir='ltr'><strong>christiani</strong></span> <span class='ocrx_word' id='word_1_45' title='bbox 803 863 925 916; x_wconf 88' lang='lat' dir='ltr'><strong>nominis</strong></span> <span class='ocrx_word' id='word_1_46' title='bbox 937 867 1048 917; x_wconf 88' lang='lat' dir='ltr'><strong>strenue</strong></span> <span class='ocrx_word' id='word_1_47' title='bbox 1068 864 1248 932; x_wconf 77' lang='lat' dir='ltr'><strong>peregissent,</strong></span> <span class='ocrx_word' id='word_1_48' title='bbox 1261 870 1409 919; x_wconf 86' lang='lat' dir='ltr'><strong>statuerunt</strong></span> <span class='ocrx_word' id='word_1_49' title='bbox 1419 867 1442 919; x_wconf 92' lang='lat' dir='ltr'><strong>ut</strong></span> 
     </span>
     <span class='ocr_line' id='line_1_6' title="bbox 227 960 1466 1031; baseline 0.002 -19"><span class='ocrx_word' id='word_1_50' title='bbox 227 960 345 1028; x_wconf 91' lang='lat' dir='ltr'><strong>quisque</strong></span> <span class='ocrx_word' id='word_1_51' title='bbox 356 965 560 1015; x_wconf 89' lang='lat' dir='ltr'><strong>reverterentur</strong></span> <span class='ocrx_word' id='word_1_52' title='bbox 571 962 606 1015; x_wconf 91' lang='lat' dir='ltr'><strong>ad</strong></span> <span class='ocrx_word' id='word_1_53' title='bbox 617 960 729 1028; x_wconf 88' lang='lat' dir='ltr'><strong>propria</strong></span> <span class='ocrx_word' id='word_1_54' title='bbox 741 967 851 1027; x_wconf 91' lang='lat' dir='ltr'><strong>propter</strong></span> <span class='ocrx_word' id='word_1_55' title='bbox 862 961 994 1027; x_wconf 89' lang='lat' dir='ltr'><strong>plurimas</strong></span> <span class='ocrx_word' id='word_1_56' title='bbox 1007 974 1114 1016; x_wconf 87' lang='lat' dir='ltr'><strong>causas.</strong></span> <span class='ocrx_word' id='word_1_57' title='bbox 1127 965 1206 1016; x_wconf 85' lang='lat' dir='ltr'><strong>&#39;runc</strong></span> <span class='ocrx_word' id='word_1_58' title='bbox 1224 962 1339 1031; x_wconf 89' lang='lat' dir='ltr'><strong>qnidam</strong></span> <span class='ocrx_word' id='word_1_59' title='bbox 1352 962 1466 1018; x_wconf 76' lang='lat' dir='ltr'><strong>iliomni</strong></span> 
     </span>
     <span class='ocr_line' id='line_1_7' title="bbox 227 1060 1446 1130; baseline 0.003 -17"><span class='ocrx_word' id='word_1_60' title='bbox 227 1066 363 1114; x_wconf 91' lang='lat' dir='ltr'><strong>venerunt</strong></span> <span class='ocrx_word' id='word_1_61' title='bbox 381 1061 416 1114; x_wconf 88' lang='lat' dir='ltr'><strong>ad</strong></span> <span class='ocrx_word' id='word_1_62' title='bbox 428 1066 538 1127; x_wconf 91' lang='lat' dir='ltr'><strong>portum</strong></span> <span class='ocrx_word' id='word_1_63' title='bbox 555 1060 603 1128; x_wconf 94' lang='lat' dir='ltr'><strong>qui</strong></span> <span class='ocrx_word' id='word_1_64' title='bbox 615 1060 716 1113; x_wconf 90' lang='lat' dir='ltr'><strong>dicitur</strong></span> <span class='ocrx_word' id='word_1_65' title='bbox 727 1062 814 1127; x_wconf 82' lang='lat' dir='ltr'><strong>ioppe</strong></span> <span class='ocrx_word' id='word_1_66' title='bbox 825 1077 833 1127; x_wconf 88' lang='lat'>;</span> <span class='ocrx_word' id='word_1_67' title='bbox 846 1067 875 1115; x_wconf 92' lang='lat' dir='ltr'><strong>et</strong></span> <span class='ocrx_word' id='word_1_68' title='bbox 886 1061 1061 1116; x_wconf 88' lang='lat' dir='ltr'><strong>invenientes</strong></span> <span class='ocrx_word' id='word_1_69' title='bbox 1074 1062 1111 1116; x_wconf 93' lang='lat' dir='ltr'><strong>ibi</strong></span> <span class='ocrx_word' id='word_1_70' title='bbox 1123 1075 1211 1116; x_wconf 88' lang='lat' dir='ltr'><strong>unam</strong></span> <span class='ocrx_word' id='word_1_71' title='bbox 1222 1076 1323 1117; x_wconf 86' lang='lat' dir='ltr'><strong>navam</strong></span> <span class='ocrx_word' id='word_1_72' title='bbox 1335 1075 1446 1130; x_wconf 67' lang='lat' dir='ltr'><strong>maguam</strong></span> 
     </span>
     <span class='ocr_line' id='line_1_8' title="bbox 228 1158 1449 1229; baseline 0.002 -17"><span class='ocrx_word' id='word_1_73' title='bbox 228 1158 263 1214; x_wconf 89' lang='lat' dir='ltr'><strong>de</strong></span> <span class='ocrx_word' id='word_1_74' title='bbox 276 1159 318 1212; x_wconf 88' lang='lat' dir='ltr'><strong>bis</strong></span> <span class='ocrx_word' id='word_1_75' title='bbox 330 1173 398 1227; x_wconf 89' lang='lat' dir='ltr'><strong>quas</strong></span> <span class='ocrx_word' id='word_1_76' title='bbox 410 1160 497 1215; x_wconf 78' lang='lat' dir='ltr'><strong>nostri</strong></span> <span class='ocrx_word' id='word_1_77' title='bbox 510 1165 607 1214; x_wconf 90' lang='lat' dir='ltr'><strong>vocant</strong></span> <span class='ocrx_word' id='word_1_78' title='bbox 614 1159 774 1229; x_wconf 72' lang='grc'><strong>9111111111,</strong></span> <span class='ocrx_word' id='word_1_79' title='bbox 785 1159 957 1214; x_wconf 90' lang='lat' dir='ltr'><strong>intraverunt</strong></span> <span class='ocrx_word' id='word_1_80' title='bbox 965 1161 994 1214; x_wconf 92' lang='lat' dir='ltr'><strong>in</strong></span> <span class='ocrx_word' id='word_1_81' title='bbox 1005 1174 1065 1215; x_wconf 86' lang='lat' dir='ltr'><strong>earn</strong></span> <span class='ocrx_word' id='word_1_82' title='bbox 1078 1161 1232 1228; x_wconf 83' lang='lat' dir='ltr'><strong>plusquam</strong></span> <span class='ocrx_word' id='word_1_83' title='bbox 1246 1161 1324 1215; x_wconf 88' lang='lat' dir='ltr'><strong>mitte</strong></span> <span class='ocrx_word' id='word_1_84' title='bbox 1334 1161 1449 1229; x_wconf 87' lang='lat' dir='ltr'><strong>quadrin-</strong></span> 
     </span>
     <span class='ocr_line' id='line_1_9' title="bbox 228 1257 1451 1328; baseline 0 -17"><span class='ocrx_word' id='word_1_85' title='bbox 228 1258 301 1326; x_wconf 79' lang='lat' dir='ltr'><strong>genti</strong></span> <span class='ocrx_word' id='word_1_86' title='bbox 313 1258 373 1325; x_wconf 90' lang='lat' dir='ltr'><strong>viri,</strong></span> <span class='ocrx_word' id='word_1_87' title='bbox 385 1258 507 1311; x_wconf 83' lang='lat' dir='ltr'><strong>volentes</strong></span> <span class='ocrx_word' id='word_1_88' title='bbox 518 1259 558 1312; x_wconf 89' lang='lat' dir='ltr'><strong>ire</strong></span> <span class='ocrx_word' id='word_1_89' title='bbox 569 1259 598 1310; x_wconf 90' lang='lat' dir='ltr'><strong>in</strong></span> <span class='ocrx_word' id='word_1_90' title='bbox 611 1257 781 1322; x_wconf 83' lang='lat' dir='ltr'><strong>Romaniam,</strong></span> <span class='ocrx_word' id='word_1_91' title='bbox 791 1266 862 1324; x_wconf 88' lang='lat' dir='ltr'><strong>quae</strong></span> <span class='ocrx_word' id='word_1_92' title='bbox 874 1263 916 1310; x_wconf 90' lang='lat' dir='ltr'><strong>est</strong></span> <span class='ocrx_word' id='word_1_93' title='bbox 935 1258 1080 1312; x_wconf 91' lang='lat' dir='ltr'><strong>abundans</strong></span> <span class='ocrx_word' id='word_1_94' title='bbox 1088 1263 1172 1312; x_wconf 90' lang='lat' dir='ltr'><strong>terra.</strong></span> <span class='ocrx_word' id='word_1_95' title='bbox 1184 1261 1217 1312; x_wconf 81' lang='lat' dir='ltr'><strong>at</strong></span> <span class='ocrx_word' id='word_1_96' title='bbox 1233 1272 1300 1313; x_wconf 89' lang='lat' dir='ltr'><strong>cum</strong></span> <span class='ocrx_word' id='word_1_97' title='bbox 1310 1259 1451 1328; x_wconf 89' lang='lat' dir='ltr'><strong>aliquantu·</strong></span> 
     </span>
     <span class='ocr_line' id='line_1_10' title="bbox 229 1358 1450 1428; baseline 0.002 -16"><span class='ocrx_word' id='word_1_98' title='bbox 229 1359 286 1412; x_wconf 89' lang='grc'><strong>11111</strong></span> <span class='ocrx_word' id='word_1_99' title='bbox 303 1360 484 1428; x_wconf 76' lang='lat' dir='ltr'><strong>navigassent,</strong></span> <span class='ocrx_word' id='word_1_100' title='bbox 498 1362 557 1413; x_wconf 86' lang='lat' dir='ltr'><strong>orta</strong></span> <span class='ocrx_word' id='word_1_101' title='bbox 577 1364 748 1424; x_wconf 82' lang='lat' dir='ltr'><strong>tempestate,</strong></span> <span class='ocrx_word' id='word_1_102' title='bbox 761 1370 811 1425; x_wconf 91' lang='lat' dir='ltr'><strong>per</strong></span> <span class='ocrx_word' id='word_1_103' title='bbox 832 1358 934 1412; x_wconf 89' lang='lat' dir='ltr'><strong>multos</strong></span> <span class='ocrx_word' id='word_1_104' title='bbox 945 1358 1085 1412; x_wconf 80' lang='lat' dir='ltr'><strong>anfractus</strong></span> <span class='ocrx_word' id='word_1_105' title='bbox 1097 1359 1182 1412; x_wconf 89' lang='lat' dir='ltr'><strong>maris</strong></span> <span class='ocrx_word' id='word_1_106' title='bbox 1198 1363 1227 1413; x_wconf 95' lang='lat' dir='ltr'><strong>et</strong></span> <span class='ocrx_word' id='word_1_107' title='bbox 1237 1374 1290 1428; x_wconf 93' lang='lat' dir='ltr'><strong>per</strong></span> <span class='ocrx_word' id='word_1_108' title='bbox 1302 1360 1388 1415; x_wconf 90' lang='lat' dir='ltr'><strong>multa</strong></span> <span class='ocrx_word' id='word_1_109' title='bbox 1398 1360 1450 1415; x_wconf 77' lang='lat' dir='ltr'><strong>loca</strong></span> 
     </span>
     <span class='ocr_line' id='line_1_11' title="bbox 229 1457 1488 1528; baseline 0.001 -17"><span class='ocrx_word' id='word_1_110' title='bbox 229 1458 274 1512; x_wconf 88' lang='lat' dir='ltr'><strong>ilia</strong></span> <span class='ocrx_word' id='word_1_111' title='bbox 287 1463 432 1526; x_wconf 83' lang='lat' dir='ltr'><strong>tempestas</strong></span> <span class='ocrx_word' id='word_1_112' title='bbox 443 1472 491 1513; x_wconf 92' lang='lat' dir='ltr'><strong>eos</strong></span> <span class='ocrx_word' id='word_1_113' title='bbox 503 1458 624 1513; x_wconf 84' lang='lat' dir='ltr'><strong>deduxit.</strong></span> <span class='ocrx_word' id='word_1_114' title='bbox 638 1460 759 1513; x_wconf 82' lang='lat' dir='ltr'><strong>Tandem</strong></span> <span class='ocrx_word' id='word_1_115' title='bbox 772 1464 834 1526; x_wconf 90' lang='lat' dir='ltr'><strong>post</strong></span> <span class='ocrx_word' id='word_1_116' title='bbox 845 1457 946 1513; x_wconf 88' lang='lat' dir='ltr'><strong>multos</strong></span> <span class='ocrx_word' id='word_1_117' title='bbox 957 1458 1066 1512; x_wconf 89' lang='lat' dir='ltr'><strong>labores</strong></span> <span class='ocrx_word' id='word_1_118' title='bbox 1083 1459 1279 1526; x_wconf 91' lang='lat' dir='ltr'><strong>applicuerunt</strong></span> <span class='ocrx_word' id='word_1_119' title='bbox 1299 1459 1334 1514; x_wconf 90' lang='lat' dir='ltr'><strong>ad</strong></span> <span class='ocrx_word' id='word_1_120' title='bbox 1354 1460 1488 1528; x_wconf 75' lang='grc'><strong>1111111111</strong></span> 
     </span>
     <span class='ocr_line' id='line_1_12' title="bbox 229 1558 1456 1627; baseline 0.001 -15"><span class='ocrx_word' id='word_1_121' title='bbox 229 1560 370 1627; x_wconf 82' lang='lat' dir='ltr'><strong>cujusdam</strong></span> <span class='ocrx_word' id='word_1_122' title='bbox 383 1559 499 1613; x_wconf 88' lang='lat' dir='ltr'><strong>civitatis</strong></span> <span class='ocrx_word' id='word_1_123' title='bbox 511 1572 582 1627; x_wconf 92' lang='lat' dir='ltr'><strong>qnae</strong></span> <span class='ocrx_word' id='word_1_124' title='bbox 594 1559 694 1613; x_wconf 90' lang='lat' dir='ltr'><strong>dicitur</strong></span> <span class='ocrx_word' id='word_1_125' title='bbox 705 1561 829 1624; x_wconf 75' lang='grc'><strong>1111111,</strong></span> <span class='ocrx_word' id='word_1_126' title='bbox 842 1558 937 1625; x_wconf 89' lang='lat' dir='ltr'><strong>ibique</strong></span> <span class='ocrx_word' id='word_1_127' title='bbox 949 1558 1033 1612; x_wconf 89' lang='lat' dir='ltr'><strong>iracta</strong></span> <span class='ocrx_word' id='word_1_128' title='bbox 1046 1563 1086 1612; x_wconf 89' lang='lat' dir='ltr'><strong>est</strong></span> <span class='ocrx_word' id='word_1_129' title='bbox 1098 1560 1176 1613; x_wconf 88' lang='lat' dir='ltr'><strong>navis</strong></span> <span class='ocrx_word' id='word_1_130' title='bbox 1185 1571 1294 1615; x_wconf 90' lang='lat' dir='ltr'><strong>eornm.</strong></span> <span class='ocrx_word' id='word_1_131' title='bbox 1307 1561 1358 1627; x_wconf 81' lang='lat' dir='ltr'><strong>Qui</strong></span> <span class='ocrx_word' id='word_1_132' title='bbox 1370 1568 1456 1614; x_wconf 85' lang='lat' dir='ltr'><strong>tamen</strong></span> 
     </span>
     <span class='ocr_line' id='line_1_13' title="bbox 228 1658 1456 1728; baseline 0.001 -15"><span class='ocrx_word' id='word_1_133' title='bbox 228 1663 362 1713; x_wconf 86' lang='lat' dir='ltr'><strong>exeuntes</strong></span> <span class='ocrx_word' id='word_1_134' title='bbox 375 1659 435 1713; x_wconf 89' lang='lat' dir='ltr'><strong>sani</strong></span> <span class='ocrx_word' id='word_1_135' title='bbox 448 1659 482 1712; x_wconf 90' lang='lat' dir='ltr'><strong>ad</strong></span> <span class='ocrx_word' id='word_1_136' title='bbox 503 1664 616 1725; x_wconf 90' lang='lat' dir='ltr'><strong>terram,</strong></span> <span class='ocrx_word' id='word_1_137' title='bbox 630 1660 792 1712; x_wconf 88' lang='lat' dir='ltr'><strong>invaserunt</strong></span> <span class='ocrx_word' id='word_1_138' title='bbox 803 1658 941 1713; x_wconf 89' lang='lat' dir='ltr'><strong>civitatem</strong></span> <span class='ocrx_word' id='word_1_139' title='bbox 953 1658 1028 1712; x_wconf 89' lang='lat' dir='ltr'><strong>iliam</strong></span> <span class='ocrx_word' id='word_1_140' title='bbox 1042 1665 1124 1727; x_wconf 91' lang='lat' dir='ltr'><strong>atque</strong></span> <span class='ocrx_word' id='word_1_141' title='bbox 1143 1666 1278 1728; x_wconf 89' lang='lat' dir='ltr'><strong>ceperunt</strong></span> <span class='ocrx_word' id='word_1_142' title='bbox 1291 1676 1300 1715; x_wconf 79' lang='lat' dir='ltr'><strong>r</strong></span> <span class='ocrx_word' id='word_1_143' title='bbox 1311 1674 1370 1716; x_wconf 90' lang='lat' dir='ltr'><strong>non</strong></span> <span class='ocrx_word' id='word_1_144' title='bbox 1387 1662 1456 1715; x_wconf 88' lang='lat' dir='ltr'><strong>enim</strong></span> 
     </span>
     <span class='ocr_line' id='line_1_14' title="bbox 228 1758 1455 1829; baseline 0.002 -18"><span class='ocrx_word' id='word_1_145' title='bbox 228 1763 288 1811; x_wconf 88' lang='lat' dir='ltr'><strong>erat</strong></span> <span class='ocrx_word' id='word_1_146' title='bbox 301 1759 404 1812; x_wconf 89' lang='lat' dir='ltr'><strong>munita</strong></span> <span class='ocrx_word' id='word_1_147' title='bbox 416 1759 513 1823; x_wconf 90' lang='lat' dir='ltr'><strong>muris,</strong></span> <span class='ocrx_word' id='word_1_148' title='bbox 526 1772 578 1812; x_wconf 91' lang='lat' dir='ltr'><strong>nec</strong></span> <span class='ocrx_word' id='word_1_149' title='bbox 598 1758 716 1813; x_wconf 89' lang='lat' dir='ltr'><strong>muitum</strong></span> <span class='ocrx_word' id='word_1_150' title='bbox 736 1758 869 1826; x_wconf 89' lang='lat' dir='ltr'><strong>populosa</strong></span> <span class='ocrx_word' id='word_1_151' title='bbox 888 1764 1000 1827; x_wconf 92' lang='lat' dir='ltr'><strong>propter</strong></span> <span class='ocrx_word' id='word_1_152' title='bbox 1010 1760 1170 1814; x_wconf 87' lang='lat' dir='ltr'><strong>innumeras</strong></span> <span class='ocrx_word' id='word_1_153' title='bbox 1188 1761 1284 1815; x_wconf 89' lang='lat' dir='ltr'><strong>ruinas</strong></span> <span class='ocrx_word' id='word_1_154' title='bbox 1296 1768 1325 1815; x_wconf 91' lang='lat' dir='ltr'><strong>et</strong></span> <span class='ocrx_word' id='word_1_155' title='bbox 1336 1761 1455 1829; x_wconf 81' lang='lat' dir='ltr'><strong>saepissi-</strong></span> 
     </span>
     <span class='ocr_line' id='line_1_15' title="bbox 228 1857 1455 1927; baseline 0.002 -17"><span class='ocrx_word' id='word_1_156' title='bbox 228 1871 287 1910; x_wconf 89' lang='lat' dir='ltr'><strong>mas</strong></span> <span class='ocrx_word' id='word_1_157' title='bbox 299 1858 466 1925; x_wconf 89' lang='lat' dir='ltr'><strong>irruptiones</strong></span> <span class='ocrx_word' id='word_1_158' title='bbox 478 1858 657 1911; x_wconf 90' lang='lat' dir='ltr'><strong>barbarorum</strong></span> <span class='ocrx_word' id='word_1_159' title='bbox 676 1857 805 1913; x_wconf 89' lang='lat' dir='ltr'><strong>bostium.</strong></span> <span class='ocrx_word' id='word_1_160' title='bbox 819 1859 904 1921; x_wconf 80' lang='lat' dir='ltr'><strong>Quam</strong></span> <span class='ocrx_word' id='word_1_161' title='bbox 916 1864 944 1912; x_wconf 94' lang='lat' dir='ltr'><strong>et</strong></span> <span class='ocrx_word' id='word_1_162' title='bbox 955 1858 1008 1925; x_wconf 90' lang='lat' dir='ltr'><strong>ipsi</strong></span> <span class='ocrx_word' id='word_1_163' title='bbox 1025 1858 1207 1927; x_wconf 88' lang='lat' dir='ltr'><strong>devastantes,</strong></span> <span class='ocrx_word' id='word_1_164' title='bbox 1219 1860 1455 1914; x_wconf 81' lang='lat' dir='ltr'><strong>abundantissime</strong></span> 
     </span>
     <span class='ocr_line' id='line_1_16' title="bbox 229 1945 1495 2027; baseline 0.001 -17"><span class='ocrx_word' id='word_1_165' title='bbox 229 1969 260 2010; x_wconf 88' lang='lat' dir='ltr'><strong>se</strong></span> <span class='ocrx_word' id='word_1_166' title='bbox 271 1956 428 2010; x_wconf 84' lang='lat' dir='ltr'><strong>reiecerunt</strong></span> <span class='ocrx_word' id='word_1_167' title='bbox 448 1955 482 2009; x_wconf 94' lang='lat' dir='ltr'><strong>de</strong></span> <span class='ocrx_word' id='word_1_168' title='bbox 503 1956 545 2008; x_wconf 88' lang='lat' dir='ltr'><strong>his</strong></span> <span class='ocrx_word' id='word_1_169' title='bbox 556 1957 639 2010; x_wconf 92' lang='lat' dir='ltr'><strong>rebus</strong></span> <span class='ocrx_word' id='word_1_170' title='bbox 651 1945 720 2023; x_wconf 84' lang='lat' dir='ltr'><strong>quas</strong></span> <span class='ocrx_word' id='word_1_171' title='bbox 732 1955 769 2008; x_wconf 90' lang='lat' dir='ltr'><strong>ibi</strong></span> <span class='ocrx_word' id='word_1_172' title='bbox 783 1961 974 2022; x_wconf 91' lang='lat' dir='ltr'><strong>reppererunt.</strong></span> <span class='ocrx_word' id='word_1_173' title='bbox 988 1957 1102 2023; x_wconf 85' lang='lat' dir='ltr'><strong>Quidam</strong></span> <span class='ocrx_word' id='word_1_174' title='bbox 1114 1971 1179 2013; x_wconf 87' lang='lat' dir='ltr'><strong>vero</strong></span> <span class='ocrx_word' id='word_1_175' title='bbox 1198 1958 1322 2027; x_wconf 89' lang='lat' dir='ltr'><strong>illorum,</strong></span> <span class='ocrx_word' id='word_1_176' title='bbox 1335 1961 1459 2013; x_wconf 87' lang='lat' dir='ltr'><strong>timentes</strong></span> <span class='ocrx_word' id='word_1_177' title='bbox 1472 1958 1495 2012; x_wconf 85' lang='lat' dir='ltr'><strong>tt</strong></span> 
     </span>
    </p>
   </div>
   <div class='ocr_carea' id='block_1_3' title="bbox 92 2056 1457 2126">
    <p class='ocr_par' dir='ltr' id='par_1_4' title="bbox 92 2056 1457 2126">
     <span class='ocr_line' id='line_1_17' title="bbox 92 2056 1457 2126; baseline 0.003 -16"><span class='ocrx_word' id='word_1_178' title='bbox 92 2056 103 2082; x_wconf 75' lang='lat'>¹</span> <span class='ocrx_word' id='word_1_179' title='bbox 139 2056 170 2113; x_wconf 77' lang='lat'><strong>¹.</strong></span> <span class='ocrx_word' id='word_1_180' title='bbox 230 2057 375 2110; x_wconf 89' lang='lat' dir='ltr'><strong>barbaram</strong></span> <span class='ocrx_word' id='word_1_181' title='bbox 395 2062 513 2126; x_wconf 77' lang='lat' dir='ltr'><strong>gentem,</strong></span> <span class='ocrx_word' id='word_1_182' title='bbox 527 2068 597 2123; x_wconf 89' lang='lat' dir='ltr'><strong>quae</strong></span> <span class='ocrx_word' id='word_1_183' title='bbox 617 2056 719 2110; x_wconf 86' lang='lat' dir='ltr'><strong>ibidem</strong></span> <span class='ocrx_word' id='word_1_184' title='bbox 740 2057 908 2124; x_wconf 86' lang='lat' dir='ltr'><strong>morabatur,</strong></span> <span class='ocrx_word' id='word_1_185' title='bbox 921 2057 1083 2112; x_wconf 78' lang='lat' dir='ltr'><strong>festinanter</strong></span> <span class='ocrx_word' id='word_1_186' title='bbox 1102 2059 1300 2126; x_wconf 91' lang='lat' dir='ltr'><strong>perquirerunt</strong></span> <span class='ocrx_word' id='word_1_187' title='bbox 1323 2061 1333 2080; x_wconf 90' lang='grc'><em>·</em></span> <span class='ocrx_word' id='word_1_188' title='bbox 1354 2072 1457 2122; x_wconf 83' lang='lat' dir='ltr'><strong>narem,</strong></span> 
     </span>
    </p>
   </div>
   <div class='ocr_carea' id='block_1_4' title="bbox 227 2157 1499 4718">
    <p class='ocr_par' dir='ltr' id='par_1_5' title="bbox 227 2157 1499 4718">
     <span class='ocr_line' id='line_1_18' title="bbox 228 2157 1457 2225; baseline 0.002 -14"><span class='ocrx_word' id='word_1_189' title='bbox 228 2158 350 2212; x_wconf 86' lang='lat' dir='ltr'><strong>volentes</strong></span> <span class='ocrx_word' id='word_1_190' title='bbox 372 2157 499 2224; x_wconf 78' lang='lat' dir='ltr'><strong>navigare</strong></span> <span class='ocrx_word' id='word_1_191' title='bbox 520 2159 647 2225; x_wconf 81' lang='lat' dir='ltr'><strong>Cyprum.</strong></span> <span class='ocrx_word' id='word_1_192' title='bbox 661 2160 716 2222; x_wconf 81' lang='lat' dir='ltr'><strong>Qua</strong></span> <span class='ocrx_word' id='word_1_193' title='bbox 737 2164 854 2223; x_wconf 89' lang='lat' dir='ltr'><strong>reperta,</strong></span> <span class='ocrx_word' id='word_1_194' title='bbox 869 2157 1039 2212; x_wconf 89' lang='lat' dir='ltr'><strong>intraverunt</strong></span> <span class='ocrx_word' id='word_1_195' title='bbox 1059 2159 1165 2213; x_wconf 88' lang='lat' dir='ltr'><strong>ineam</strong></span> <span class='ocrx_word' id='word_1_196' title='bbox 1185 2159 1246 2213; x_wconf 86' lang='lat' dir='ltr'><strong>iere</strong></span> <span class='ocrx_word' id='word_1_197' title='bbox 1267 2163 1381 2214; x_wconf 87' lang='lat' dir='ltr'><strong>centum</strong></span> <span class='ocrx_word' id='word_1_198' title='bbox 1400 2157 1457 2222; x_wconf 85' lang='lat' dir='ltr'><strong>viri,</strong></span> 
     </span>
     <span class='ocr_line' id='line_1_19' title="bbox 228 2256 1456 2327; baseline 0.001 -15"><span class='ocrx_word' id='word_1_199' title='bbox 228 2271 291 2312; x_wconf 90' lang='lat' dir='ltr'><strong>nam</strong></span> <span class='ocrx_word' id='word_1_200' title='bbox 305 2258 380 2313; x_wconf 89' lang='lat' dir='ltr'><strong>navis</strong></span> <span class='ocrx_word' id='word_1_201' title='bbox 392 2257 457 2311; x_wconf 90' lang='lat' dir='ltr'><strong>satis</strong></span> <span class='ocrx_word' id='word_1_202' title='bbox 470 2261 528 2311; x_wconf 89' lang='lat' dir='ltr'><strong>erat</strong></span> <span class='ocrx_word' id='word_1_203' title='bbox 545 2256 712 2323; x_wconf 87' lang='lat' dir='ltr'><strong>permodica,</strong></span> <span class='ocrx_word' id='word_1_204' title='bbox 727 2261 756 2310; x_wconf 92' lang='lat' dir='ltr'><strong>et</strong></span> <span class='ocrx_word' id='word_1_205' title='bbox 776 2256 843 2309; x_wconf 90' lang='lat' dir='ltr'><strong>velis</strong></span> <span class='ocrx_word' id='word_1_206' title='bbox 855 2257 993 2323; x_wconf 85' lang='lat' dir='ltr'><strong>expansis,</strong></span> <span class='ocrx_word' id='word_1_207' title='bbox 1006 2257 1078 2312; x_wconf 91' lang='lat' dir='ltr'><strong>laeto</strong></span> <span class='ocrx_word' id='word_1_208' title='bbox 1099 2258 1192 2311; x_wconf 90' lang='lat' dir='ltr'><strong>animo</strong></span> <span class='ocrx_word' id='word_1_209' title='bbox 1210 2258 1341 2327; x_wconf 76' lang='lat' dir='ltr'><strong>navigare</strong></span> <span class='ocrx_word' id='word_1_210' title='bbox 1358 2270 1456 2326; x_wconf 87' lang='lat' dir='ltr'><strong>coepe·</strong></span> 
     </span>
     <span class='ocr_line' id='line_1_20' title="bbox 227 2355 1457 2425; baseline -0.002 -13"><span class='ocrx_word' id='word_1_211' title='bbox 227 2362 293 2412; x_wconf 91' lang='lat' dir='ltr'><strong>runt</strong></span> <span class='ocrx_word' id='word_1_212' title='bbox 304 2370 353 2425; x_wconf 90' lang='lat' dir='ltr'><strong>per</strong></span> <span class='ocrx_word' id='word_1_213' title='bbox 364 2370 468 2425; x_wconf 91' lang='lat' dir='ltr'><strong>aequor</strong></span> <span class='ocrx_word' id='word_1_214' title='bbox 480 2362 560 2410; x_wconf 87' lang='lat' dir='ltr'><strong>vento</strong></span> <span class='ocrx_word' id='word_1_215' title='bbox 573 2369 703 2424; x_wconf 90' lang='lat' dir='ltr'><strong>prospero</strong></span> <span class='ocrx_word' id='word_1_216' title='bbox 716 2356 808 2410; x_wconf 84' lang='lat' dir='ltr'><strong>dante.</strong></span> <span class='ocrx_word' id='word_1_217' title='bbox 822 2355 876 2410; x_wconf 86' lang='lat' dir='ltr'><strong>Sed</strong></span> <span class='ocrx_word' id='word_1_218' title='bbox 889 2358 956 2411; x_wconf 87' lang='lat' dir='ltr'><strong>traec</strong></span> <span class='ocrx_word' id='word_1_219' title='bbox 968 2356 1068 2411; x_wconf 90' lang='lat' dir='ltr'><strong>taetitia</strong></span> <span class='ocrx_word' id='word_1_220' title='bbox 1081 2357 1115 2411; x_wconf 92' lang='lat' dir='ltr'><strong>ad</strong></span> <span class='ocrx_word' id='word_1_221' title='bbox 1128 2357 1269 2412; x_wconf 87' lang='lat' dir='ltr'><strong>modicum</strong></span> <span class='ocrx_word' id='word_1_222' title='bbox 1280 2370 1361 2413; x_wconf 85' lang='lat' dir='ltr'><strong>versa</strong></span> <span class='ocrx_word' id='word_1_223' title='bbox 1373 2363 1416 2413; x_wconf 81' lang='lat' dir='ltr'><strong>est</strong></span> <span class='ocrx_word' id='word_1_224' title='bbox 1431 2358 1457 2410; x_wconf 92' lang='lat' dir='ltr'><strong>in</strong></span> 
     </span>
     <span class='ocr_line' id='line_1_21' title="bbox 227 2456 1495 2526; baseline -0.002 -15"><span class='ocrx_word' id='word_1_225' title='bbox 227 2470 354 2526; x_wconf 82' lang='lat' dir='ltr'><strong>maguam</strong></span> <span class='ocrx_word' id='word_1_226' title='bbox 366 2458 513 2511; x_wconf 89' lang='lat' dir='ltr'><strong>tristitiam.</strong></span> <span class='ocrx_word' id='word_1_227' title='bbox 523 2460 589 2511; x_wconf 85' lang='lat' dir='ltr'><strong>Nam</strong></span> <span class='ocrx_word' id='word_1_228' title='bbox 602 2471 664 2511; x_wconf 91' lang='lat' dir='ltr'><strong>cum</strong></span> <span class='ocrx_word' id='word_1_229' title='bbox 678 2457 851 2525; x_wconf 80' lang='lat' dir='ltr'><strong>navigassent</strong></span> <span class='ocrx_word' id='word_1_230' title='bbox 864 2470 920 2510; x_wconf 93' lang='lat' dir='ltr'><strong>nno</strong></span> <span class='ocrx_word' id='word_1_231' title='bbox 933 2457 978 2510; x_wconf 91' lang='lat' dir='ltr'><strong>die</strong></span> <span class='ocrx_word' id='word_1_232' title='bbox 991 2470 1074 2510; x_wconf 89' lang='lat' dir='ltr'><strong>cursu</strong></span> <span class='ocrx_word' id='word_1_233' title='bbox 1085 2469 1229 2524; x_wconf 90' lang='lat' dir='ltr'><strong>prospero,</strong></span> <span class='ocrx_word' id='word_1_234' title='bbox 1243 2458 1336 2512; x_wconf 91' lang='lat' dir='ltr'><strong>subito</strong></span> <span class='ocrx_word' id='word_1_235' title='bbox 1350 2462 1409 2512; x_wconf 89' lang='lat' dir='ltr'><strong>orta</strong></span> <span class='ocrx_word' id='word_1_236' title='bbox 1420 2462 1458 2510; x_wconf 83' lang='lat' dir='ltr'><strong>est</strong></span> <span class='ocrx_word' id='word_1_237' title='bbox 1471 2456 1495 2509; x_wconf 70' lang='lat' dir='ltr'><strong>bt</strong></span> 
     </span>
     <span class='ocr_line' id='line_1_22' title="bbox 228 2555 1456 2623; baseline -0.001 -12"><span class='ocrx_word' id='word_1_238' title='bbox 228 2557 363 2611; x_wconf 91' lang='lat' dir='ltr'><strong>immensa</strong></span> <span class='ocrx_word' id='word_1_239' title='bbox 375 2562 531 2623; x_wconf 89' lang='lat' dir='ltr'><strong>tempestas.</strong></span> <span class='ocrx_word' id='word_1_240' title='bbox 546 2559 613 2610; x_wconf 86' lang='lat' dir='ltr'><strong>cum</strong></span> <span class='ocrx_word' id='word_1_241' title='bbox 635 2569 671 2610; x_wconf 80' lang='lat' dir='ltr'><strong>er</strong></span> <span class='ocrx_word' id='word_1_242' title='bbox 687 2556 835 2622; x_wconf 89' lang='lat' dir='ltr'><strong>improviso</strong></span> <span class='ocrx_word' id='word_1_243' title='bbox 857 2556 959 2609; x_wconf 91' lang='lat' dir='ltr'><strong>nimius</strong></span> <span class='ocrx_word' id='word_1_244' title='bbox 979 2555 1255 2610; x_wconf 83' lang='lat' dir='ltr'><strong>ventusinierensse</strong></span> <span class='ocrx_word' id='word_1_245' title='bbox 1275 2556 1456 2623; x_wconf 82' lang='lat' dir='ltr'><strong>intrarelum,</strong></span> 
     </span>
     <span class='ocr_line' id='line_1_23' title="bbox 229 2653 1459 2725; baseline -0.003 -14"><span class='ocrx_word' id='word_1_246' title='bbox 229 2657 332 2725; x_wconf 88' lang='lat' dir='ltr'><strong>dirupit</strong></span> <span class='ocrx_word' id='word_1_247' title='bbox 343 2670 440 2710; x_wconf 89' lang='lat' dir='ltr'><strong>omnes</strong></span> <span class='ocrx_word' id='word_1_248' title='bbox 452 2657 577 2722; x_wconf 82' lang='lat' dir='ltr'><strong>chordas,</strong></span> <span class='ocrx_word' id='word_1_249' title='bbox 591 2658 736 2723; x_wconf 91' lang='lat' dir='ltr'><strong>ipsumque</strong></span> <span class='ocrx_word' id='word_1_250' title='bbox 748 2656 840 2709; x_wconf 86' lang='lat' dir='ltr'><strong>vetum</strong></span> <span class='ocrx_word' id='word_1_251' title='bbox 861 2655 890 2708; x_wconf 93' lang='lat' dir='ltr'><strong>in</strong></span> <span class='ocrx_word' id='word_1_252' title='bbox 911 2654 1004 2708; x_wconf 90' lang='lat' dir='ltr'><strong>multis</strong></span> <span class='ocrx_word' id='word_1_253' title='bbox 1015 2655 1138 2722; x_wconf 87' lang='lat' dir='ltr'><strong>partibus</strong></span> <span class='ocrx_word' id='word_1_254' title='bbox 1155 2653 1288 2708; x_wconf 82' lang='lat' dir='ltr'><strong>scindens</strong></span> <span class='ocrx_word' id='word_1_255' title='bbox 1298 2656 1417 2722; x_wconf 76' lang='lat' dir='ltr'><strong>proiecit</strong></span> <span class='ocrx_word' id='word_1_256' title='bbox 1432 2655 1459 2707; x_wconf 91' lang='lat' dir='ltr'><strong>in</strong></span> 
     </span>
     <span class='ocr_line' id='line_1_24' title="bbox 229 2753 1459 2823; baseline -0.001 -14"><span class='ocrx_word' id='word_1_257' title='bbox 229 2769 304 2811; x_wconf 88' lang='lat' dir='ltr'><strong>mare</strong></span> <span class='ocrx_word' id='word_1_258' title='bbox 325 2756 406 2809; x_wconf 91' lang='lat' dir='ltr'><strong>simui</strong></span> <span class='ocrx_word' id='word_1_259' title='bbox 427 2769 490 2809; x_wconf 91' lang='lat' dir='ltr'><strong>cum</strong></span> <span class='ocrx_word' id='word_1_260' title='bbox 511 2756 596 2823; x_wconf 78' lang='lat' dir='ltr'><strong>virpa.</strong></span> <span class='ocrx_word' id='word_1_261' title='bbox 609 2758 762 2815; x_wconf 73' lang='lat' dir='ltr'><strong>antennam</strong></span> <span class='ocrx_word' id='word_1_262' title='bbox 782 2767 893 2822; x_wconf 92' lang='lat' dir='ltr'><strong>quoque</strong></span> <span class='ocrx_word' id='word_1_263' title='bbox 914 2754 1048 2821; x_wconf 90' lang='lat' dir='ltr'><strong>arripiens</strong></span> <span class='ocrx_word' id='word_1_264' title='bbox 1067 2754 1102 2807; x_wconf 92' lang='lat' dir='ltr'><strong>de</strong></span> <span class='ocrx_word' id='word_1_265' title='bbox 1122 2753 1182 2808; x_wconf 93' lang='lat' dir='ltr'><strong>loco</strong></span> <span class='ocrx_word' id='word_1_266' title='bbox 1194 2768 1246 2808; x_wconf 92' lang='lat' dir='ltr'><strong>suo</strong></span> <span class='ocrx_word' id='word_1_267' title='bbox 1266 2755 1459 2822; x_wconf 86' lang='lat' dir='ltr'><strong>amovit,qnae</strong></span> 
     </span>
     <span class='ocr_line' id='line_1_25' title="bbox 229 2852 1460 2923; baseline -0.002 -15"><span class='ocrx_word' id='word_1_268' title='bbox 229 2854 331 2908; x_wconf 90' lang='lat' dir='ltr'><strong>cadens</strong></span> <span class='ocrx_word' id='word_1_269' title='bbox 343 2867 405 2908; x_wconf 90' lang='lat' dir='ltr'><strong>cnm</strong></span> <span class='ocrx_word' id='word_1_270' title='bbox 421 2854 505 2907; x_wconf 89' lang='lat' dir='ltr'><strong>nimio</strong></span> <span class='ocrx_word' id='word_1_271' title='bbox 517 2855 635 2923; x_wconf 84' lang='lat' dir='ltr'><strong>fragore,</strong></span> <span class='ocrx_word' id='word_1_272' title='bbox 651 2853 816 2907; x_wconf 90' lang='lat' dir='ltr'><strong>immensum</strong></span> <span class='ocrx_word' id='word_1_273' title='bbox 837 2857 969 2907; x_wconf 88' lang='lat' dir='ltr'><strong>terrorem</strong></span> <span class='ocrx_word' id='word_1_274' title='bbox 990 2853 1112 2906; x_wconf 79' lang='lat' dir='ltr'><strong>exhibuit</strong></span> <span class='ocrx_word' id='word_1_275' title='bbox 1131 2852 1271 2907; x_wconf 86' lang='lat' dir='ltr'><strong>omnibus.</strong></span> <span class='ocrx_word' id='word_1_276' title='bbox 1284 2854 1318 2906; x_wconf 79' lang='lat' dir='ltr'><strong>itt</strong></span> <span class='ocrx_word' id='word_1_277' title='bbox 1335 2853 1411 2920; x_wconf 90' lang='lat' dir='ltr'><strong>quod</strong></span> <span class='ocrx_word' id='word_1_278' title='bbox 1427 2852 1460 2905; x_wconf 89' lang='lat' dir='ltr'><strong>ad</strong></span> 
     </span>
     <span class='ocr_line' id='line_1_26' title="bbox 229 2951 1499 3021; baseline -0.004 -13"><span class='ocrx_word' id='word_1_279' title='bbox 229 2956 317 3021; x_wconf 86' lang='lat' dir='ltr'><strong>majus</strong></span> <span class='ocrx_word' id='word_1_280' title='bbox 329 2954 462 3007; x_wconf 90' lang='lat' dir='ltr'><strong>damnum</strong></span> <span class='ocrx_word' id='word_1_281' title='bbox 474 2954 514 3006; x_wconf 90' lang='lat' dir='ltr'><strong>eis</strong></span> <span class='ocrx_word' id='word_1_282' title='bbox 526 2954 586 3017; x_wconf 87' lang='lat' dir='ltr'><strong>init,</strong></span> <span class='ocrx_word' id='word_1_283' title='bbox 599 2954 636 3006; x_wconf 89' lang='lat' dir='ltr'><strong>ita</strong></span> <span class='ocrx_word' id='word_1_284' title='bbox 648 2953 750 3007; x_wconf 90' lang='lat' dir='ltr'><strong>corruit</strong></span> <span class='ocrx_word' id='word_1_285' title='bbox 761 2959 792 3005; x_wconf 92' lang='lat' dir='ltr'><strong>ut</strong></span> <span class='ocrx_word' id='word_1_286' title='bbox 804 2966 859 3005; x_wconf 91' lang='lat' dir='ltr'><strong>nna</strong></span> <span class='ocrx_word' id='word_1_287' title='bbox 872 2966 935 3019; x_wconf 91' lang='lat' dir='ltr'><strong>pars</strong></span> <span class='ocrx_word' id='word_1_288' title='bbox 946 2958 1019 3006; x_wconf 89' lang='lat' dir='ltr'><strong>esset</strong></span> <span class='ocrx_word' id='word_1_289' title='bbox 1029 2953 1058 3005; x_wconf 90' lang='lat' dir='ltr'><strong>in</strong></span> <span class='ocrx_word' id='word_1_290' title='bbox 1080 2953 1148 3005; x_wconf 89' lang='lat' dir='ltr'><strong>mari</strong></span> <span class='ocrx_word' id='word_1_291' title='bbox 1160 2957 1187 3006; x_wconf 91' lang='lat' dir='ltr'><strong>et</strong></span> <span class='ocrx_word' id='word_1_292' title='bbox 1199 2953 1286 3006; x_wconf 84' lang='lat' dir='ltr'><strong>altera</strong></span> <span class='ocrx_word' id='word_1_293' title='bbox 1303 2953 1333 3005; x_wconf 91' lang='lat' dir='ltr'><strong>in</strong></span> <span class='ocrx_word' id='word_1_294' title='bbox 1346 2953 1421 3017; x_wconf 81' lang='lat' dir='ltr'><strong>nari,</strong></span> <span class='ocrx_word' id='word_1_295' title='bbox 1433 2957 1459 3005; x_wconf 92' lang='lat' dir='ltr'><strong>et</strong></span> <span class='ocrx_word' id='word_1_296' title='bbox 1472 2951 1499 3003; x_wconf 72' lang='grc'><strong>15</strong></span> 
     </span>
     <span class='ocr_line' id='line_1_27' title="bbox 229 3049 1460 3123; baseline -0.004 -15"><span class='ocrx_word' id='word_1_297' title='bbox 229 3060 373 3123; x_wconf 86' lang='lat' dir='ltr'><strong>propterea</strong></span> <span class='ocrx_word' id='word_1_298' title='bbox 386 3055 463 3107; x_wconf 89' lang='lat' dir='ltr'><strong>navis</strong></span> <span class='ocrx_word' id='word_1_299' title='bbox 476 3058 530 3106; x_wconf 86' lang='lat' dir='ltr'><strong>tota</strong></span> <span class='ocrx_word' id='word_1_300' title='bbox 543 3052 680 3120; x_wconf 87' lang='lat' dir='ltr'><strong>pendebat</strong></span> <span class='ocrx_word' id='word_1_301' title='bbox 693 3066 726 3105; x_wconf 84' lang='lat' dir='ltr'><strong>cx</strong></span> <span class='ocrx_word' id='word_1_302' title='bbox 738 3052 785 3106; x_wconf 88' lang='lat' dir='ltr'><strong>iiia</strong></span> <span class='ocrx_word' id='word_1_303' title='bbox 797 3057 882 3118; x_wconf 91' lang='lat' dir='ltr'><strong>parte,</strong></span> <span class='ocrx_word' id='word_1_304' title='bbox 896 3056 923 3103; x_wconf 91' lang='lat' dir='ltr'><strong>et</strong></span> <span class='ocrx_word' id='word_1_305' title='bbox 936 3065 985 3117; x_wconf 92' lang='lat' dir='ltr'><strong>per</strong></span> <span class='ocrx_word' id='word_1_306' title='bbox 997 3052 1047 3104; x_wconf 89' lang='lat' dir='ltr'><strong>boc</strong></span> <span class='ocrx_word' id='word_1_307' title='bbox 1059 3049 1151 3103; x_wconf 86' lang='lat' dir='ltr'><strong>undae</strong></span> <span class='ocrx_word' id='word_1_308' title='bbox 1170 3051 1263 3115; x_wconf 89' lang='lat' dir='ltr'><strong>maris,</strong></span> <span class='ocrx_word' id='word_1_309' title='bbox 1276 3063 1350 3118; x_wconf 89' lang='lat' dir='ltr'><strong>quae</strong></span> <span class='ocrx_word' id='word_1_310' title='bbox 1361 3051 1460 3104; x_wconf 90' lang='lat' dir='ltr'><strong>nimiae</strong></span> 
     </span>
     <span class='ocr_line' id='line_1_28' title="bbox 228 3149 1461 3222; baseline -0.006 -14"><span class='ocrx_word' id='word_1_311' title='bbox 228 3159 315 3222; x_wconf 91' lang='lat' dir='ltr'><strong>erant,</strong></span> <span class='ocrx_word' id='word_1_312' title='bbox 330 3155 409 3208; x_wconf 78' lang='lat' dir='ltr'><strong>facile</strong></span> <span class='ocrx_word' id='word_1_313' title='bbox 421 3154 560 3206; x_wconf 89' lang='lat' dir='ltr'><strong>intrabant</strong></span> <span class='ocrx_word' id='word_1_314' title='bbox 573 3155 600 3205; x_wconf 91' lang='lat' dir='ltr'><strong>in</strong></span> <span class='ocrx_word' id='word_1_315' title='bbox 614 3153 686 3206; x_wconf 87' lang='lat' dir='ltr'><strong>navi.</strong></span> <span class='ocrx_word' id='word_1_316' title='bbox 701 3155 806 3206; x_wconf 83' lang='lat' dir='ltr'><strong>Etcum</strong></span> <span class='ocrx_word' id='word_1_317' title='bbox 819 3152 896 3205; x_wconf 88' lang='lat' dir='ltr'><strong>navis</strong></span> <span class='ocrx_word' id='word_1_318' title='bbox 908 3155 981 3204; x_wconf 90' lang='lat' dir='ltr'><strong>esset</strong></span> <span class='ocrx_word' id='word_1_319' title='bbox 998 3149 1079 3216; x_wconf 91' lang='lat' dir='ltr'><strong>plena</strong></span> <span class='ocrx_word' id='word_1_320' title='bbox 1091 3162 1180 3216; x_wconf 88' lang='lat' dir='ltr'><strong>usqne</strong></span> <span class='ocrx_word' id='word_1_321' title='bbox 1199 3149 1234 3202; x_wconf 88' lang='lat' dir='ltr'><strong>ad</strong></span> <span class='ocrx_word' id='word_1_322' title='bbox 1246 3162 1373 3202; x_wconf 89' lang='lat' dir='ltr'><strong>summos</strong></span> <span class='ocrx_word' id='word_1_323' title='bbox 1386 3150 1461 3203; x_wconf 90' lang='lat' dir='ltr'><strong>tabu·</strong></span> 
     </span>
     <span class='ocr_line' id='line_1_29' title="bbox 229 3247 1463 3322; baseline -0.004 -15"><span class='ocrx_word' id='word_1_324' title='bbox 229 3253 308 3321; x_wconf 90' lang='lat' dir='ltr'><strong>latus,</strong></span> <span class='ocrx_word' id='word_1_325' title='bbox 322 3254 411 3319; x_wconf 87' lang='lat' dir='ltr'><strong>coepit</strong></span> <span class='ocrx_word' id='word_1_326' title='bbox 422 3254 504 3322; x_wconf 78' lang='lat' dir='ltr'><strong>girari</strong></span> <span class='ocrx_word' id='word_1_327' title='bbox 523 3254 551 3305; x_wconf 94' lang='lat' dir='ltr'><strong>in</strong></span> <span class='ocrx_word' id='word_1_328' title='bbox 562 3252 673 3306; x_wconf 89' lang='lat' dir='ltr'><strong>modurn</strong></span> <span class='ocrx_word' id='word_1_329' title='bbox 690 3253 728 3305; x_wconf 92' lang='lat' dir='ltr'><strong>rei</strong></span> <span class='ocrx_word' id='word_1_330' title='bbox 750 3251 929 3319; x_wconf 89' lang='lat' dir='ltr'><strong>ponderosae,</strong></span> <span class='ocrx_word' id='word_1_331' title='bbox 942 3262 1013 3317; x_wconf 92' lang='lat' dir='ltr'><strong>quae</strong></span> <span class='ocrx_word' id='word_1_332' title='bbox 1034 3248 1067 3302; x_wconf 87' lang='lat' dir='ltr'><strong>ad</strong></span> <span class='ocrx_word' id='word_1_333' title='bbox 1080 3249 1195 3302; x_wconf 80' lang='lat' dir='ltr'><strong>fundum</strong></span> <span class='ocrx_word' id='word_1_334' title='bbox 1214 3247 1320 3314; x_wconf 87' lang='lat' dir='ltr'><strong>tendit;</strong></span> <span class='ocrx_word' id='word_1_335' title='bbox 1335 3261 1409 3316; x_wconf 90' lang='lat' dir='ltr'><strong>quae</strong></span> <span class='ocrx_word' id='word_1_336' title='bbox 1420 3261 1463 3303; x_wconf 77' lang='lat' dir='ltr'><strong>ras</strong></span> 
     </span>
     <span class='ocr_line' id='line_1_30' title="bbox 230 3350 1463 3417; baseline -0.002 -11"><span class='ocrx_word' id='word_1_337' title='bbox 230 3354 298 3407; x_wconf 89' lang='lat' dir='ltr'><strong>nihil</strong></span> <span class='ocrx_word' id='word_1_338' title='bbox 310 3353 385 3406; x_wconf 90' lang='lat' dir='ltr'><strong>alind</strong></span> <span class='ocrx_word' id='word_1_339' title='bbox 398 3353 605 3406; x_wconf 89' lang='lat' dir='ltr'><strong>demonstrabat</strong></span> <span class='ocrx_word' id='word_1_340' title='bbox 618 3352 669 3404; x_wconf 90' lang='lat' dir='ltr'><strong>nisi</strong></span> <span class='ocrx_word' id='word_1_341' title='bbox 682 3352 801 3405; x_wconf 88' lang='lat' dir='ltr'><strong>celerem</strong></span> <span class='ocrx_word' id='word_1_342' title='bbox 813 3352 1040 3404; x_wconf 90' lang='lat' dir='ltr'><strong>submersionem.</strong></span> <span class='ocrx_word' id='word_1_343' title='bbox 1055 3350 1222 3404; x_wconf 87' lang='lat' dir='ltr'><strong>videbantur</strong></span> <span class='ocrx_word' id='word_1_344' title='bbox 1234 3363 1347 3417; x_wconf 91' lang='lat' dir='ltr'><strong>quoque</strong></span> <span class='ocrx_word' id='word_1_345' title='bbox 1360 3355 1389 3404; x_wconf 90' lang='lat' dir='ltr'><strong>et</strong></span> <span class='ocrx_word' id='word_1_346' title='bbox 1400 3355 1463 3404; x_wconf 89' lang='lat' dir='ltr'><strong>ante</strong></span> 
     </span>
     <span class='ocr_line' id='line_1_31' title="bbox 229 3449 1499 3519; baseline -0.003 -12"><span class='ocrx_word' id='word_1_347' title='bbox 229 3454 323 3507; x_wconf 86' lang='lat' dir='ltr'><strong>oculos</strong></span> <span class='ocrx_word' id='word_1_348' title='bbox 336 3467 432 3507; x_wconf 91' lang='lat' dir='ltr'><strong>eorum</strong></span> <span class='ocrx_word' id='word_1_349' title='bbox 444 3454 579 3519; x_wconf 83' lang='lat' dir='ltr'><strong>quaedam</strong></span> <span class='ocrx_word' id='word_1_350' title='bbox 594 3457 729 3518; x_wconf 89' lang='lat' dir='ltr'><strong>portenta,</strong></span> <span class='ocrx_word' id='word_1_351' title='bbox 743 3465 812 3519; x_wconf 89' lang='lat' dir='ltr'><strong>quae</strong></span> <span class='ocrx_word' id='word_1_352' title='bbox 825 3465 994 3518; x_wconf 87' lang='lat' dir='ltr'><strong>supervacua</strong></span> <span class='ocrx_word' id='word_1_353' title='bbox 1006 3452 1133 3504; x_wconf 89' lang='lat' dir='ltr'><strong>videntur</strong></span> <span class='ocrx_word' id='word_1_354' title='bbox 1145 3450 1242 3504; x_wconf 87' lang='lat' dir='ltr'><strong>litteris</strong></span> <span class='ocrx_word' id='word_1_355' title='bbox 1254 3449 1461 3505; x_wconf 85' lang='lat' dir='ltr'><strong>commendare.</strong></span> <span class='ocrx_word' id='word_1_356' title='bbox 1478 3452 1499 3503; x_wconf 81' lang='lat' dir='ltr'><strong>st</strong></span> 
     </span>
     <span class='ocr_line' id='line_1_32' title="bbox 229 3552 1463 3621; baseline -0.003 -15"><span class='ocrx_word' id='word_1_357' title='bbox 229 3555 249 3606; x_wconf 88' lang='lat'>0</span> <span class='ocrx_word' id='word_1_358' title='bbox 262 3555 324 3621; x_wconf 92' lang='lat' dir='ltr'><strong>quis</strong></span> <span class='ocrx_word' id='word_1_359' title='bbox 336 3555 421 3621; x_wconf 90' lang='lat' dir='ltr'><strong>possit</strong></span> <span class='ocrx_word' id='word_1_360' title='bbox 432 3554 524 3607; x_wconf 83' lang='lat' dir='ltr'><strong>dicere</strong></span> <span class='ocrx_word' id='word_1_361' title='bbox 536 3560 655 3620; x_wconf 84' lang='lat' dir='ltr'><strong>quantus</strong></span> <span class='ocrx_word' id='word_1_362' title='bbox 669 3566 776 3606; x_wconf 88' lang='lat' dir='ltr'><strong>maeror</strong></span> <span class='ocrx_word' id='word_1_363' title='bbox 788 3559 814 3606; x_wconf 92' lang='lat' dir='ltr'><strong>et</strong></span> <span class='ocrx_word' id='word_1_364' title='bbox 825 3554 907 3606; x_wconf 88' lang='lat' dir='ltr'><strong>timor</strong></span> <span class='ocrx_word' id='word_1_365' title='bbox 920 3552 1071 3619; x_wconf 89' lang='lat' dir='ltr'><strong>possederit</strong></span> <span class='ocrx_word' id='word_1_366' title='bbox 1082 3552 1164 3606; x_wconf 87' lang='lat' dir='ltr'><strong>eorda</strong></span> <span class='ocrx_word' id='word_1_367' title='bbox 1183 3556 1210 3605; x_wconf 92' lang='lat' dir='ltr'><strong>et</strong></span> <span class='ocrx_word' id='word_1_368' title='bbox 1221 3564 1338 3618; x_wconf 91' lang='lat' dir='ltr'><strong>corpora</strong></span> <span class='ocrx_word' id='word_1_369' title='bbox 1351 3552 1463 3606; x_wconf 84' lang='lat' dir='ltr'><strong>illorum</strong></span> 
     </span>
     <span class='ocr_line' id='line_1_33' title="bbox 229 3648 1464 3723; baseline -0.006 -14"><span class='ocrx_word' id='word_1_370' title='bbox 229 3656 276 3723; x_wconf 91' lang='lat' dir='ltr'><strong>qui</strong></span> <span class='ocrx_word' id='word_1_371' title='bbox 289 3654 359 3709; x_wconf 88' lang='lat' dir='ltr'><strong>haec</strong></span> <span class='ocrx_word' id='word_1_372' title='bbox 369 3656 540 3721; x_wconf 87' lang='lat' dir='ltr'><strong>patiebantur</strong></span> <span class='ocrx_word' id='word_1_373' title='bbox 549 3657 561 3707; x_wconf 87' lang='lat' dir='ltr'><strong>i</strong></span> <span class='ocrx_word' id='word_1_374' title='bbox 570 3655 596 3706; x_wconf 85' lang='lat' dir='ltr'><strong>Si</strong></span> <span class='ocrx_word' id='word_1_375' title='bbox 609 3654 683 3707; x_wconf 86' lang='lat' dir='ltr'><strong>enirn</strong></span> <span class='ocrx_word' id='word_1_376' title='bbox 696 3654 818 3707; x_wconf 88' lang='lat' dir='ltr'><strong>horroris</strong></span> <span class='ocrx_word' id='word_1_377' title='bbox 829 3657 870 3706; x_wconf 88' lang='lat' dir='ltr'><strong>est</strong></span> <span class='ocrx_word' id='word_1_378' title='bbox 882 3654 1020 3721; x_wconf 83' lang='lat' dir='ltr'><strong>referenti,</strong></span> <span class='ocrx_word' id='word_1_379' title='bbox 1030 3652 1097 3719; x_wconf 92' lang='lat' dir='ltr'><strong>quid</strong></span> <span class='ocrx_word' id='word_1_380' title='bbox 1110 3652 1231 3705; x_wconf 84' lang='lat' dir='ltr'><strong>horroris</strong></span> <span class='ocrx_word' id='word_1_381' title='bbox 1243 3650 1296 3702; x_wconf 85' lang='lat' dir='ltr'><strong>iirit</strong></span> <span class='ocrx_word' id='word_1_382' title='bbox 1307 3648 1464 3704; x_wconf 73' lang='lat' dir='ltr'><strong>sufferenti·</strong></span> 
     </span>
     <span class='ocr_line' id='line_1_34' title="bbox 230 3749 1465 3819; baseline -0.005 -12"><span class='ocrx_word' id='word_1_383' title='bbox 230 3755 302 3808; x_wconf 77' lang='lat' dir='ltr'><strong>bus?</strong></span> <span class='ocrx_word' id='word_1_384' title='bbox 314 3758 378 3808; x_wconf 82' lang='lat' dir='ltr'><strong>Nam</strong></span> <span class='ocrx_word' id='word_1_385' title='bbox 391 3756 420 3807; x_wconf 88' lang='lat' dir='ltr'><strong>in</strong></span> <span class='ocrx_word' id='word_1_386' title='bbox 432 3759 507 3808; x_wconf 89' lang='lat' dir='ltr'><strong>tanto</strong></span> <span class='ocrx_word' id='word_1_387' title='bbox 520 3759 547 3807; x_wconf 91' lang='lat' dir='ltr'><strong>et</strong></span> <span class='ocrx_word' id='word_1_388' title='bbox 559 3759 614 3806; x_wconf 90' lang='lat' dir='ltr'><strong>tam</strong></span> <span class='ocrx_word' id='word_1_389' title='bbox 629 3752 766 3806; x_wconf 87' lang='lat' dir='ltr'><strong>horrendo</strong></span> <span class='ocrx_word' id='word_1_390' title='bbox 781 3752 948 3819; x_wconf 76' lang='lat' dir='ltr'><strong>discrimine,</strong></span> <span class='ocrx_word' id='word_1_391' title='bbox 962 3753 1024 3819; x_wconf 91' lang='lat' dir='ltr'><strong>quis</strong></span> <span class='ocrx_word' id='word_1_392' title='bbox 1036 3755 1157 3818; x_wconf 85' lang='lat' dir='ltr'><strong>speraret</strong></span> <span class='ocrx_word' id='word_1_393' title='bbox 1169 3749 1310 3804; x_wconf 83' lang='lat' dir='ltr'><strong>evaderer</strong></span> <span class='ocrx_word' id='word_1_394' title='bbox 1322 3749 1377 3803; x_wconf 86' lang='lat' dir='ltr'><strong>sed</strong></span> <span class='ocrx_word' id='word_1_395' title='bbox 1389 3762 1465 3803; x_wconf 88' lang='lat' dir='ltr'><strong>nunc</strong></span> 
     </span>
     <span class='ocr_line' id='line_1_35' title="bbox 230 3851 1464 3920; baseline -0.003 -13"><span class='ocrx_word' id='word_1_396' title='bbox 230 3854 371 3907; x_wconf 88' lang='lat' dir='ltr'><strong>videamus</strong></span> <span class='ocrx_word' id='word_1_397' title='bbox 383 3859 515 3920; x_wconf 89' lang='lat' dir='ltr'><strong>quantum</strong></span> <span class='ocrx_word' id='word_1_398' title='bbox 537 3855 653 3919; x_wconf 90' lang='lat' dir='ltr'><strong>quisque</strong></span> <span class='ocrx_word' id='word_1_399' title='bbox 665 3853 699 3905; x_wconf 94' lang='lat' dir='ltr'><strong>de</strong></span> <span class='ocrx_word' id='word_1_400' title='bbox 711 3852 817 3906; x_wconf 89' lang='lat' dir='ltr'><strong>bomini</strong></span> <span class='ocrx_word' id='word_1_401' title='bbox 830 3851 1018 3905; x_wconf 86' lang='lat' dir='ltr'><strong>misericordia</strong></span> <span class='ocrx_word' id='word_1_402' title='bbox 1034 3851 1132 3905; x_wconf 86' lang='lat' dir='ltr'><strong>debeat</strong></span> <span class='ocrx_word' id='word_1_403' title='bbox 1150 3863 1272 3917; x_wconf 91' lang='lat' dir='ltr'><strong>sperare,</strong></span> <span class='ocrx_word' id='word_1_404' title='bbox 1285 3856 1315 3902; x_wconf 94' lang='lat' dir='ltr'><strong>et</strong></span> <span class='ocrx_word' id='word_1_405' title='bbox 1325 3855 1464 3916; x_wconf 91' lang='lat' dir='ltr'><strong>quantum</strong></span> 
     </span>
     <span class='ocr_line' id='line_1_36' title="bbox 230 3947 1499 4018; baseline -0.002 -14"><span class='ocrx_word' id='word_1_406' title='bbox 230 3953 265 4004; x_wconf 92' lang='lat' dir='ltr'><strong>sit</strong></span> <span class='ocrx_word' id='word_1_407' title='bbox 276 3951 343 4004; x_wconf 89' lang='lat' dir='ltr'><strong>utile</strong></span> <span class='ocrx_word' id='word_1_408' title='bbox 355 3952 473 4018; x_wconf 84' lang='lat' dir='ltr'><strong>aliquem</strong></span> <span class='ocrx_word' id='word_1_409' title='bbox 496 3951 530 4004; x_wconf 88' lang='lat' dir='ltr'><strong>dc</strong></span> <span class='ocrx_word' id='word_1_410' title='bbox 551 3952 652 4003; x_wconf 89' lang='lat' dir='ltr'><strong>sanctis</strong></span> <span class='ocrx_word' id='word_1_411' title='bbox 670 3951 716 4003; x_wconf 86' lang='lat' dir='ltr'><strong>bei</strong></span> <span class='ocrx_word' id='word_1_412' title='bbox 738 3951 767 4002; x_wconf 91' lang='lat' dir='ltr'><strong>in</strong></span> <span class='ocrx_word' id='word_1_413' title='bbox 779 3950 983 4003; x_wconf 88' lang='lat' dir='ltr'><strong>venerationem</strong></span> <span class='ocrx_word' id='word_1_414' title='bbox 997 3954 1024 4002; x_wconf 92' lang='lat' dir='ltr'><strong>et</strong></span> <span class='ocrx_word' id='word_1_415' title='bbox 1045 3949 1204 4002; x_wconf 88' lang='lat' dir='ltr'><strong>memoriam</strong></span> <span class='ocrx_word' id='word_1_416' title='bbox 1219 3947 1332 4009; x_wconf 82' lang='lat' dir='ltr'><strong>habere,</strong></span> <span class='ocrx_word' id='word_1_417' title='bbox 1344 3950 1395 4015; x_wconf 90' lang='lat' dir='ltr'><strong>qni</strong></span> <span class='ocrx_word' id='word_1_418' title='bbox 1413 3950 1499 4015; x_wconf 62' lang='lat' dir='ltr'><strong>prod</strong></span> 
     </span>
     <span class='ocr_line' id='line_1_37' title="bbox 230 4048 1465 4117; baseline -0.003 -12"><span class='ocrx_word' id='word_1_419' title='bbox 230 4065 262 4105; x_wconf 93' lang='lat' dir='ltr'><strong>eo</strong></span> <span class='ocrx_word' id='word_1_420' title='bbox 275 4053 309 4105; x_wconf 87' lang='lat' dir='ltr'><strong>ad</strong></span> <span class='ocrx_word' id='word_1_421' title='bbox 321 4053 465 4105; x_wconf 87' lang='lat' dir='ltr'><strong>bominum</strong></span> <span class='ocrx_word' id='word_1_422' title='bbox 488 4051 648 4117; x_wconf 88' lang='lat' dir='ltr'><strong>intercedat,</strong></span> <span class='ocrx_word' id='word_1_423' title='bbox 662 4056 692 4103; x_wconf 91' lang='lat' dir='ltr'><strong>nt</strong></span> <span class='ocrx_word' id='word_1_424' title='bbox 713 4051 757 4103; x_wconf 91' lang='lat' dir='ltr'><strong>isti</strong></span> <span class='ocrx_word' id='word_1_425' title='bbox 778 4055 842 4103; x_wconf 89' lang='lat' dir='ltr'><strong>sunt</strong></span> <span class='ocrx_word' id='word_1_426' title='bbox 854 4051 958 4116; x_wconf 83' lang='lat' dir='ltr'><strong>experti</strong></span> <span class='ocrx_word' id='word_1_427' title='bbox 980 4051 1008 4102; x_wconf 91' lang='lat' dir='ltr'><strong>in</strong></span> <span class='ocrx_word' id='word_1_428' title='bbox 1027 4062 1134 4104; x_wconf 88' lang='lat' dir='ltr'><strong>summo</strong></span> <span class='ocrx_word' id='word_1_429' title='bbox 1153 4048 1324 4102; x_wconf 89' lang='lat' dir='ltr'><strong>discrimine.</strong></span> <span class='ocrx_word' id='word_1_430' title='bbox 1338 4048 1465 4116; x_wconf 84' lang='lat' dir='ltr'><strong>benique</strong></span> 
     </span>
     <span class='ocr_line' id='line_1_38' title="bbox 229 4148 1466 4218; baseline -0.002 -13"><span class='ocrx_word' id='word_1_431' title='bbox 229 4165 292 4205; x_wconf 86' lang='lat' dir='ltr'><strong>curu</strong></span> <span class='ocrx_word' id='word_1_432' title='bbox 305 4152 459 4215; x_wconf 87' lang='lat' dir='ltr'><strong>nauclerus,</strong></span> <span class='ocrx_word' id='word_1_433' title='bbox 474 4151 585 4205; x_wconf 90' lang='lat' dir='ltr'><strong>nomine</strong></span> <span class='ocrx_word' id='word_1_434' title='bbox 606 4151 731 4218; x_wconf 80' lang='lat' dir='ltr'><strong>btilignla,</strong></span> <span class='ocrx_word' id='word_1_435' title='bbox 745 4150 904 4202; x_wconf 80' lang='lat' dir='ltr'><strong>Armenicus</strong></span> <span class='ocrx_word' id='word_1_436' title='bbox 923 4163 1033 4216; x_wconf 81' lang='lat' dir='ltr'><strong>genere,</strong></span> <span class='ocrx_word' id='word_1_437' title='bbox 1047 4148 1158 4202; x_wconf 89' lang='lat' dir='ltr'><strong>vidisset</strong></span> <span class='ocrx_word' id='word_1_438' title='bbox 1178 4161 1275 4202; x_wconf 87' lang='lat' dir='ltr'><strong>omnes</strong></span> <span class='ocrx_word' id='word_1_439' title='bbox 1288 4148 1380 4202; x_wconf 88' lang='lat' dir='ltr'><strong>socios</strong></span> <span class='ocrx_word' id='word_1_440' title='bbox 1400 4160 1466 4202; x_wconf 90' lang='lat' dir='ltr'><strong>suos</strong></span> 
     </span>
     <span class='ocr_line' id='line_1_39' title="bbox 227 4246 1467 4316; baseline -0.002 -14"><span class='ocrx_word' id='word_1_441' title='bbox 227 4251 351 4316; x_wconf 82' lang='lat' dir='ltr'><strong>jacentes</strong></span> <span class='ocrx_word' id='word_1_442' title='bbox 371 4264 420 4316; x_wconf 89' lang='lat' dir='ltr'><strong>per</strong></span> <span class='ocrx_word' id='word_1_443' title='bbox 432 4263 530 4302; x_wconf 87' lang='lat' dir='ltr'><strong>navem</strong></span> <span class='ocrx_word' id='word_1_444' title='bbox 549 4250 627 4315; x_wconf 92' lang='lat' dir='ltr'><strong>quasi</strong></span> <span class='ocrx_word' id='word_1_445' title='bbox 640 4254 762 4302; x_wconf 90' lang='lat' dir='ltr'><strong>mortuos</strong></span> <span class='ocrx_word' id='word_1_446' title='bbox 774 4253 801 4301; x_wconf 94' lang='lat' dir='ltr'><strong>et</strong></span> <span class='ocrx_word' id='word_1_447' title='bbox 818 4249 925 4314; x_wconf 89' lang='lat' dir='ltr'><strong>pondus</strong></span> <span class='ocrx_word' id='word_1_448' title='bbox 938 4250 1020 4302; x_wconf 90' lang='lat' dir='ltr'><strong>totius</strong></span> <span class='ocrx_word' id='word_1_449' title='bbox 1041 4248 1117 4303; x_wconf 88' lang='lat' dir='ltr'><strong>navis</strong></span> <span class='ocrx_word' id='word_1_450' title='bbox 1130 4259 1256 4313; x_wconf 88' lang='lat' dir='ltr'><strong>superse</strong></span> <span class='ocrx_word' id='word_1_451' title='bbox 1268 4246 1405 4313; x_wconf 90' lang='lat' dir='ltr'><strong>pendere,</strong></span> <span class='ocrx_word' id='word_1_452' title='bbox 1418 4248 1467 4299; x_wconf 93' lang='lat' dir='ltr'><strong>im·</strong></span> 
     </span>
     <span class='ocr_line' id='line_1_40' title="bbox 230 4347 1467 4417; baseline 0.001 -17"><span class='ocrx_word' id='word_1_453' title='bbox 230 4362 327 4402; x_wconf 87' lang='lat' dir='ltr'><strong>menso</strong></span> <span class='ocrx_word' id='word_1_454' title='bbox 339 4349 434 4403; x_wconf 91' lang='lat' dir='ltr'><strong>dolore</strong></span> <span class='ocrx_word' id='word_1_455' title='bbox 455 4348 545 4402; x_wconf 86' lang='lat' dir='ltr'><strong>cordis</strong></span> <span class='ocrx_word' id='word_1_456' title='bbox 558 4354 584 4402; x_wconf 94' lang='lat' dir='ltr'><strong>et</strong></span> <span class='ocrx_word' id='word_1_457' title='bbox 602 4350 724 4415; x_wconf 90' lang='lat' dir='ltr'><strong>corporis</strong></span> <span class='ocrx_word' id='word_1_458' title='bbox 733 4362 884 4414; x_wconf 89' lang='lat' dir='ltr'><strong>respersus,</strong></span> <span class='ocrx_word' id='word_1_459' title='bbox 906 4348 1076 4416; x_wconf 79' lang='lat' dir='ltr'><strong>gemebunda</strong></span> <span class='ocrx_word' id='word_1_460' title='bbox 1098 4360 1163 4401; x_wconf 88' lang='lat' dir='ltr'><strong>voce</strong></span> <span class='ocrx_word' id='word_1_461' title='bbox 1183 4347 1349 4400; x_wconf 85' lang='lat' dir='ltr'><strong>exclamavit</strong></span> <span class='ocrx_word' id='word_1_462' title='bbox 1364 4359 1467 4417; x_wconf 81' lang='lat' dir='ltr'><strong>graeco</strong></span> 
     </span>
     <span class='ocr_line' id='line_1_41' title="bbox 230 4446 1499 4515; baseline -0.002 -13"><span class='ocrx_word' id='word_1_463' title='bbox 230 4462 358 4502; x_wconf 89' lang='lat' dir='ltr'><strong>sermone</strong></span> <span class='ocrx_word' id='word_1_464' title='bbox 370 4450 464 4502; x_wconf 88' lang='lat' dir='ltr'><strong>dicens</strong></span> <span class='ocrx_word' id='word_1_465' title='bbox 478 4463 484 4498; x_wconf 90' lang='lat'>:</span> <span class='ocrx_word' id='word_1_466' title='bbox 502 4448 844 4515; x_wconf 56' lang='lat' dir='ltr'><strong>communicaturae,</strong></span> <span class='ocrx_word' id='word_1_467' title='bbox 858 4447 912 4501; x_wconf 83' lang='lat' dir='ltr'><strong>ubi</strong></span> <span class='ocrx_word' id='word_1_468' title='bbox 922 4447 976 4501; x_wconf 87' lang='grc'><strong>111</strong></span> <span class='ocrx_word' id='word_1_469' title='bbox 989 4448 1068 4506; x_wconf 81' lang='lat' dir='ltr'><strong>Quid</strong></span> <span class='ocrx_word' id='word_1_470' title='bbox 1077 4446 1145 4514; x_wconf 76' lang='lat' dir='ltr'><strong>apis</strong></span> <span class='ocrx_word' id='word_1_471' title='bbox 1155 4447 1168 4500; x_wconf 94' lang='grc'><strong>1</strong></span> <span class='ocrx_word' id='word_1_472' title='bbox 1177 4449 1208 4499; x_wconf 79' lang='lat' dir='ltr'><strong>iit</strong></span> <span class='ocrx_word' id='word_1_473' title='bbox 1226 4461 1262 4500; x_wconf 84' lang='lat' dir='ltr'><strong>ex</strong></span> <span class='ocrx_word' id='word_1_474' title='bbox 1272 4447 1360 4501; x_wconf 93' lang='lat' dir='ltr'><strong>nimio</strong></span> <span class='ocrx_word' id='word_1_475' title='bbox 1370 4446 1469 4501; x_wconf 83' lang='lat' dir='ltr'><strong>dolore</strong></span> <span class='ocrx_word' id='word_1_476' title='bbox 1484 4447 1499 4499; x_wconf 87' lang='lat' dir='ltr'><strong>t</strong></span> 
     </span>
     <span class='ocr_line' id='line_1_42' title="bbox 230 4548 1469 4617; baseline 0 -16"><span class='ocrx_word' id='word_1_477' title='bbox 230 4563 378 4616; x_wconf 88' lang='lat' dir='ltr'><strong>parumper</strong></span> <span class='ocrx_word' id='word_1_478' title='bbox 397 4551 570 4615; x_wconf 85' lang='lat' dir='ltr'><strong>supprimens</strong></span> <span class='ocrx_word' id='word_1_479' title='bbox 590 4562 695 4613; x_wconf 83' lang='lat' dir='ltr'><strong>vorem,</strong></span> <span class='ocrx_word' id='word_1_480' title='bbox 717 4551 814 4601; x_wconf 80' lang='lat' dir='ltr'><strong>iteruin</strong></span> <span class='ocrx_word' id='word_1_481' title='bbox 835 4549 994 4601; x_wconf 85' lang='lat' dir='ltr'><strong>exclamavit</strong></span> <span class='ocrx_word' id='word_1_482' title='bbox 1014 4548 1109 4601; x_wconf 89' lang='lat' dir='ltr'><strong>diceus</strong></span> <span class='ocrx_word' id='word_1_483' title='bbox 1131 4562 1138 4599; x_wconf 92' lang='lat'><strong>:</strong></span> <span class='ocrx_word' id='word_1_484' title='bbox 1165 4549 1195 4615; x_wconf 89' lang='lat'><strong>0,</strong></span> <span class='ocrx_word' id='word_1_485' title='bbox 1211 4550 1361 4617; x_wconf 77' lang='lat' dir='ltr'><strong>oaaricte,</strong></span> <span class='ocrx_word' id='word_1_486' title='bbox 1383 4549 1469 4602; x_wconf 77' lang='grc'><strong>111111</strong></span> 
     </span>
     <span class='ocr_line' id='line_1_43' title="bbox 230 4647 1473 4718; baseline 0.001 -16"><span class='ocrx_word' id='word_1_487' title='bbox 230 4661 287 4702; x_wconf 84' lang='lat' dir='ltr'><strong>nos</strong></span> <span class='ocrx_word' id='word_1_488' title='bbox 304 4648 486 4717; x_wconf 70' lang='lat' dir='ltr'><strong>inoperire?</strong></span> <span class='ocrx_word' id='word_1_489' title='bbox 498 4651 518 4702; x_wconf 88' lang='grc'>0</span> <span class='ocrx_word' id='word_1_490' title='bbox 530 4649 599 4704; x_wconf 81' lang='lat' dir='ltr'><strong>inira</strong></span> <span class='ocrx_word' id='word_1_491' title='bbox 612 4650 659 4702; x_wconf 88' lang='lat' dir='ltr'><strong>bei</strong></span> <span class='ocrx_word' id='word_1_492' title='bbox 672 4649 759 4718; x_wconf 88' lang='lat' dir='ltr'><strong>pietas</strong></span> <span class='ocrx_word' id='word_1_493' title='bbox 772 4656 799 4704; x_wconf 88' lang='lat' dir='ltr'><strong>ct</strong></span> <span class='ocrx_word' id='word_1_494' title='bbox 812 4648 946 4702; x_wconf 88' lang='lat' dir='ltr'><strong>immensa</strong></span> <span class='ocrx_word' id='word_1_495' title='bbox 965 4647 1119 4702; x_wconf 86' lang='lat' dir='ltr'><strong>clementia.</strong></span> <span class='ocrx_word' id='word_1_496' title='bbox 1132 4647 1170 4700; x_wconf 79' lang='lat' dir='ltr'><strong>td</strong></span> <span class='ocrx_word' id='word_1_497' title='bbox 1185 4647 1257 4701; x_wconf 88' lang='lat' dir='ltr'><strong>trane</strong></span> <span class='ocrx_word' id='word_1_498' title='bbox 1268 4661 1378 4717; x_wconf 88' lang='lat' dir='ltr'><strong>vocem,</strong></span> <span class='ocrx_word' id='word_1_499' title='bbox 1392 4650 1473 4703; x_wconf 87' lang='lat' dir='ltr'><strong>mira·</strong></span> 
     </span>
    </p>
   </div>
   <div class='ocr_carea' id='block_1_5' title="bbox 0 0 1664 5482">
    <p class='ocr_par' dir='ltr' id='par_1_6' title="bbox 0 0 1664 5482">
     <span class='ocr_line' id='line_1_44' title="bbox 0 0 1664 5482; baseline 0 0"><span class='ocrx_word' id='word_1_500' title='bbox 0 0 1664 5482; x_wconf 95' lang='lat' dir='ltr'><strong> </strong></span> 
     </span>
    </p>
   </div>
  </div>
 </body>
</html>
