3316 5482
214 326 279 392 102
550 341 675 393 carin.
696 341 798 393 oonn.
818 343 993 394 nuoroon.
1013 343 1100 403 nur..

210 515 397 569 sacerdotibus
416 519 443 568 et
454 512 618 569 diaconibus
630 514 757 569 adunatis
769 516 906 583 simulque
919 521 947 569 et
957 517 1032 570 omni
1046 517 1130 580 clero,
1145 530 1244 573 omnes
1260 516 1382 573 ludaeos
1394 521 1440 586 qui

211 613 239 666 in
252 612 390 666 territorio
403 612 489 678 ipsius
500 613 616 665 civitatis
636 617 715 665 erant
726 613 841 666 adunari
854 614 1001 680 praecepit.
1015 615 1065 679 Qui
1085 616 1229 669 venientes
1241 616 1270 668 in
1283 615 1439 683 supradicta

211 712 336 777 ecclesia,
345 710 436 778 coepit
444 725 492 765 eos
500 711 599 765 docere
608 715 635 764 et
644 712 811 777 praedicare,
822 716 852 766 ut
861 713 955 767 relicto
965 727 1057 769 errore
1066 713 1196 781 perfidiae
1206 715 1314 768 cbristo
1324 716 1439 771 bomino

211 811 357 866 crederent
368 816 395 864 et
403 824 433 865 se
442 811 569 878 baptismi
577 812 664 878 gratia
674 811 860 885 purificarent.
871 812 963 880 Aliqui
972 826 1037 867 vero
1046 827 1080 866 ex
1089 814 1154 880 ipsis
1162 812 1274 867 ludaeis
1283 813 1439 881 credentes,

210 912 337 978 baptismi
349 912 435 980 gratia
447 916 512 964 sunt
523 912 621 965 renati.
634 911 683 977 Qui
696 925 760 966 vero
780 911 915 965 increduli
927 921 1148 981 permanserunt,
1163 927 1259 968 omnes
1270 919 1300 968 nt
1312 914 1439 969 discede·

210 1017 272 1067 rent
283 1012 428 1078 praecepit,
443 1024 494 1064 nec
507 1024 602 1077 passus
613 1017 656 1065 est
676 1012 705 1064 ln
717 1013 814 1065 eadem
826 1013 934 1066 civitate
952 1014 998 1066 vel
1013 1013 1202 1068 interminium
1220 1014 1306 1081 ipsius
1323 1015 1439 1068 civitatis

212 1126 245 1165 ex
264 1112 330 1178 lpsis
348 1110 460 1165 ludaeis
473 1112 596 1164 babitare
618 1112 670 1164 nisi
682 1111 730 1179 qui
752 1125 782 1164 se
804 1112 910 1166 Christo
922 1112 1035 1166 credere
1054 1112 1261 1181 profitebantur,
1274 1113 1324 1168 sed
1342 1127 1439 1169 omnes

125 1213 131 1226 ’
210 1215 291 1281 ejecit
302 1219 384 1280 atque
404 1226 437 1266 ex
456 1225 505 1266 sua
517 1212 620 1266 diocesi
641 1213 754 1279 expulit,
768 1226 820 1266 nec
840 1218 933 1280 postea
955 1214 984 1266 in
1006 1214 1063 1281 ipsa
1081 1215 1188 1269 civitate
1208 1214 1300 1267 ullus*
1321 1213 1439 1268 iudaeus

159 1319 166 1334 ·
213 1315 336 1368 babitare
350 1312 498 1379 permissus
511 1316 562 1365 est.

243 1414 333 1466 Lect.
345 1413 401 1465 VI.
415 1411 534 1474 Quadam
547 1423 612 1464 vero
633 1410 679 1463 die
690 1411 748 1477 ipse
760 1411 933 1464 beatissimus
945 1412 1091 1478 episcopus
1112 1413 1255 1466 Ferreolus
1266 1414 1296 1466 in
1313 1414 1439 1468 oratione

211 1513 316 1580 positus
328 1511 395 1565 dum
407 1511 521 1564 bomino
531 1522 626 1575 preces
640 1507 803 1570 edunderet.
814 1511 940 1577 apparuit
948 1511 973 1563 ei
982 1511 1094 1578 angelus
1107 1512 1213 1565 bomini
1223 1517 1250 1565 et
1262 1525 1365 1567 vocans
1376 1526 1439 1566 eum

211 1611 291 1664 tertio
303 1627 310 1663 :
324 1610 477 1679 Ferreum,
490 1609 642 1662 Ferreole.
664 1611 761 1661 Beatus
775 1610 918 1662 Ferreolus
939 1610 1101 1675 respondit:
1118 1610 1192 1669 Quis
1203 1623 1236 1664 es
1249 1613 1284 1664 tu
1295 1611 1308 1665 l
1319 1613 1352 1664 lit
1363 1624 1439 1679 ange

211 1708 254 1763 lus
266 1708 335 1760 dixit
347 1707 380 1761 ad
394 1721 457 1761 eum
471 1723 478 1759 ε
492 1708 553 1773 Fpo
572 1720 644 1760 sum
655 1709 786 1774 angelus
798 1707 923 1761 Domini
943 1708 998 1775 qur·
1016 1707 1157 1763 Fimnino
1176 1711 1286 1763 concio
1303 1722 1439 1778 apparet

211 1809 241 1861 et
254 1809 283 1861 te
294 1808 355 1861 Deo
365 1805 546 1859 auxiliante
565 1805 720 1859 cculodivi
731 1807 825 1872 nique
846 1804 889 1858 ad
900 1806 1063 1860 caelestem
1084 1806 1225 1873 pretinm
1240 1807 1439 1875 perducetur

213 1912 304 1960 autem
318 1906 431 1959 recessit
440 1904 565 1972 angelus,
579 1904 669 1957 statim
683 1905 808 1971 apparuit
821 1912 915 1958 sancto
927 1905 1054 1959 Ferreolo
1067 1905 1185 1973 sigillum
1198 1907 1227 1958 in
1239 1906 1352 1960 dextera
1365 1913 1439 1974 parts

126 2015 129 2019 ’
214 2005 347 2059 ccclesiae
368 2004 454 2071 ipsius
471 2003 590 2069 parietis.
613 2003 764 2070 Statimque
786 2003 920 2057 infirmari
932 2005 1023 2071 coepit
1043 2009 1070 2057 et
1088 2006 1193 2059 uiribus
1211 2007 1335 2072 corporis
1357 2007 1436 2072 coepi

214 2108 327 2170 repente
337 2102 456 2156 destitui·
466 2102 673 2168 convocatoque
682 2102 758 2155 omni
770 2102 853 2166 clero,
863 2102 898 2154 de
909 2103 1024 2156 transitu
1034 2115 1083 2158 suo
1092 2104 1133 2157 eis
1148 2104 1287 2158 indicauit.
1297 2108 1439 2161 Funcsert

215 2215 325 2256 maeror
342 2206 368 2255 et
389 2202 478 2255 luctus
495 2202 618 2255 omnium
639 2213 690 2255 uox
707 2215 762 2254 una
785 2201 970 2269 plangentium
992 2203 1138 2257 resonabat
1157 2218 1163 2255 :
1186 2203 1325 2273 (lernou,
1338 2208 1437 2272 pater

216 2302 334 2356 deseris
347 2304 403 2355 aul
415 2301 531 2356 cuinos
543 2301 696 2355 &ablatos
705 2301 882 2368 relinquis?
893 2303 984 2354 'Fertia
993 2314 1058 2355 vero
1071 2301 1115 2354 die
1128 2303 1157 2354 in
1166 2302 1281 2356 ecclesia
1294 2317 1323 2357 se
1336 2309 1439 2371 portam

219 2403 331 2466 rogavit,
345 2406 372 2455 et
383 2401 520 2455 celebrata
529 2401 566 2453 ibi
580 2401 671 2466 missa,
685 2413 799 2467 corpore
811 2406 838 2454 et
849 2401 982 2468 sanguine
991 2400 1089 2453 curisti
1100 2415 1130 2454 se
1139 2403 1276 2465 muniens,
1285 2402 1320 2456 ad
1332 2403 1439 2458 domun

218 2515 247 2554 se
260 2502 391 2568 reportari
402 2502 489 2567 jubet.
508 2501 585 2553 Circa
603 2500 691 2553 noctis
708 2513 773 2553 vero
786 2500 906 2553 medium
928 2500 964 2552 lta
976 2500 1070 2553 lumen
1088 2513 1216 2568 magnum
1235 2502 1348 2557 emicuit
1363 2517 1439 2571 super

217 2601 334 2654 eandem
352 2601 464 2655 domum
476 2607 506 2654 ut
514 2602 605 2654 omnis
613 2601 706 2654 civitas
715 2601 877 2654 inluminata
889 2606 1002 2667 pateret,
1013 2607 1039 2653 et
1048 2606 1113 2655 tunc
1125 2603 1160 2655 ab
1170 2603 1228 2668 ipso
1238 2603 1343 2658 lumine
1357 2606 1439 2659 emisi*

217 2702 353 2769 spiritum.
370 2702 409 2753 lta
423 2696 596 2753 beatissimus
616 2699 759 2753 Ferreolus
779 2700 919 2753 confessor
934 2705 961 2753 et
978 2700 1100 2767 pontifex
1118 2700 1152 2754 de
1170 2703 1324 2768 praesentis
1344 2704 1438 2758 saecul

216 2802 270 2855 vita
281 2814 344 2853 cum
355 2800 440 2868 gloria
458 2799 582 2868 migravit
594 2798 629 2850 ad
641 2799 787 2862 Christum,
801 2803 874 2851 terra
892 2798 1028 2865 plorante,
1042 2798 1117 2852 caelo
1137 2800 1284 2867 gaudente.
1299 2802 1330 2853 ln
1347 2801 1439 2854 eadcu

217 2906 307 2954 autern
321 2901 386 2952 bora
400 2899 509 2967 quando
523 2898 648 2965 migravit
659 2897 694 2950 de
706 2909 831 2963 corpore,
844 2898 968 2964 quinque
980 2896 1081 2949 infirmi
1095 2898 1273 2952 advenientes
1285 2900 1345 2952 sani
1359 2914 1437 2954 reces

218 3006 324 3053 serunt.
338 3002 358 3052 0
370 2999 480 3052 beatum
492 2999 591 3065 virum,
605 2999 633 3050 in
646 2998 723 3064 cujus
736 2998 852 3049 transitu
865 3001 1020 3050 sanctorum
1038 2998 1111 3050 canit
1130 3011 1270 3063 numerus,
1284 2999 1439 3067 angelorum

217 3099 318 3152 exultat
330 3100 438 3163 chorus,
452 3098 631 3162 omniumque
643 3096 801 3148 caelestium
812 3097 942 3148 uirtutum
955 3098 1074 3149 occurrit
1086 3097 1230 3149 exercitus.

249 3202 308 3251 lam
327 3210 391 3250 vero
405 3195 460 3260 [ad]
474 3196 578 3248 funeris
591 3194 753 3261 obsequium
766 3193 840 3246 credi
855 3207 911 3246 non
924 3200 1013 3261 potest
1024 3200 1125 3261 quanta
1139 3196 1282 3248 bominum
1300 3196 1439 3251 multitud<

218 3297 384 3351 convenerit.
398 3298 464 3348 'lota
475 3295 582 3348 obviam
594 3294 701 3360 corpori
712 3293 806 3346 civitas
817 3294 888 3358 ruit;
901 3294 990 3346 cuncti
1006 3307 1040 3346 ex
1052 3295 1123 3361 agris
1137 3299 1218 3360 atque
1231 3295 1299 3348 vicis
1312 3296 1439 3364 multique

216 3411 250 3450 ex
262 3397 358 3448 vicinis
370 3396 452 3448 etiam
464 3395 579 3448 urbibus
592 3392 747 3446 adsuerunt.
759 3393 949 3459 Leuantesque
961 3406 1060 3460 corpus
1072 3394 1132 3459 ejus
1141 3408 1203 3446 eum
1218 3393 1323 3447 honore
1334 3409 1439 3464 magno,

216 3511 278 3550 cum
292 3497 379 3549 cereis
391 3500 418 3547 et
430 3494 557 3548 turibulis
575 3492 723 3559 multisque
741 3494 864 3545 accensis
883 3492 1066 3558 lampadibus,
1078 3507 1142 3546 cum
1158 3495 1265 3561 hymnis
1278 3500 1305 3547 et
1317 3497 1439 3550 laudibus

217 3600 456 3661 comportaverunt
468 3607 531 3645 eum
544 3592 576 3644 ad
594 3591 738 3644 ecclesiam
750 3603 831 3657 quam
850 3592 908 3657 ipse
922 3591 1054 3644 fabricare
1068 3594 1171 3660 rogavit
1194 3595 1339 3647 inhonore
1357 3602 1437 3648 sanct

217 3693 293 3746 Pauli
304 3692 429 3759 apostoli,
443 3692 535 3757 ibique
549 3689 716 3756 sepelierunt
728 3702 791 3740 eum
804 3689 833 3740 in
851 3689 961 3742 dextera
983 3694 1059 3755 parte
1071 3691 1163 3744 altaris
1175 3692 1327 3745 honorilice
1339 3698 1439 3747 etcum

217 3794 317 3846 decore
329 3804 437 3859 magno.

249 3894 345 3945 llultas
363 3892 443 3944 etiam
461 3891 574 3943 virtutes
592 3896 674 3955 atque
691 3888 821 3940 sanitates
839 3888 969 3940 [lominus
986 3888 1020 3939 ad
1039 3889 1196 3954 sepulcrum
1213 3890 1379 3945 confessoris
1398 3893 1439 3946 sui

218 3991 336 4044 Ferreoli
349 3996 402 4043 tam
410 3990 518 4056 publice
530 4002 612 4055 quam
625 3989 757 4041 absconse
766 3987 1000 4053 ostenderentque
1009 4000 1122 4052 operare
1130 3989 1257 4056 dignatur
1266 3995 1348 4056 atque
1356 4005 1439 4059 usquc

219 4092 246 4144 in
255 4090 337 4143 llnem
348 4091 407 4155 ipso
415 4089 602 4141 intercedente
610 4101 725 4155 operare
736 4087 830 4140 nullus
840 4087 961 4152 ambigit,
970 4093 1124 4153 praestante
1133 4090 1319 4142 bominolesu
1328 4092 1436 4145 Gltristo

18 4199 204 4253 mmmmm
221 4192 267 4259 qui
279 4191 357 4243 beato
367 4189 494 4242 Ferreolo
504 4188 661 4241 confessore
671 4200 721 4241 suo
731 4187 765 4240 ad
776 4186 966 4239 tumulandum
979 4200 1077 4253 corpus
1087 4189 1436 4255 eius...'Gaeeiinluminan

47 4276 133 4318 ”⁰⁶⁸⁸
145 4265 196 4320 ΜΟ
223 4295 276 4354 tur,
290 4289 439 4342 daemones
457 4286 619 4354 effugantur,
632 4291 660 4339 et
676 4300 773 4339 omnes
791 4285 891 4337 infirmi
906 4299 954 4351 per
972 4285 1053 4339 fidem
1066 4288 1216 4351 salvantur,
1235 4293 1262 4340 et
1279 4263 1321 4340 e'st
1334 4289 1371 4341 ibi
1390 4291 1439 4344 lau:

62 4330 181 4385 desunt

220 4388 327 4443 llominl
339 4401 402 4441 cum
414 4386 489 4440 omni
507 4385 644 4453 gaudiosi
661 4385 833 4438 benedicitur
847 4384 884 4436 ibi
898 4391 925 4437 et
936 4386 1039 4451 ubique
1058 4387 1180 4440 cbristus
1192 4389 1335 4453 Dominus,
1349 4390 1394 4441 cui
1406 4400 1439 4442 est

221 4490 319 4550 honor,
334 4488 419 4540 virtus
432 4491 458 4538 et
471 4488 587 4550 potestas
600 4485 628 4536 in
642 4485 750 4537 saecula
764 4484 946 4537 saeculorum.
961 4489 1056 4538 lmen.

253 4588 280 4640 sl
293 4587 354 4653 quis
368 4599 432 4640 uero
445 4584 480 4638 de
492 4584 649 4650 parentibus
661 4584 746 4635 sancti
761 4583 878 4636 Ferreoli
892 4585 1032 4650 inquirere
1045 4586 1170 4653 uoluerit,
1180 4592 1266 4653 pater,
1275 4588 1373 4653 inquit,
1388 4589 1439 4655 ejus
