3316 5482
320 359 413 410 amr..
431 358 515 411 uer.
534 357 651 409 paura.
669 375 716 389 -
731 355 886 408 rephun.
905 356 953 407 an
969 355 1047 407 ooo.
1066 352 1143 407 saca.
1281 342 1344 411 361

116 531 254 598 possimus
266 542 393 584 sermone
403 542 541 584 enarrare.
555 527 748 582 infirmabatur
760 540 840 594 saepe
853 528 881 580 in
894 526 1044 582 visceribus
1054 531 1080 580 et
1092 528 1229 593 eruribus,
1242 529 1348 584 insom-

118 644 168 684 nes
177 634 272 684 noctes
284 643 317 683 ex
326 629 421 685 dolore
427 629 542 697 ducens,
551 633 578 682 et
590 629 619 682 in
629 628 683 697 die,
694 629 758 681 licet
767 628 894 696 pallidus,
904 632 997 681 tamen
1006 627 1084 694 quasi
1097 640 1180 681 sanus
1192 629 1346 683 ambulans.

116 731 229 783 llinime
240 734 332 783 tamen
344 742 394 782 esu
406 728 530 783 carnium
540 729 750 796 quadrupedum
759 732 806 781 aut
818 727 908 780 avium
919 740 986 780 usus
997 731 1048 794 est,
1059 726 1112 779 nisi
1125 727 1219 791 semel,
1233 734 1347 796 cogente

115 831 234 884 maxima
246 827 414 895 infirmitate,
428 842 477 895 ber
489 833 545 882 tres
560 842 680 893 menses,
695 827 769 895 quod
782 832 809 881 et
821 827 884 880 fecit
894 828 972 894 jussu
993 827 1124 880 bunstani
1137 828 1345 897 archicpiscopi,

79 933 97 984 5
115 935 142 982 et
162 929 260 981 iterum
272 928 301 979 in
314 925 472 980 infirmitate
484 940 537 994 qua
550 926 628 981 obiit.
642 926 724 980 Dulce
746 939 864 993 namque
886 931 944 979 erat
956 925 980 978 ei
993 925 1183 979 adolescentes
1194 930 1220 979 et
1231 927 1346 994 juvenes

114 1041 224 1095 semper
232 1026 332 1082 dooere
340 1032 368 1081 et
376 1027 462 1081 libros
471 1026 576 1095 anglice
588 1027 628 1079 eis
637 1027 744 1080 solvere
752 1031 779 1078 et
787 1025 916 1094 jucundis
923 1025 1049 1092 alloquiis
1057 1026 1090 1078 ad
1101 1025 1215 1079 meliora
1226 1027 1345 1094 hortari;

113 1128 190 1182 unde
201 1129 301 1180 lactum
313 1131 355 1181 est
366 1132 395 1179 ut
407 1125 550 1194 perplures
562 1127 663 1192 exejus
674 1125 815 1193 discipulis
828 1125 925 1179 herent
936 1125 1050 1179 abbates
1059 1130 1086 1178 et
1096 1125 1214 1193 episcopi
1225 1126 1254 1179 iu
1264 1134 1347 1195 genle

118 1229 276 1296 llnglorum.

149 1328 199 1380 12.
218 1328 335 1396 contigit
346 1327 494 1394 aliquando
503 1327 633 1381 clericum
644 1328 713 1396 ejus,
724 1327 768 1380 cui
780 1326 952 1394 designatum
963 1331 1023 1379 erat
1031 1325 1180 1393 ampullam
1190 1328 1249 1394 ejus
1261 1327 1344 1396 ferre,
1362 1320 1366 1326 '

59 1431 94 1481 ld
113 1428 207 1480 miuus
218 1427 272 1481 olei
284 1427 407 1493 accipere
419 1439 501 1494 quam
513 1428 662 1480 necessitas
679 1426 871 1493 poposeebat·‚
884 1431 912 1478 et
925 1427 977 1480 hoc
989 1427 1078 1493 ipsum
1091 1426 1120 1479 in
1141 1427 1239 1481 itinere
1252 1427 1340 1494 perdi·
1404 1436 1414 1458 ·
1449 1437 1455 1449 ·
1473 1476 1480 1489 ,

113 1527 198 1581 disse.
210 1528 328 1581 Veniens
339 1532 428 1581 autem
442 1527 586 1594 episcopus
598 1526 633 1580 ad
645 1527 734 1581 locum
747 1526 924 1593 destinatum,
934 1539 995 1579 oum
1007 1525 1088 1580 vellet
1100 1526 1202 1580 habere
1214 1527 1344 1596 chrisma,

113 1640 171 1680 non
184 1627 286 1680 habuit.
300 1628 435 1680 Turbatus
447 1632 514 1679 tunc
527 1626 643 1680 clericus
655 1626 795 1693 repedavit
807 1626 859 1679 iter
871 1639 925 1693 quo
938 1628 1068 1693 venerat3
1082 1631 1109 1679 et
1121 1626 1227 1680 invenit
1238 1628 1344 1695 ampul-

112 1727 168 1780 lam
180 1729 289 1794 plenam
302 1727 355 1781 olei
366 1729 513 1794 jacentem,
526 1741 596 1794 quae
609 1740 661 1781 uec
673 1727 847 1780 medietatem
860 1732 941 1781 antea
954 1727 1095 1780 babuerat.

148 1826 197 1879 13.
216 1826 328 1892 Quidam
342 1828 492 1881 monachus
504 1827 556 1880 sub
569 1840 601 1881 eo
614 1827 725 1896 degens,
738 1826 886 1880 baduinus
904 1826 1056 1890 vocamine,
1069 1826 1239 1894 marsupium
1252 1829 1341 1895 cujus·

56 1929 97 1980 ¹5·
111 1925 176 1979 dam
188 1926 302 1993 hospitis
315 1927 444 1981 instinctu
453 1926 634 1981 daemonico*
646 1927 752 1980 iuratus
762 1931 810 1980 est.
822 1930 859 1980 be
871 1941 927 1994 quo
936 1927 1081 1994 episeopus
1093 1928 1121 1980 in
1131 1927 1249 1996 capitulo
1262 1928 1336 1983 omni
1400 1926 1410 1947 ⁶
1446 1926 1452 1938 '
1470 1966 1476 1979 .

112 2026 315 2092 congregationi
328 2024 397 2079 dixit
405 2031 435 2079 ut
446 2026 469 2078 si
479 2026 540 2094 quis
550 2025 618 2080 illud
628 2031 745 2093 raperet,
756 2039 875 2079 cumsua
888 2025 1080 2080 benedictione
1090 2027 1189 2080 iterum
1203 2026 1338 2095 redderet,

111 2124 199 2177 autin
211 2123 257 2176 tali
277 2124 335 2177 loco
356 2124 501 2191 proiceret,
514 2130 544 2178 ut
564 2125 740 2178 inveniretur.
760 2126 860 2178 lterum
884 2126 1027 2178 transactis
1045 2125 1131 2178 tribus
1151 2125 1258 2191 diebus,
1281 2139 1338 2180 non

110 2223 221 2276 inventa
234 2223 359 2291 pecunia,
372 2224 480 2277 locutus
491 2229 533 2277 est
544 2226 689 2291 episcopus
700 2225 829 2279 omnibus
841 2225 981 2293 fratribus,
992 2225 1087 2279 dicens
1097 2241 1104 2278 :
1116 2226 1224 2281 Noluit
1234 2228 1340 2280 noster

110 2321 169 2392 fur
177 2337 249 2378 cum
258 2322 467 2379 benedictione
472 2338 538 2379 rem
547 2324 693 2394 furatam
701 2326 840 2394 reddere,
851 2326 935 2381 sieut
944 2326 1117 2393 jussimus,-
1129 2327 1243 2381 reddat
1251 2327 1339 2380 modo

56 2426 93 2478 20
111 2436 185 2478 cum
195 2423 421 2492 maledictione,
435 2428 466 2479 et
482 2426 525 2479 ait
536 2426 592 2480 ille
612 2426 814 2494 aeporegiae
833 2428 936 2481 solum
948 2427 982 2479 in
1002 2427 1179 2480 animasset
1195 2426 1291 2481 etiem
1303 2427 1338 2479 in

110 2537 249 2592 corpore,
261 2527 371 2579 rwstra
383 2526 579 2581 obcuritate.
593 2527 662 2592 Quid
681 2528 787 2581 multat
799 2529 931 2580 bixerunt
943 2527 1040 2580 iratres
1052 2527 1167 2594 amem
1179 2531 1206 2581 et
1218 2540 1281 2580 ecce
1294 2528 1339 2582 iur

111 2623 158 2676 ille
171 2622 279 2690 sedens,
301 2624 473 2678 invisibiliter
492 2626 635 2693 ligabatur,
659 2624 779 2680 brachiis
791 2626 842 2679 sibi
865 2626 1079 2679 adhaerentibus
1099 2625 1150 2679 sub
1171 2638 1256 2692 cappa
1277 2640 1337 2694 sua,

112 2722 268 2790 mansitque
280 2724 320 2777 sic
331 2723 455 2790 stupidus
466 2739 552 2792 usque
567 2723 662 2779 horam
675 2726 795 2791 tertiam,
808 2726 931 2794 cogitans
942 2725 1008 2792 quid
1020 2738 1100 2794 agere
1110 2725 1231 2779 deberet.
1242 2727 1339 2781 Omnia

111 2828 205 2876 tamen
217 2824 339 2878 membra
360 2826 481 2892 mobilia,
494 2827 612 2893 exeeptis
633 2826 760 2894 brachiis,
783 2826 908 2892 habebat,
929 2837 1000 2892 quae
1020 2826 1178 2879 auctoritate
1196 2827 1340 2894 episcopus

56 2924 93 2976 25
110 2923 163 2975 sibi
176 2935 192 2974 a
205 2925 258 2977 beo
270 2923 366 2977 collata
379 2924 485 2977 inutilia
498 2925 626 2979 reddidit.
637 2917 759 2979 Surr'exit
771 2930 863 2979 tamen
873 2926 956 2978 miser
968 2924 1063 2978 illesic
1075 2925 1172 2993 ligatus
1185 2944 1192 2992 ;
1206 2930 1234 2979 et
1245 2927 1339 2979 exiens

111 3027 175 3087 post
186 3022 352 3088 episcopum,
365 3030 474 3077 coaetus
483 3025 626 3077 consessus
638 3031 678 3077 est
690 3025 714 3077 ei
728 3029 833 3078 secreto
846 3037 943 3077 serem
957 3024 1030 3077 illam
1044 3025 1154 3089 habere,
1165 3025 1233 3078 nihil
1246 3025 1342 3079 dicens

111 3119 147 3172 de
159 3121 226 3187 ‚ejus
237 3120 374 3188 ligatione.
397 3125 473 3175 Tunc
493 3123 560 3175 dixit
580 3123 604 3176 ei
623 3124 767 3190 episeopus
787 3122 897 3190 blande,
919 3123 990 3175 sieut
1002 3123 1027 3175 ei
1049 3123 1132 3176 moris
1153 3126 1212 3176 erat
1232 3137 1239 3174 :
1261 3123 1343 3177 Bene

111 3218 226 3287 secreti,
239 3221 351 3274 saltem
371 3223 468 3290 modo,
485 3222 556 3276 lieet
575 3235 652 3290 sero,
674 3222 847 3290 confitendo
864 3225 987 3275 rectum
1009 3224 1106 3275 tuum.
1123 3221 1238 3276 Habeto
1259 3235 1343 3277 nunc

111 3320 254 3371 nostram
268 3317 560 3373 benedictionalem
572 3321 663 3372 statim
673 3321 759 3374 soluta
772 3324 835 3373 sunt
848 3320 958 3373 brachia
969 3321 1038 3386 ejus,
1050 3319 1178 3386 episcopo
1190 3320 1343 3374 nesciente.

59 3419 94 3470 30
111 3417 144 3468 At
156 3417 202 3469 ille
214 3417 318 3484 exiens,
332 3418 396 3471 inde
408 3418 495 3473 laetus
508 3416 629 3486 effectus,
644 3421 764 3472 narravit
777 3434 825 3487 per
837 3418 963 3472 ordinem
976 3419 1010 3471 de
1023 3420 1082 3486 ejus
1095 3419 1224 3486 ligatione
1237 3424 1264 3472 et
1273 3419 1344 3473 solu·

110 3516 187 3569 tione
208 3515 316 3569 cuidam
343 3517 431 3585 fratri,
453 3519 612 3587 vulfgams*
633 3519 782 3586 vocabulo;
808 3519 855 3586 qui
877 3519 1030 3571 ammonuit
1051 3518 1104 3571 boc
1124 3516 1233 3572 silentio
1254 3519 1340 3586 magis
1401 3533 1410 3552 ·
1447 3531 1452 3543 ·

111 3614 273 3684 tegendum.

146 3715 196 3767 14.
215 3716 300 3783 igitur
311 3729 374 3768 eum
386 3718 531 3784 episcopus
544 3731 642 3786 magno
654 3719 800 3772 conamine
811 3718 894 3772 vellet
904 3723 1024 3772 veterem
1038 3730 1172 3771 renovare
1184 3717 1339 3783 eeclesiam,

112 3823 140 3866 et
145 3815 273 3880 jussisset
285 3816 382 3868 iratres
405 3816 561 3884 frequenter
582 3819 722 3872 laboribus
742 3832 796 3870 una
816 3831 878 3871 cum
898 3817 1049 3871 artificibus
1071 3818 1205 3883 insistere,
1228 3817 1341 3885 contigit

60 3915 94 3966 35
111 3912 229 3980 quadarn
242 3915 297 3982 die,
310 3915 375 3969 dum
388 3917 515 3970 monachi
528 3922 633 3971 starent
644 3918 678 3971 ad
691 3931 829 3970 summum
839 3922 940 3970 tectum
953 3917 1046 3983 templi
1064 3930 1126 3970 cum
1139 3918 1339 3984 coementariis,

111 4016 142 4064 ut
150 4013 260 4066 caderet
269 4027 342 4068 unus
350 4015 511 4082 monachus,
521 4016 612 4070 Godus
629 4018 771 4083 vocabulo,
783 4031 798 4070 a
808 4019 922 4070 summis
935 4030 1024 4084 usque
1035 4015 1174 4070 deorsum.
1186 4015 1236 4080 Qui
1250 4017 1341 4069 statim

112 4126 174 4166 eum
186 4118 287 4166 terram
301 4115 442 4183 attigisset,
457 4117 585 4182 surrexit,
607 4117 645 4169 nil
658 4116 723 4170 mali
747 4131 843 4184 passus
856 4116 890 4170 de
911 4122 985 4169 tanta
998 4117 1095 4182 ruina;
1118 4116 1294 4183 ascenditque
1306 4117 1341 4170 ad

112 4224 182 4277 opus
193 4212 240 4265 ubi
252 4218 332 4267 antea
353 4220 474 4282 steterat,
488 4221 515 4271 et
534 4217 671 4284 accipiens
690 4218 808 4283 trullam,
828 4218 891 4270 iecit
910 4218 983 4284 quod
1001 4218 1185 4270 incohaverat.
1208 4217 1256 4268 cui
1274 4229 1339 4284 ergo

111 4311 163 4364 hoc
175 4313 337 4366 miraculum
350 4314 561 4369 adscribendum
575 4321 617 4370 est
628 4318 680 4369 nisi
694 4316 731 4369 illi
745 4318 823 4383 cujus
834 4319 914 4383 jussu
927 4317 960 4370 ad
974 4330 1043 4383 opus
1056 4316 1159 4368 exivit?

57 4413 94 4462 :ld
144 4412 194 4463 15.
207 4412 320 4476 Quidam
333 4415 414 4467 etiam
426 4416 586 4479 monachus,
601 4417 712 4470 nomino
726 4417 921 4479 theodoricus,
932 4418 978 4470 ivit
988 4416 1021 4469 ad
1033 4417 1192 4482 episcopum
1202 4418 1339 4467 nocturno

110 4510 263 4578 intervallo,
277 4512 371 4565 volens
392 4515 499 4568 indiciis
518 4515 552 4568 de
564 4516 682 4583 quadam
704 4515 865 4569 necessitate
887 4517 911 4568 ei
932 4515 1070 4581 indicare3
1085 4520 1111 4567 ot
1132 4513 1253 4580 repperit
1273 4526 1337 4566 eum

110 4615 243 4683 legentem
255 4633 317 4673 cum
338 4620 452 4675 candela
465 4627 492 4675 et
504 4623 596 4676 sedula
617 4624 735 4694 agilitate
756 4623 946 4689 palpebrarum
968 4622 1069 4676 seniles
1087 4623 1159 4675 acies
1170 4626 1314 4675 acuentem
1328 4637 1337 4688 ;
