3316 5482
278 123 372 174 amu.
390 122 473 175 uir.
492 121 609 174 asnis.
627 144 673 157 -
689 123 841 175 menno.
860 123 907 174 an
923 123 1001 174 con.
1019 120 1095 175 sara.
1236 105 1303 173 235

84 291 232 361 renograda
243 292 389 349 utluerint
407 293 522 361 prolata.
534 298 567 349 Et
587 295 643 349 ait:
657 296 775 350 Nostra
794 295 829 348 in
849 297 950 349 tutela
967 298 1038 363 post
1050 297 1147 350 Deum
1159 294 1303 364 deinceps

81 391 176 461 estate,
187 393 269 448 sicta
288 396 319 448 et
339 393 489 448 hactenus
499 394 619 464 fuistis,
637 409 694 450 nec
707 395 771 449 ulli
782 395 941 450 hominum
962 397 1048 450 circa
1060 409 1113 450 oos
1125 396 1302 463 (tepentium

79 483 132 552 ius
150 488 228 545 cobis
243 491 306 544 erit
316 491 444 560 aliquas
456 492 578 560 inferre
593 495 808 548 contumelias.
826 495 950 554 Quodsi
961 494 1029 562 quis
1036 493 1299 563 praesumpserit,

75 587 154 643 sciat
163 602 195 643 se
204 603 293 645 remu
305 593 400 659 atque
411 591 599 659 culpabilem
616 606 708 647 saeco
713 594 856 660 periculo
868 606 945 646 suae
962 592 1177 648 damnationis
1197 592 1300 648 incur·

44 679 61 733 ⁸
73 685 152 743 risse
161 702 235 758 erpa
245 691 441 745 Francorum
453 693 659 761 majestatem,
673 694 758 760 repis
769 694 914 749 videlicet
921 694 1101 762 praesentis
1112 696 1205 769 atque
1216 692 1301 763 fictu

69 789 284 845 rorumlobis
303 791 439 860 deniqne
458 793 629 860 vestrisque
648 793 771 862 futuris
792 793 1022 848 suecessoribus
1036 806 1228 863 permanens
1246 794 1302 849 boc

10 886 12 891 '
66 890 210 943 nostrum
229 888 388 944 decretum
407 889 650 959 ficturos-umque
670 892 809 947 omnium
829 905 938 959 rapum
959 893 1164 961 momorum,
1182 894 1301 947 statuta

62 979 169 1052 lupum
176 992 344 1057 praecepto
352 988 464 1044 stabile
472 1003 510 1044 ac
517 990 647 1058 firmum
657 990 793 1057 manebit
805 991 839 1044 in
848 992 1077 1046 aeternumslc
1088 1003 1179 1046 amor
1190 993 1299 1046 tantae

60 1088 217 1143 caritatis
229 1087 265 1143 ob
279 1088 335 1142 Dei
345 1089 569 1157 aenitricisque
580 1090 645 1156 esus
658 1093 687 1145 ct
700 1091 844 1145 timorem
857 1091 1018 1160 sanctique
1029 1090 1198 1146 Philiberti
1209 1104 1300 1147 vene-

10 1180 227 1244 tarasconem
251 1202 290 1244 ac
307 1192 412 1244 sancti
430 1191 585 1257 martyris
605 1191 661 1245 Dei
687 1191 850 1246 Valeriani
868 1194 899 1246 et
919 1191 955 1245 ab
971 1191 1074 1246 nostri
1094 1191 1302 1245 stabilitatem

55 1291 333 1359 requirentium
344 1303 452 1357 rapum
462 1303 522 1344 rea
533 1291 672 1345 omnium
686 1305 743 1346 nos
754 1292 833 1346 dites
854 1291 955 1361 faciat
974 1292 1148 1346 incoelesti
1159 1305 1253 1360 regno
1270 1297 1300 1347 et

54 1392 150 1451 meod
167 1393 201 1444 iu
218 1393 325 1445 nostro
345 1393 582 1446 commemorato
602 1392 667 1446 loco
686 1393 796 1446 nostra
816 1392 1066 1446 commemoratio
1087 1391 1300 1462 sitoontiuuo,

51 1483 134 1544 mm
145 1489 263 1546 anobis
280 1503 374 1558 quam
393 1503 414 1544 a
421 1490 558 1557 posteris
577 1490 698 1545 cestris.
714 1491 757 1544 Sic
778 1492 841 1545 laeti
862 1497 945 1559 atque
966 1496 1106 1557 compotes
1117 1492 1159 1545 sui
1178 1491 1301 1560 allectus,

50 1583 196 1647 alacriter
206 1598 271 1646 nota
282 1595 380 1658 petunt
400 1596 488 1644 castra
501 1592 591 1644 ctsibi
610 1592 760 1657 carissima,
774 1593 905 1659 quoniam
926 1592 1017 1646 adhuc
1036 1593 1122 1645 sancti
1136 1593 1182 1645 bei
1204 1593 1254 1647 viri
1273 1593 1302 1646 in

10 1680 38 1740 lb
53 1680 133 1745 laus
145 1692 308 1747 habitabant
326 1691 461 1757 tentoriis,
475 1691 671 1758 praestolantes
691 1691 782 1759 quoad
804 1705 923 1759 superna
935 1691 1079 1745 clementia
1092 1691 1138 1746 bel
1152 1692 1303 1746 misericor·

54 1780 129 1845 diae
142 1793 197 1846 illis
208 1793 301 1847 locum
310 1792 430 1859 aliquem
442 1792 602 1860 dignaretur
613 1791 765 1845 concedere
778 1792 928 1859 proprium.
1126 1777 1133 1792 ‘

96 1892 153 1948 12.
167 1895 253 1963 igitur
264 1907 327 1947 cum
339 1892 467 1946 laudibus
479 1900 506 1946 ct
516 1893 624 1961 hymnis
635 1893 765 1959 recipitur
782 1906 882 1959 corpus
895 1894 981 1946 sancti
994 1893 1144 1960 Philiherti,
1156 1894 1302 1949 thesaurus

64 1986 174 2048 scilicet
192 1991 440 2058 inaestimabilis,a
462 1992 604 2045 monachis
621 1992 766 2058 perpaucis
784 1992 869 2045 sancti
889 1992 1023 2045 valeriani
1042 1993 1179 2058 martyris,
1195 1994 1241 2061 qui
1264 1995 1301 2048 ibi

68 2086 136 2146 lunc
146 2095 244 2148 adesse
256 2097 321 2146 sunt
334 2092 444 2158 reperti.
458 2092 562 2158 Operae
573 2091 692 2158 pretium
705 2094 747 2145 est
755 2092 856 2146 seriem
869 2097 1023 2159 temporum
1033 2105 1100 2145 suae
1114 2093 1303 2149 translationis

10 2226 15 2249 i
28 2176 63 2235 '³
78 2181 200 2264 indagare
213 2198 241 2248 et
253 2193 293 2247 rei
306 2192 432 2247 ordinem
443 2190 601 2245 volentibus
612 2192 683 2245 scire
701 2192 832 2259 pandere,
845 2195 947 2258 Nempe
968 2193 1028 2246 sine
1050 2192 1106 2246 ulla
1120 2193 1300 2249 haesitatione

16 2296 22 2305 ·
83 2280 260 2348 induciantes
271 2297 380 2346 constat
391 2291 617 2360 octingentesimo
636 2291 775 2346 tricesimo
794 2297 871 2346 sexto
892 2306 966 2346 anno
985 2293 1092 2346 bomini
1106 2294 1304 2349 incarnationis

87 2399 195 2448 anctum
210 2392 319 2448 bomini
333 2391 511 2445 Philihertum
525 2392 609 2444 luisse
621 2392 782 2445 translatum
796 2393 830 2445 ab
842 2396 913 2446 llere
927 2393 1016 2446 insula
1027 2399 1055 2446 et
1067 2391 1100 2445 ad
1115 2396 1183 2447 beas
1196 2409 1302 2449 monas·

87 2491 171 2548 unum
183 2493 334 2549 deductum
346 2506 409 2546 cum
421 2505 519 2559 magna
537 2491 618 2546 laude
630 2498 658 2545 et
670 2493 756 2546 multa
774 2493 905 2546 miracula
920 2494 965 2546 bei
978 2493 1079 2548 virtute
1089 2501 1259 2549 coruscante.
1273 2500 1304 2549 ln

84 2589 239 2648 duodecimo
254 2604 320 2646 vero
338 2603 411 2644 anno
429 2595 490 2659 post
510 2592 569 2657 ejus
589 2590 740 2644 discessum
762 2593 848 2645 Herus
868 2591 958 2645 insula
980 2592 1086 2658 capitur
1103 2598 1131 2645 et
1149 2594 1183 2646 ab
1202 2594 1304 2662 iniquis

40 2686 229 2749 Sinccnditur
240 2691 469 2757 ltortmahnis,in
479 2689 644 2744 duodecimo
657 2696 749 2744 autem
762 2694 830 2744 beas
843 2690 969 2744 similiter
981 2693 1179 2746 monasterium
1192 2694 1226 2747 ah
1239 2695 1304 2760 ipsis

75 2794 184 2863 perhdis
196 2798 343 2846 crematur.
364 2789 420 2844 Sed
440 2791 488 2843 liei
501 2790 596 2856 pietas,
607 2792 663 2857 jam
681 2789 786 2844 dudum
799 2791 946 2857 providens
959 2792 1059 2858 lutura,
1073 2791 1204 2860 reliquias
1216 2796 1303 2848 sancti

72 2893 213 2948 sciliherti
225 2893 255 2945 in
267 2892 426 2945 Pictavense
447 2891 636 2942 transmiserat
655 2891 833 2943 territorium.
853 2890 955 2943 Deinde
973 2896 1063 2943 autem
1076 2893 1303 2960 octingentesimo

69 2993 240 3063 sexagesimo
252 3004 326 3045 nono
338 3003 412 3044 anno
423 2990 530 3043 bomini
544 2990 750 3054 incarnationis,
764 3003 778 3043 a
797 2991 947 3044 Pictavensi
960 2990 1108 3058 territorio,
1123 2994 1302 3059 sequentibus

67 3095 158 3164 signis
170 3097 252 3160 atque
271 3091 411 3143 miraculis
428 3090 530 3156 multis,
552 3102 622 3156 quac
644 3103 699 3143 non
720 3090 813 3142 omnia
830 3090 927 3143 litteris
940 3091 1125 3159 perstringere
1143 3106 1299 3159 possumus,

10 3195 153 3253 boetiam
174 3204 249 3246 nunc
268 3191 392 3244 terrente
416 3190 607 3255 persecutione
629 3189 848 3255 supradictorum
869 3203 1049 3258 paganorum,
1063 3192 1091 3243 in
1114 3192 1301 3260 burgundiam

63 3292 243 3357 transierim,
257 3295 388 3360 regnante
400 3290 496 3343 llarolo
509 3303 572 3356 rege
584 3293 751 3344 Francorum
762 3289 922 3343 inirancia.
934 3290 964 3341 ln
974 3291 1199 3358 octingentesimo
1210 3297 1303 3346 autem

61 3392 272 3460 septuagesimo
284 3392 381 3458 quinto
393 3404 467 3444 anno
481 3391 587 3444 bomini
603 3390 800 3443 incarnationis
819 3390 891 3442 idem
909 3402 955 3443 rex
976 3391 1090 3443 harolus
1102 3404 1184 3457 supra
1202 3392 1302 3447 dicam

61 3494 302 3549 sanctivaleriani
324 3493 420 3547 cellam
441 3492 567 3546 donativa
584 3493 663 3546 beato
685 3493 779 3545 tribuit
800 3492 959 3558 philiberto,
981 3497 1011 3545 ut
1025 3493 1081 3558 jam
1094 3507 1176 3558 supra
1198 3494 1300 3548 dictum

60 3601 122 3650 est.
136 3595 164 3646 Si
177 3594 238 3660 quis
250 3599 342 3646 autem
363 3593 435 3647 haiti
457 3592 596 3645 philiberti
617 3592 724 3645 ahbatis
746 3591 855 3644 inclitos
876 3596 952 3645 actus
970 3597 997 3644 et
1015 3593 1301 3658 praeclaramiracula

10 3701 40 3754 55
59 3693 197 3750 ambiens
208 3693 330 3762 vigilanti
352 3692 443 3746 cordis
464 3692 562 3745 intuitu
584 3692 647 3745 velit
667 3690 771 3756 audire,
785 3705 856 3758 quae
869 3706 976 3744 summa
989 3692 1095 3757 largitio
1108 3695 1239 3746 Tonantis
1252 3707 1302 3747 suo

62 3795 182 3862 dignata
194 3798 236 3847 ost
255 3794 348 3861 largiri
370 3798 449 3858 nutu,
469 3793 497 3846 in
518 3795 577 3859 ejus
594 3794 647 3845 sita
660 3793 769 3860 plenius
787 3799 815 3845 et
827 3793 978 3859 copiosius,
990 3793 1116 3860 quamvis
1128 3797 1301 3857 nonomnia,

64 3893 158 3948 multa
169 3899 262 3947 tamen
274 3893 374 3959 scripta
387 3907 419 3946 ac
430 3893 528 3946 litteris
540 3893 638 3946 tradita
651 3894 763 3961 largiter
776 3892 898 3945 inveniet
909 3894 929 3945 '.
1360 3908 1368 3926 ·
1380 3907 1445 3961 cod.

104 3990 157 4044 18.
170 3993 247 4045 Tunc
259 3993 340 4045 ctiam
353 3991 388 4045 ad
400 3991 591 4046 diverticulum
605 3993 685 4046 nobis
697 3998 739 4045 est
753 3991 933 4057 repetendum
951 4006 1050 4058 exque
1063 3993 1144 4045 nimis
1163 3995 1301 4063 pervagati
1334 3974 1466 4027 inveniffl·

62 4103 178 4145 minus.
191 4092 283 4157 Longe
296 4080 407 4156 quidem
420 4095 483 4143 ante
495 4091 625 4157 temporis
638 4091 724 4143 series
742 4091 813 4143 beati
827 4091 963 4144 Valeriani
975 4091 1072 4144 Christi
1086 4093 1212 4159 martyris
1224 4105 1301 4158 prae·

10 4199 35 4250 o
59 4189 191 4243 cedente
201 4188 300 4242 ceteris
319 4191 458 4243 coronatis
477 4190 629 4243 dinoscitur
640 4192 658 4256 ',
673 4196 699 4243 et
712 4191 769 4242 lere
787 4202 801 4241 a
817 4203 902 4242 novae
914 4190 1051 4243 Ecclesiae
1063 4191 1147 4243 ubere
1165 4192 1236 4244 inter
1249 4193 1301 4259 pri·
1328 4208 1336 4226 ·
1351 4205 1396 4259 pa
1408 4206 1474 4260 cod,

60 4302 130 4344 mos
144 4294 275 4354 martyres
287 4289 329 4340 vir
341 4288 454 4340 illustris
466 4289 624 4342 Valerianus
634 4295 660 4342 et
674 4288 800 4342 facundia
815 4294 925 4341 sanctae
938 4291 1153 4354 praedicationis
1165 4292 1301 4344 conscribi

57 4388 172 4446 meruit
181 4393 312 4443 aeternae
325 4387 495 4442 beatitudini.
510 4391 577 4458 Ergo
591 4390 767 4443 veracissima
784 4388 979 4456 supputatione
997 4402 1047 4457 per
1063 4391 1178 4443 Romani
1190 4391 1301 4444 chroni-
