3316 5482
309 363 402 415 siun.
420 363 504 416 aar.
523 363 639 415 etms.
657 384 704 394 —
719 364 872 415 aeruna.
893 364 941 414 au
957 363 1035 415 oon.
1054 362 1131 416 5³17.
1238 438 1241 443 Ι
1273 351 1337 418 145

167 528 213 582 22.
224 531 316 589 interea
329 535 489 603 supervenit
500 534 643 590 beatorum
657 539 804 604 martymm
818 534 929 590 Fabiani
942 540 970 590 et
981 536 1134 591 sebastiani
1145 536 1298 603 celebritas,
1311 542 1339 590 et

139 630 207 698 panis
221 629 342 689 defecerat
363 637 393 688 in
413 637 592 703 monasterio,
605 635 659 689 nisi
679 637 726 703 qui
747 637 805 703 ipsa
827 635 871 690 die
892 638 1052 705 coquendus
1072 642 1140 692 crat.
1154 638 1253 691 llccitis
1272 651 1338 707 ergo

139 742 209 783 mane
218 731 359 803 pistoribus,
372 738 416 791 ric
427 737 474 790 liei
486 737 611 791 Eusieius
623 742 699 805 rogat
711 749 759 791 eos
772 737 912 790 clibanum
924 738 959 791 ad
975 738 1150 806 coquendum
1163 750 1249 804 panes
1266 738 1339 792 lesti-

141 831 223 883 mater
236 845 399 903 praeparare,
413 850 448 890 ne
468 849 518 903 pro
539 835 671 891 dilatione
684 849 763 890 escae
783 849 849 889 suae
871 837 969 890 iratres
982 837 1137 891 molestiam
1158 838 1336 892 sustinerent.

112 928 191 993 tilpse
202 939 254 983 tero
264 946 319 987 eum
331 933 393 987 aliis
411 934 441 988 in
462 935 578 989 ccclesia
591 933 713 988 debitum
730 934 895 989 celebritatis
907 935 1071 1003 obsequium
1090 936 1245 1004 peragebat.
1259 939 1338 990 Pera·

142 1024 185 1077 etis
194 1028 283 1085 tandem
294 1047 324 1088 ex
337 1047 414 1088 more
427 1035 573 1089 missarum
586 1034 748 1099 sollemniis,
762 1033 887 1087 Eusicius
901 1035 967 1087 cxiii
979 1039 1010 1088 ut
1019 1047 1119 1102 panem
1132 1035 1237 1088 mensis
1250 1036 1339 1113 impo-

142 1131 213 1179 neret
223 1129 250 1182 it
258 1135 378 1199 pistores,
392 1147 463 1202 pane
476 1134 562 1189 crudo
576 1134 671 1188 relicto
689 1141 716 1189 ct
733 1134 847 1187 sublatis
860 1135 1053 1188 instrumentis
1065 1149 1128 1189 eum
1141 1134 1242 1203 quibus
1255 1137 1337 1190 cliba-

141 1229 356 1287 nusuundabatur
375 1237 402 1286 ct
421 1246 484 1287 curu
496 1233 598 1301 quibus
611 1234 688 1300 panis
708 1234 737 1286 in
758 1233 897 1288 clibanum
915 1235 1085 1289 inferebatur
1103 1235 1144 1289 rel
1162 1235 1336 1303 efferebatur,

12 1408 15 1413 Ι
139 1334 189 1376 ieie
203 1330 395 1399 mutaverant,
409 1338 440 1386 ut
457 1337 584 1386 sanctum
602 1334 650 1386 liei
667 1333 808 1387 llusicium
828 1333 862 1387 ad
881 1330 1050 1389 iracundiam
1070 1341 1259 1403 provocarent,
1274 1349 1338 1389 eum

98 1416 126 1468 ¹⁰
139 1433 219 1485 panem
228 1433 333 1487 crudum
346 1432 479 1499 reperiret
490 1445 572 1500 quem
587 1437 694 1487 coctum
707 1432 950 1500 putabatieniens
962 1435 1054 1502 itaque
1066 1435 1114 1488 bei
1127 1449 1224 1489 seruus
1241 1436 1275 1490 ad
1294 1436 1340 1488 eli·

136 1518 219 1582 batum
229 1536 251 1585 el
262 1547 359 1599 panem
371 1534 487 1588 crudum
500 1534 656 1600 inveniens,
669 1534 865 1602 clibanumque
878 1535 985 1589 fortiter
1003 1547 1159 1603 accensum,
1173 1536 1336 1604 nullumque

132 1617 164 1672 de
176 1622 344 1686 instrumentis
366 1633 532 1686 necessariis
552 1632 589 1686 ibi
608 1647 680 1699 csse,
699 1634 788 1687 crucis
809 1634 951 1701 signaculo
973 1632 1092 1687 fideliter
1112 1648 1141 1688 sc
1163 1637 1292 1689 muniens
1312 1641 1339 1689 et

132 1729 196 1778 Silili
204 1742 250 1797 quo
260 1733 425 1817 incidebatur
437 1732 548 1799 rejecto,
561 1733 701 1786 clibanum
714 1733 856 1787 ardentem
872 1732 1034 1800 ingreditur,
1045 1732 1182 1787 mundans
1192 1747 1255 1788 cum
1265 1739 1339 1790 veste

128 1828 179 1889 ⁵¹¹³,
190 1841 259 1895 duam
271 1832 382 1887 tenebat
391 1833 424 1914 ¹in
442 1833 580 1887 manibus.
592 1833 746 1887 Emundato
765 1832 848 1902 igitur
865 1833 974 1887 elibano
985 1846 1000 1886 a
1012 1834 1107 1888 cinere
1119 1840 1147 1888 ct
1157 1834 1334 1901 carbonibus,

87 1910 116 1964 ¹5
132 1920 287 1987 exiebssicut
299 1937 358 1986 erat
370 1933 471 1999 nudus,
490 1947 589 2000 panem
612 1933 729 2000 propriis
751 1932 878 1986 manibus
896 1932 989 1985 intulit
1008 1938 1035 1986 et
1047 1933 1184 2000 disposuit
1196 1946 1245 2000 per
1256 1932 1338 1987 eliba-

122 2027 194 2094 ssttm,
204 2030 301 2085 intrans
318 2037 346 2085 et
362 2032 459 2086 exiens
471 2033 588 2087 intactus
600 2038 627 2087 et
640 2033 747 2087 inustus
759 2034 793 2086 ab
811 2033 883 2101 igne.
897 2031 973 2096 Quod
986 2036 1134 2085 cernentes
1148 2032 1275 2099 pistores,
1289 2032 1335 2099 qui

117 2110 229 2184 liuhap
242 2146 365 2188 seorsum
377 2136 440 2200 post
450 2134 592 2200 parietem,
605 2134 703 2188 timore
716 2133 818 2200 pariter
832 2137 858 2186 ct
871 2137 983 2199 stupore
997 2132 1103 2199 repleti,
1117 2136 1260 2186 currentes
1274 2146 1337 2187 cum

113 2210 183 2279 “⁰111
192 2243 292 2301 magno,
303 2233 500 2299 paenitentiam
509 2239 630 2303 agentes,
641 2235 837 2288 nuntiaverunt
846 2233 936 2288 abbati
947 2247 1017 2302 quae
1026 2233 1161 2287 viderant.
1172 2232 1269 2287 Statim
1279 2233 1337 2299 ipse

107 2310 197 2383 abbas
205 2345 353 2400 omnesque
366 2335 493 2388 monaehi
505 2341 621 2389 curmnt
633 2333 668 2388 ad
680 2335 868 2401 spectaculum
880 2339 972 2388 tantae
984 2340 1012 2388 ct
1025 2339 1079 2388 ianr
1092 2334 1272 2388 admirandae
1285 2335 1335 2388 rei.

58 2417 91 2475 2⁰
107 2415 143 2468 Ᾰῑ
156 2422 267 2486 famulus
279 2433 326 2486 bei
336 2434 470 2498 Eusieius,
480 2434 597 2488 audiens
607 2436 728 2489 sonitum
741 2435 956 2501 advenientium,
966 2448 1029 2488 cum
1045 2434 1135 2488 adbuc
1150 2435 1241 2488 nudus
1255 2440 1338 2498 esset,

110 2523 250 2597 recepisse
266 2534 295 2585 in
313 2532 463 2588 clibanum.
477 2535 596 2588 Veniens
613 2541 704 2589 autem
722 2535 806 2588 abbas
824 2534 858 2588 ad
877 2534 1015 2588 clibanum
1033 2539 1061 2588 et
1080 2535 1219 2587 neminem
1231 2534 1337 2599 videns,

113 2618 258 2684 mirabatur
269 2644 325 2698 quo
338 2631 440 2685 abisset
452 2632 585 2686 Eusieius.
600 2636 660 2701 lpse
681 2639 772 2688 aulem
791 2635 863 2687 intra
881 2633 1020 2686 clibanum
1037 2637 1113 2686 stans
1125 2633 1229 2687 orabat.
1243 2634 1339 2687 binoto

116 2717 191 2784 iiitu
200 2730 260 2797 igne
272 2731 306 2785 ab
319 2744 367 2785 ore
380 2731 491 2799 clibani,
503 2738 535 2785 ut
547 2734 625 2799 panis
643 2733 691 2801 qui
703 2733 741 2787 ibl
755 2738 814 2785 erat
825 2733 1025 2799 extraheretur,
1040 2732 1182 2799 reperiunt
1194 2732 1240 2785 liei
1253 2733 1340 2785 iantu·

119 2815 168 2878 lllm
179 2833 291 2883 stantem
304 2831 378 2883 intus
390 2835 416 2884 et
428 2835 562 2885 orantem.
573 2831 676 2885 Abbate
690 2832 781 2899 itaque
792 2833 906 2899 jubente
915 2844 1051 2899 egressus,
1061 2837 1087 2884 et
1097 2831 1153 2884 suis
1163 2844 1231 2898 quas
1241 2842 1338 2897 posuc-

76 2926 106 2983 ὕ
122 2928 154 2975 rat
163 2927 280 2982 restibus
293 2927 448 2998 reindutus,
462 2943 524 2983 euin
537 2944 600 2983 cum
613 2931 719 2984 bonore
731 2935 758 2984 et
770 2931 924 2984 reverentia
937 2944 1035 2998 magna
1047 2931 1080 2984 ad
1094 2930 1237 2983 ecclesiam
1250 2929 1334 2982 dedu·

119 3031 183 3093 tunt,
195 3028 378 3095 prostratique
392 3029 492 3097 singuli
504 3034 568 3083 ante
582 3029 665 3096 pedes
678 3032 747 3097 ejus.
760 3032 867 3084 veniam
881 3032 932 3084 sibi
945 3032 1003 3084 dari
1019 3035 1116 3099 rogant
1127 3043 1176 3097 pro
1187 3031 1220 3082 iis
1229 3042 1299 3097 quac
1310 3029 1338 3081 in

116 3135 170 3177 eum
190 3125 373 3193 deliquerant.
386 3128 418 3179 itt
430 3125 486 3193 ille,
506 3128 618 3180 humilis
642 3133 669 3181 et
689 3134 858 3196 mansuetus,
878 3128 1004 3182 similiter
1016 3134 1167 3195 prostratus
1185 3128 1213 3180 in
1226 3132 1337 3193 terram,

112 3226 218 3292 rogabat
229 3238 276 3278 eos
287 3229 319 3278 ut
331 3231 474 3293 surgerent
487 3227 688 3293 bominumque
702 3240 751 3295 pro
764 3241 797 3281 co
810 3232 968 3280 exorarent.

138 3322 286 3392 28.lqitur
298 3331 442 3393 postquam
453 3326 547 3380 audita
559 3334 623 3381 sunt
634 3330 702 3382 baec
714 3334 741 3382 et
752 3329 805 3382 alia
819 3330 890 3383 beati
903 3330 953 3381 riri
967 3330 1046 3394 iacta,
1057 3331 1208 3394 coeperunt
1218 3328 1340 3394 undique

53 3427 85 3479 ³0
101 3425 135 3478 ad
154 3438 218 3478 eum
238 3425 388 3493 confluere,
402 3426 624 3480 benedictionem
647 3430 699 3481 sibi
720 3430 755 3482 ab
777 3443 809 3482 ee
828 3429 1007 3495 postulantes.
1021 3428 1074 3481 Sed
1097 3434 1123 3481 et
1143 3428 1178 3482 de
1198 3427 1338 3495 praedicto

100 3536 183 3591 pane,
201 3537 283 3590 quern
305 3526 346 3577 vir
367 3525 414 3578 lici
436 3526 599 3580 miraculose
618 3533 737 3591 coxerat,
752 3527 863 3594 plurimi
889 3527 991 3580 infirmi
1012 3540 1076 3580 cum
1099 3525 1153 3580 side
1174 3527 1339 3593 accipientes

97 3630 183 3691 atque
201 3630 354 3693 gustantes,
367 3625 402 3677 ab
424 3625 630 3680 infirmitatibus
652 3628 733 3680 variis
754 3628 854 3695 quibus
877 3628 1042 3681 tenebantur
1064 3627 1171 3680 liberati
1184 3631 1257 3679 sunt.
1272 3629 1339 3678 cum

96 3726 214 3779 uidisset
226 3739 292 3794 erqo
303 3727 420 3780 famulus
433 3728 481 3780 liei
493 3742 550 3782 sea
573 3728 674 3795 populo
695 3729 875 3795 frequentari,
889 3728 1003 3796 gloriam
1024 3726 1119 3780 mundi
1141 3732 1167 3780 el
1177 3727 1339 3793 jactantiam

96 3825 189 3879 laudis
201 3828 339 3882 humanae
351 3828 479 3895 fugitans,
488 3827 571 3896 elegit
583 3829 635 3881 sibi
652 3827 741 3882 locum
762 3829 914 3882 solitarium
926 3842 1011 3896 prope
1027 3829 1115 3894 ripam
1128 3828 1202 3881 durii
1214 3829 1273 3881 Cari
1285 3840 1340 3881 non

45 3929 81 3980 35
98 3927 183 3994 longe
194 3940 211 3979 a
222 3927 283 3980 rico
304 3929 350 3994 qui
363 3929 440 3994 prius
459 3928 620 3981 Scinniacus
631 3929 741 3994 dicitur,
755 3930 801 3982 ubi
823 3930 945 3982 densitas
966 3929 1050 3982 siluae
1072 3929 1153 3981 etiam
1175 3927 1341 3981 animalibus

99 4026 262 4094 prohiberet
280 4039 430 4080 aceessum.
446 4030 501 4081 ileo
523 4029 551 4080 in
572 4028 632 4084 loeo
653 4030 701 4084 diu
713 4030 833 4095 latitans,
846 4028 930 4097 virgis
948 4033 1104 4082 contextam
1119 4027 1273 4094 composuit
1288 4025 1340 4079 sibi

99 4127 240 4193 cellulam,
260 4128 339 4195 juxta
359 4142 442 4195 quam
466 4129 595 4183 cellulam
617 4144 730 4196 parvum
749 4131 811 4184 iecit
832 4130 982 4183 hortulum.
998 4130 1090 4182 l'ictus
1113 4129 1137 4182 ei
1158 4128 1261 4196 gratior
1282 4131 1342 4179 erat

98 4226 270 4293 psalmorum
284 4227 437 4294 frequentia
451 4233 477 4282 et
495 4230 582 4282 oratio
598 4229 719 4282 assidua.
734 4232 844 4283 Praeter
864 4229 1002 4282 sarculum
1017 4231 1043 4281 ct
1055 4227 1184 4292 cultrum,
1201 4225 1244 4279 vel
1257 4225 1340 4277 etiam

98 4338 192 4393 acum,
206 4327 317 4380 nullum
328 4327 525 4382 ferramentum
539 4329 675 4395 ltabcbat3
691 4330 751 4393 boc,
762 4335 895 4396 quantum
907 4341 951 4381 res
961 4327 1101 4394 poscebat,
1115 4332 1216 4379 terram
1231 4324 1339 4377 fodiens

46 4428 82 4479 to
100 4426 254 4479 excolebat.
268 4425 344 4490 Quod
365 4427 428 4492 quia
447 4427 522 4480 dictu
541 4428 666 4481 mirabile
688 4433 739 4494 cst,
753 4429 812 4480 sine
836 4428 942 4481 semine
961 4426 1004 4479 vel
1024 4426 1194 4491 plantatione
1216 4422 1340 4476 hortulus

100 4527 163 4592 ejus
176 4526 318 4580 holeribus
332 4527 388 4579 sire
401 4527 461 4579 aliis
473 4528 566 4580 herbis
581 4529 615 4581 ad
627 4528 729 4581 rictum
748 4527 911 4581 necessariis
930 4526 1097 4580 abundabat.
1112 4525 1188 4578 Unde
1203 4523 1259 4590 ipse
1272 4521 1340 4576 mul-

99 4624 204 4678 totiens
217 4637 250 4677 cx
262 4623 371 4678 eisdem
384 4624 526 4680 boleribus
540 4626 583 4679 tel
597 4626 689 4680 berbis
703 4626 847 4680 fasciculos
858 4638 960 4692 partos
974 4625 1086 4690 iaciens,
1095 4637 1145 4689 per
1154 4635 1251 4689 aquam
1266 4620 1341 4674 durii

168 4732 454 4779 sumamma.
1052 4701 1057 4709 ’
1244 4722 1276 4773 tt
