3278 5482
403 367 598 419 ussurus.
618 368 735 419 emus
756 389 800 399 -
817 368 1132 420 APPEND.AD001).
1152 368 1228 419 sui.
1358 356 1424 421 449

185 536 339 600 juvenum
351 535 531 603 animisque
542 534 661 604 infusa,
675 549 785 591 senum
797 550 867 591 cum
889 537 1028 591 monime
1041 537 1163 605 inpenio
1170 537 1312 605 praediti
1322 537 1426 593 iriliae-

190 650 260 690 rere
270 637 397 691 soleant
417 639 446 690 et
461 650 566 704 paene
587 637 770 691 indelebilia
787 651 852 691 esse
873 651 953 705 quae
965 638 1000 691 iu
1011 641 1118 692 tenera
1136 640 1237 692 aetate
1249 637 1423 708 discuntur,

187 740 318 804 propter
329 749 488 792 annorum
499 738 673 791 mollitiem.
687 739 725 791 Et
736 738 812 805 quid
824 718 917 791 aliud
923 738 1091 792 Hesiodum
1103 739 1238 792 noluisse
1246 738 1424 806 putandum

191 839 234 890 est
244 850 317 891 eum
329 837 390 890 illa
402 836 530 903 scripsit
544 838 689 891 carmina
707 851 787 905 quae
808 838 949 891 universi
966 839 1158 892 decantanti
1169 839 1298 906 Aspera,
1312 838 1424 906 inquit,

186 936 291 1002 primo
302 938 333 990 et
340 949 443 1003 paene
455 936 552 1003 invia,
565 937 693 990 sudoris
704 937 850 991 continui
863 939 892 990 el
906 936 1046 991 laborum
1053 939 1152 1005 puna
1170 940 1215 991 est
1229 937 1281 991 via
1294 950 1374 1006 quae
1384 936 1427 991 ad

190 1034 340 1088 virtutem
351 1034 458 1100 ducit,·
471 1048 579 1088 oerum
592 1035 646 1088 ubi
658 1039 723 1089 tam
734 1048 883 1103 asperam
897 1038 1020 1102 tamque
1032 1035 1194 1103 difficilem
1207 1037 1293 1089 uiam
1302 1048 1427 1102 supera·

190 1134 310 1198 ueritis,
323 1147 361 1187 ea
373 1146 438 1187 sese
452 1134 531 1187 lenis
551 1136 582 1186 et
593 1133 741 1201 pulchra,
761 1134 917 1202 expedita,
943 1132 1064 1201 facilis,
1087 1136 1234 1202 lonpeque
1251 1134 1427 1199 jucundior

189 1244 288 1299 quam
307 1233 412 1286 altera
432 1245 511 1300 quae
531 1234 574 1287 ad
594 1233 673 1286 viiia
695 1233 791 1302 ducit,
812 1234 910 1287 isdem
926 1236 1020 1301 poeta
1045 1237 1188 1288 testatur.
1210 1233 1426 1301 Mibiquidem

190 1331 410 1386 uideturnibil
429 1333 574 1387 abaliud
592 1347 688 1401 quam
708 1338 745 1388 ut
765 1347 822 1389 uos
836 1336 878 1389 ad
891 1335 1038 1388 virtutem
1052 1334 1299 1402 probitatemque
1316 1332 1427 1388 adhor-

191 1432 319 1484 taretur
331 1429 386 1485 boc
406 1431 536 1499 divisse,
557 1445 597 1486 ne
615 1432 772 1487 laboribus
791 1433 868 1488 victi
889 1437 963 1488 ante
974 1434 1069 1501 finem
1079 1433 1306 1487 desisteremus.
1318 1431 1426 1486 Aiebat

190 1529 276 1583 euim
288 1531 380 1584 clara
393 1543 464 1585 voce
481 1532 637 1586 excellens
649 1533 705 1586 ille
717 1533 870 1587 Homerus
885 1550 893 1586 :
909 1532 1089 1600 Obomines,
1100 1532 1144 1584 sit
1152 1531 1235 1586 vobis
1241 1543 1321 1586 cura
1330 1530 1426 1584 virtu·

190 1629 234 1682 lis
244 1646 254 1696 ,·
266 1632 296 1682 et
312 1628 453 1697 profecto
466 1630 511 1684 ita
531 1643 583 1685 res
598 1635 653 1685 est.
670 1632 776 1686 Cetera
793 1632 900 1686 brunia
914 1644 978 1685 non
998 1633 1102 1698 majus
1112 1631 1341 1699 possidentium
1351 1632 1426 1683 sunt

190 1742 289 1796 quam
300 1729 450 1797 cujusque
461 1730 522 1786 buc
534 1732 564 1785 el
577 1732 656 1786 illue
669 1733 869 1787 transeuntia
880 1751 889 1800 ,·
902 1733 969 1786 sola
981 1732 1083 1786 uirtus
1095 1735 1126 1786 et
1135 1732 1251 1785 viventi
1262 1734 1293 1786 et
1302 1733 1426 1785 mortuo

189 1827 318 1881 stabilis
335 1831 424 1883 estet
435 1829 530 1898 firma
537 1832 700 1899 possessio.
714 1833 753 1885 At
768 1833 962 1900 Auqustiuus
981 1835 1072 1887 tanta
1085 1846 1157 1887 cum
1168 1832 1328 1885 suavitate
1339 1831 1377 1883 de
1388 1841 1426 1882 ea

189 1928 354 1994 loquitur:
373 1929 477 1983 Virtus
488 1933 536 1983 est
555 1930 635 1984 bona
644 1932 786 1998 qualitas
797 1932 922 1996 mentis,
937 1946 1000 1999 qua
1013 1931 1088 1986 bene
1100 1932 1227 1998 uiuitur,
1241 1944 1303 1998 qua
1314 1930 1426 1983 nullus

189 2027 278 2078 male
288 2029 449 2093 operatur,
461 2040 556 2095 quam
568 2031 652 2081 solus
665 2031 744 2083 Deus
755 2030 789 2081 in
811 2028 935 2084 homi-ue
945 2032 1106 2096 operatur.
1118 2030 1197 2096 Sola,
1210 2029 1347 2094 iaqueus,
1361 2026 1426 2079 oir-

191 2126 245 2177 tus
260 2125 416 2191 paudium
431 2130 619 2194 perpetuum
632 2131 787 2195 praestat.
810 2129 910 2194 Nihil,
930 2129 1034 2196 iuquit
1056 2129 1168 2195 Cicero,
1181 2124 1424 2181 virtuteamabi·

191 2224 258 2276 lius
272 2240 281 2278 .·
301 2238 396 2291 quam
407 2226 463 2292 qui
471 2227 602 2293 adeptus
614 2225 721 2294 suerit,
735 2227 844 2295 ubique
853 2229 994 2296 pentium
1005 2241 1026 2281 a
1038 2227 1125 2282 nobis
1136 2226 1298 2293 delipilur.
1314 2225 1424 2285 Quam·

190 2322 297 2376 obrem
308 2324 466 2378 oosetiam
478 2327 571 2391 atque
583 2326 678 2379 etiam
691 2339 745 2380 oro
757 2327 836 2379 vitia
846 2328 988 2381 deserere
1000 2327 1190 2393 virtutesque
1200 2325 1316 2380 sectari
1324 2327 1342 2377 ·.
1359 2325 1422 2378 Nec
1477 2336 1487 2354 ·
1558 2373 1566 2413 ·.

190 2422 385 2488 sinepoena,
405 2426 442 2477 ut
454 2425 558 2478 Boetia
573 2427 688 2493 placet,
708 2439 857 2493 umquam
868 2438 933 2479 esse
944 2427 1023 2480 uitia
1031 2439 1088 2480 nec
1097 2426 1167 2479 sine
1173 2425 1317 2492 praemio
1326 2423 1422 2476 virtu·

191 2524 239 2574 les
250 2538 260 2586 ,·
272 2520 362 2575 bonis
373 2520 492 2591 felicia,
506 2525 602 2578 malis
613 2538 733 2593 semper
745 2526 879 2578 aduersa
891 2525 1076 2592 continpere.
1097 2524 1312 2590 Temperantia
1324 2523 1423 2590 ipilur

189 2619 337 2673 omnibus
350 2621 384 2673 in
395 2621 487 2675 rebus
500 2621 642 2676 habenda
654 2626 710 2690 est,
723 2638 818 2690 quam
836 2624 960 2690 quidem
973 2626 1038 2676 tam
1049 2623 1191 2690 eprepiae
1204 2624 1329 2689 tamque
1339 2621 1422 2675 nobi·

191 2722 237 2774 les
250 2721 385 2775 virtutes
397 2726 581 2791 sequautur,
605 2727 641 2776 ut
653 2737 693 2777 eu
716 2724 858 2778 lalidatis
875 2737 895 2777 a
908 2723 1064 2778 Macrobio
1075 2736 1142 2776 esse
1148 2723 1289 2789 possitis.
1308 2724 1425 2789 Tempe·

188 2820 306 2873 rantia
325 2824 372 2875 est
390 2821 475 2875 nibil
495 2826 642 2891 appetere
657 2823 897 2892 paenitendum,
920 2824 955 2875 in
976 2825 1066 2877 nullo
1088 2824 1183 2890 lepem
1202 2822 1426 2876 moderationis

187 2920 353 2988 excedere,
366 2920 506 2989 subjupo
519 2923 653 2976 rationis
665 2923 872 2990 cupiditatem
881 2923 1019 2977 domare.
1036 2922 1285 2990 Temperantiam
1293 2933 1424 2987 sequun-

187 3025 246 3076 tur
266 3020 430 3088 modestia,
451 3022 649 3089 uerecundia,
673 3022 872 3090 abstinentia,
895 3023 1035 3090 castitas,
1063 3021 1217 3088 haustas,
1243 3020 1425 3087 moderatio,

184 3121 354 3185 sobrietas,
363 3119 532 3186 pudicitia.
557 3121 675 3188 Quippe
695 3122 776 3174 dieas
795 3122 863 3174 vias
877 3121 996 3187 uidetis,
1010 3119 1333 3187 alteramooluptatis,
1346 3119 1425 3171 alle-

183 3235 262 3276 ram
274 3232 349 3274 vero
362 3218 499 3272 virtutis.
517 3219 630 3273 Videtis
642 3221 725 3274 enim
738 3223 875 3274 alteram
887 3219 1126 3274 accuratissime
1142 3220 1289 3272 ornatam
1304 3217 1427 3272 deliciis

185 3325 220 3376 et
231 3317 378 3375 omnibus
396 3318 606 3384 voluptatibus
619 3318 809 3385 affluentem.
825 3319 908 3374 Haeo
922 3320 1028 3373 omnia
1040 3321 1070 3372 et
1081 3318 1180 3371 multo
1187 3319 1288 3385 plura
1300 3329 1353 3371 vos
1365 3319 1427 3370 tra

182 3420 445 3475 berecormntur.
464 3418 606 3471 Alteram
628 3430 699 3472 vero
720 3432 867 3486 asperam
888 3422 918 3472 et
934 3420 1058 3486 duram,
1079 3430 1184 3471 severe
1198 3420 1227 3471 et
1246 3421 1330 3472 torve
1349 3417 1428 3471 talia

182 3517 410 3577 cmitradicere
428 3520 523 3584 atque
537 3518 687 3584 polliceri
707 3532 740 3572 se
762 3531 819 3573 nec
840 3521 1029 3586 voluptatem
1051 3518 1194 3584 aliquam
1214 3531 1270 3572 nec
1296 3519 1427 3585 quietem

184 3621 358 3682 daturam,
371 3629 482 3671 uerum
492 3617 621 3684 labores,
630 3619 787 3686 periculo,
805 3620 935 3673 sudores
948 3620 1088 3687 infinitos
1102 3621 1187 3672 terra
1198 3618 1341 3685 marique
1358 3619 1429 3671 tole·

182 3716 325 3773 randos.
339 3716 421 3769 Nam
433 3716 509 3782 quid
529 3716 623 3770 aliud
642 3719 688 3771 est
709 3719 789 3784 quod
817 3719 889 3781 iure
905 3718 970 3772 diei
981 3720 1011 3770 et
1022 3717 1204 3771 existimari
1212 3716 1324 3770 bonum
1327 3716 1428 3783 possit

182 3829 291 3887 quam
312 3814 414 3867 virtus
431 3814 444 3866 l
464 3816 572 3882 ltaque
591 3829 690 3883 neque
711 3829 779 3882 spes
801 3830 899 3882 neque
916 3816 1036 3884 fiducia
1053 3817 1088 3868 in
1106 3814 1155 3868 liis
1175 3815 1265 3868 rebus
1281 3816 1428 3881 ponendo

180 3920 246 3972 est.
281 3914 387 3967 Virtus
418 3917 523 3967 autem
554 3914 677 3968 habitus
700 3918 747 3968 est
778 3916 899 3981 neentis,
925 3918 1060 3968 naturae
1091 3915 1194 3980 decus,
1218 3915 1304 3967 uitae
1333 3915 1427 3981 ratio,

180 4026 320 4071 morum
324 4011 437 4078 pietas,
457 4013 561 4065 cultus
577 4012 765 4080 divinitatis,
782 4012 880 4067 bonor
890 4012 1034 4077 hominis,
1048 4016 1254 4080 aeternaeque
1266 4011 1429 4065 beatitudi-

182 4116 243 4169 nis
255 4110 418 4165 meritum.
428 4111 532 4177 ipitur
543 4114 697 4177 quantum
706 4126 876 4179 possumus
888 4112 960 4167 boni
969 4127 1006 4168 ao
1017 4113 1145 4181 benefici
1156 4125 1221 4166 esse
1233 4111 1427 4179 meditemur,

183 4212 397 4268 Lactantium
410 4211 569 4263 imitantes
581 4229 590 4265 .·
602 4212 722 4278 Siquid
736 4211 822 4266 nobis
834 4226 937 4281 opum,
959 4215 988 4266 si
1001 4213 1078 4281 quid
1096 4212 1235 4280 suppetit
1254 4212 1428 4278 copiarum,

184 4325 257 4368 non
268 4311 426 4378 voluptati
442 4312 547 4377 unius,
561 4311 614 4364 sed
626 4313 798 4366 multorum
817 4314 919 4366 saluti
938 4313 1165 4380 impartiatur,·
1183 4312 1327 4377 voluptas
1344 4311 1428 4364 enim

190 4412 261 4466 iam
273 4408 422 4463 mortalis
439 4410 484 4462 est
496 4422 590 4475 quam
602 4422 715 4478 corpus
728 4410 780 4464 cui
793 4411 1004 4464 ministerium
1022 4410 1154 4464 exbibet.
1173 4411 1219 4463 Ea
1237 4409 1335 4475 ipitur
1349 4420 1429 4475 quae

192 4510 231 4564 de
240 4509 363 4563 virtute
373 4508 459 4562 dicta
471 4511 553 4575 sunt,
567 4508 614 4562 ita
627 4513 663 4562 ut
674 4509 794 4563 dictum
806 4512 851 4563 est
857 4510 1064 4577 percipienda
1078 4517 1161 4577 rapo.

219 4609 279 4662 18.
299 4608 453 4674 Philippus,
466 4608 589 4675 inquam,
603 4623 666 4662 cum
679 4608 755 4662 nullo
778 4615 854 4675 paolo
869 4610 1000 4676 nullaque
1013 4609 1119 4664 ratione
1139 4618 1232 4666 volum
1246 4623 1326 4664 suum
1339 4623 1429 4678 neque

227 4719 327 4762 mm.
346 4718 436 4761 emus.
456 4718 481 4760 τ.
502 4719 530 4760 11.
1332 4713 1365 4765 29
