3316 5482
266 338 357 390 aran.
376 339 462 390 uar.
480 338 597 389 rasis.
616 359 662 370 -
677 338 831 389 urrann.
850 340 897 388 nn
914 338 990 388 oon.
1009 336 1086 387 5317.
1230 322 1288 388 l3l

99 498 181 570 bactu,
191 506 259 561 abire
270 510 403 575 permisit.
417 513 457 563 Er
468 509 566 564 eadem
578 514 669 564 autem
683 511 750 563 bora
763 509 839 563 nulla
852 522 947 563 earum
960 510 1040 562 istam
1054 509 1196 563 ecclesiam
1210 509 1291 562 intra·

97 598 132 663 rit,
142 605 269 674 bacaque
281 609 439 675 incorrupte
452 623 508 665 non
521 610 641 664 intrandi
654 609 866 677 oboedientiam,
876 623 948 677 quae
958 609 1117 663 nescierunt
1129 621 1292 675 praecauere

98 695 191 756 intrandi
198 705 314 773 eulpam.

119 799 144 851 ὅ.
152 803 207 856 ditm
218 818 282 874 ergo
293 806 370 861 locus
382 807 416 860 iis
427 813 454 861 et
465 807 528 861 aliis
539 821 623 876 quam
635 808 761 875 pluribus
772 812 929 863 coruscaret
940 807 1201 875 miraculis,jacebat
1211 819 1293 874 quae·

10 888 14 981 ξ
92 893 391 973 daninpapoTurcnico
403 906 515 973 semina,
528 908 656 962 cruribus
668 913 808 963 contracta
820 914 847 962 et
861 908 990 961 brachiis.
1003 908 1089 973 llujus
1108 907 1182 960 enim
1205 910 1292 961 totum

10 1008 13 1017 '
90 1007 167 1066 orpus
176 1008 230 1058 erat
241 1003 385 1060 debilitate
397 1013 615 1076 praegravatum,
632 1013 663 1062 ut
676 1009 750 1062 nulla
769 1010 829 1074 ejus
851 1009 985 1073 membra,
1005 1012 1111 1074 praeter
1132 1007 1253 1075 linguam
1266 1011 1294 1058 et

87 1098 170 1167 mulos,
180 1105 303 1159 naturaie
314 1106 470 1161 obtinerent
483 1106 613 1161 odicium.
628 1111 696 1161 lium
708 1121 774 1162 vero
786 1107 928 1161 didicisset
948 1113 1050 1174 quanta
1063 1112 1090 1160 et
1102 1120 1185 1174 quarn
1208 1107 1293 1159 mira-

82 1193 213 1269 bilias'pna
232 1202 335 1257 faceret
355 1206 530 1272 omnipotens
552 1209 622 1259 deus
643 1207 672 1258 in
692 1206 744 1259 boc
766 1206 826 1260 loeo
847 1206 1016 1272 promeritis
1036 1204 1185 1259 beatissimi
1204 1204 1290 1271 patris

78 1298 151 1351 nostri
161 1300 268 1365 silvani,
282 1303 399 1356 excitata
411 1316 459 1369 spe
471 1304 677 1371 recuperandae
690 1305 823 1367 sanitatis,
838 1303 901 1357 lecit
918 1318 947 1357 se
960 1305 1013 1357 buc
1030 1304 1182 1370 deportari,
1201 1307 1229 1357 et
1239 1317 1290 1370 per

27 1397 58 1450 ld
73 1395 126 1451 dies
136 1400 229 1455 multos
244 1402 342 1468 jacens
353 1403 382 1456 in
399 1404 507 1470 porticu
526 1404 609 1470 bujus
619 1404 761 1469 ecclesiae,
776 1404 991 1458 misericordiam
1006 1405 1052 1456 liei
1066 1404 1245 1469 exspectavit,
1265 1409 1292 1456 et

68 1495 182 1550 nondum
193 1500 343 1553 obvenerat
353 1502 389 1555 ei.
402 1502 524 1565 Quadam
535 1501 644 1556 diemm
657 1502 787 1555 sacerdos
800 1502 833 1555 ad
856 1501 1002 1556 ecclesiam
1022 1500 1059 1555 de
1076 1514 1153 1554 more
1165 1501 1289 1566 veniens,

64 1596 149 1663 ipsam
157 1599 325 1666 pratiamliei
338 1602 549 1668 praestolantem
559 1602 593 1655 ad
607 1603 706 1655 ostium
718 1603 810 1670 templi
823 1603 937 1666 inuenit,
947 1608 975 1655 et
984 1603 1163 1668 humanitate,
1177 1603 1292 1668 ejusque

59 1698 176 1751 miseriis
186 1700 366 1767 compatiens,
380 1700 529 1755 sanctuarii
551 1702 641 1757 locum
663 1702 773 1756 intravit
794 1714 945 1769 precesque
965 1701 1156 1755 devotissimas
1177 1714 1226 1768 pro
1249 1713 1291 1766 ea,

57 1797 244 1864 quaetarndiu
257 1799 295 1853 ibi
307 1799 429 1854 desolata
439 1801 572 1867 jacuerat,
594 1802 628 1854 ad
651 1802 796 1856 Dominum
815 1802 982 1868 beatumque
1003 1801 1191 1855 confessorem
1212 1800 1294 1854 Silva-

10 1898 39 1951 ‚5
56 1910 129 1950 num
140 1896 219 1951 indit.
232 1900 359 1953 Nondum
372 1900 507 1968 siquidem
520 1902 662 1967 presbyter
674 1902 732 1967 ipse
751 1902 893 1955 destiterat
905 1914 921 1954 a
934 1901 1072 1967 precibus,
1096 1915 1159 1954 eum
1173 1914 1221 1954 sua
1239 1901 1293 1954 cle·

58 1997 166 2049 mentia
177 1997 251 2050 illam
265 1999 393 2052 miseram
405 1998 522 2052 visitavit
545 2001 676 2054 Dominus
695 2006 724 2053 et
737 2000 765 2053 in
784 2000 905 2068 uigorem
918 2001 1074 2065 pristinum,
1094 2000 1222 2053 manibus
1234 2000 1296 2053 soli·

55 2095 133 2149 datis
142 2101 170 2149 et
179 2096 305 2166 pedibus,
320 2101 375 2151 tota
386 2098 534 2152 incolumis
546 2096 652 2167 effecta,
665 2098 827 2167 glorificavit
839 2106 989 2153 creatorem
1001 2099 1109 2165 mundi,
1130 2100 1177 2166 qui
1190 2100 1250 2165 pius
1268 2105 1295 2152 et

55 2195 184 2249 clemens
196 2203 238 2250 est
251 2198 279 2250 in
291 2198 430 2251 omnibus.

91 2297 126 2349 0.
139 2296 301 2350 lucentem
313 2302 439 2364 tempore
462 2298 514 2351 luit
534 2299 577 2356 vir
599 2298 715 2366 quidam
738 2312 771 2352 ex
792 2300 893 2365 palatio
908 2299 1028 2353 Lotharii
1051 2300 1132 2368 regis,
1153 2299 1297 2353 nobilitate

10 2398 33 2449 θ
52 2395 172 2463 generis
182 2397 360 2463 conspicuus,
374 2396 422 2450 sed
436 2408 543 2452 morum
556 2398 689 2464 pravitate
704 2411 719 2451 a
731 2399 848 2465 pueritia
873 2400 901 2451 in
914 2412 1052 2453 consensu
1073 2404 1100 2452 et
1112 2412 1196 2465 opere
1210 2399 1296 2465 pollu-

59 2500 121 2547 tus.
133 2495 211 2548 lluno
227 2508 292 2549 vero
314 2497 451 2549 intentum
472 2498 600 2564 nequitiis
621 2511 683 2550 eum
708 2497 865 2563 redemptor
885 2499 1008 2551 omniurn
1032 2499 1116 2551 nollet
1139 2499 1239 2565 perire,
1259 2499 1296 2550 ita

58 2592 174 2647 diuinae
186 2595 368 2660 correptionis
380 2596 467 2649 ferula
479 2597 566 2664 tetigit
579 2610 641 2650 eum
656 2598 684 2648 in
697 2610 811 2662 corpore
826 2602 865 2662 ut,
879 2597 1008 2650 omnibus
1021 2597 1151 2651 membris
1173 2598 1232 2663 ejus
1244 2602 1297 2650 tre·

59 2693 215 2759 mentibus,
227 2694 272 2746 rix
284 2695 455 2760 praevaleret
466 2708 579 2749 manum
591 2694 626 2749 ad
639 2702 721 2762 caput
733 2696 833 2749 levare.
848 2696 970 2748 Tandem
984 2709 1048 2763 ergo
1060 2696 1168 2749 divinae
1180 2696 1295 2749 ultionis

59 2792 94 2844 in
106 2804 137 2846 se
149 2793 263 2847 verbera
283 2804 464 2860 cognoscens,
479 2796 614 2861 paenituit
635 2800 672 2861 et,
695 2809 724 2848 se
737 2799 859 2861 petente,
885 2796 918 2847 ad
938 2794 1081 2848 ecelesiam
1095 2795 1166 2848 beati
1188 2795 1295 2847 tlartini

10 2892 38 2944 5
57 2892 182 2944 Turonis
190 2891 360 2958 deportatus,
370 2893 454 2946 multa
465 2894 572 2947 dierum
583 2895 737 2962 frequentia
749 2894 785 2946 ibi
797 2895 843 2947 liei
855 2894 982 2959 pietatem
993 2894 1298 2960 exspectaritcumque

56 2993 88 3044 in
103 2990 151 3044 illo
163 2991 222 3044 loco
234 2990 386 3045 diutissime
399 2991 581 3058 immorando,
597 2991 703 3046 nullam
717 3006 784 3045 suae
803 2993 938 3058 passionis
951 2992 1115 3044 medicinam
1134 2992 1297 3056 perciperet,

53 3088 180 3156 quadam
200 3094 291 3153 nocte,
303 3090 369 3143 dum
383 3091 441 3156 ipse
466 3105 596 3144 somnum
610 3097 733 3158 caperet,
745 3093 787 3144 vir
807 3091 919 3158 quidam
941 3090 967 3144 ci
987 3104 1123 3157 apparens
1145 3091 1299 3144 ammonuit

57 3193 91 3241 ut
112 3189 146 3241 ad
159 3188 259 3253 vicum,
272 3190 319 3255 qui
332 3189 433 3243 dicitur
444 3191 567 3257 Leprosi,
585 3190 702 3243 tendere
716 3190 870 3255 festinaret,
888 3196 916 3243 et
928 3191 965 3242 ibi
985 3192 1071 3258 gratia
1092 3192 1138 3243 liei
1159 3190 1301 3256 sanctique

57 3288 166 3341 Silvani
179 3290 282 3341 meritis
295 3302 376 3341 usum
389 3290 521 3354 pristinae
532 3290 658 3343 sanitatis
679 3291 824 3356 reciperet.
848 3293 934 3355 Tunc,
958 3291 1028 3343 lacto
1049 3303 1140 3356 mane,
1160 3303 1175 3341 a
1192 3290 1298 3342 visione

10 3397 37 3446 tlt
57 3401 147 3457 quam
161 3387 269 3440 viderat
282 3389 423 3454 excitatus,
438 3391 490 3442 nuc
504 3403 533 3443 se
547 3402 664 3456 propere
677 3390 780 3443 deferri
801 3391 883 3456 lecit;
897 3396 924 3442 et
934 3390 962 3441 in
976 3389 1078 3455 templo
1097 3393 1298 3455 praesentatus,

56 3493 126 3558 post
137 3487 254 3541 duarum
268 3488 398 3541 horarum
411 3490 529 3555 spatium
544 3490 591 3543 liei
613 3489 830 3543 misericordiam
850 3490 947 3552 sensit,
973 3495 1001 3542 et
1019 3489 1165 3542 incolumis
1186 3489 1297 3542 domum

56 3601 142 3641 suam
154 3588 324 3657 regrediens,
336 3588 499 3657 glorifieavit
512 3593 608 3656 licum,
620 3590 744 3658 gaudens
760 3590 787 3642 in
802 3590 834 3642 iis
847 3602 919 3656 quae
932 3589 1092 3642 acciderant
1103 3589 1138 3642 ei.

91 3689 128 3741 ’1.
142 3690 287 3741 Praeterea
297 3688 417 3755 quodam
431 3696 554 3755 tempore
567 3694 627 3743 erat
639 3691 776 3756 quaedam
792 3688 897 3743 semina
910 3691 938 3741 in
951 3689 1025 3753 villa,
1041 3701 1112 3755 quae
1124 3687 1298 3741 llandiracus

59 3790 176 3857 dicitur,
189 3802 261 3855 quae
274 3795 422 3855 eontracta,
436 3790 572 3843 calcaneis
591 3791 788 3856 posterioribus
801 3789 928 3843 adbaesis
949 3795 975 3841 et
991 3790 1066 3841 laeva
1086 3802 1169 3841 manu
1183 3789 1299 3854 perdita,

10 3892 40 3944 tb
60 3893 141 3942 tenta
153 3886 305 3951 debilitate,
320 3889 386 3941 tanti
397 3888 501 3942 doloris
513 3890 647 3957 grauitate
666 3890 826 3957 urgebatur,
841 3896 870 3941 ut
882 3889 960 3942 nullo
985 3888 1027 3940 sui
1040 3888 1133 3955 vigore
1146 3901 1175 3940 se
1187 3888 1298 3940 llectere

59 3991 158 4055 posset
172 3986 200 4039 in
213 3987 294 4040 latus.
310 3990 382 4052 Quae
394 4000 456 4041 cum
469 4001 485 4040 a
499 3987 609 4042 duobus
621 3989 741 4055 quodam
754 3989 879 4042 vehiculo
892 3988 926 4040 ad
939 3987 1083 4040 eeclesiam
1103 3987 1174 4040 beati
1194 3987 1297 4039 Silvani

59 4085 149 4153 gratia
161 4085 370 4150 recuperandae
382 4084 507 4139 sanitatis
519 4085 716 4152 praeferretur,
731 4086 873 4154 multoque
885 4085 1017 4151 temporis
1029 4086 1118 4150 spatio
1131 4083 1161 4137 in
1174 4085 1225 4138 lice
1238 4085 1299 4138 loco

18 4249 21 4253 ⁴
59 4198 112 4239 suo
124 4185 257 4252 languore
269 4184 380 4238 detenta
394 4191 557 4251 moraretur,
570 4187 696 4254 cogitavit
709 4200 801 4239 secum
815 4192 844 4238 ut
856 4185 890 4238 ad
903 4186 1047 4239 ecclesiam
1060 4185 1148 4236 sancti
1161 4183 1297 4236 valentini

62 4284 167 4337 laceret
180 4297 210 4336 se
222 4284 334 4349 deferri,
357 4285 449 4351 ibique
470 4284 581 4338 diuinae
598 4286 781 4338 miserationis
803 4285 956 4337 subsidium
976 4284 1102 4335 similiter
1114 4282 1298 4348 exspectando

10 4387 42 4438 eb
60 4382 172 4437 volebat
186 4396 235 4448 per
246 4383 358 4449 aliquod
372 4388 480 4449 tempus
492 4386 666 4436 commorari.
690 4386 756 4437 curn
779 4398 842 4436 soro
861 4385 895 4436 ab
908 4384 960 4435 boc
973 4383 1033 4436 loco
1055 4381 1210 4445 discedens,
1230 4382 1300 4433 laeto

58 4484 118 4548 jam
131 4494 259 4547 vespere,
272 4494 329 4534 non
341 4483 437 4547 procul
451 4483 516 4534 irinc
528 4483 715 4549 susciperetur
729 4482 924 4548 hospitiolum
942 4480 987 4533 die
1009 4480 1118 4546 penitus
1137 4484 1298 4531 senescente

59 4589 87 4635 et
99 4580 265 4634 imminente
278 4581 368 4633 noctis
380 4580 552 4647 crepusculo,
579 4582 607 4634 in
620 4588 696 4648 parte
715 4593 781 4634 suae
799 4579 966 4633 infirmitatis
978 4580 1112 4645 comperit
1132 4593 1161 4631 se
1179 4578 1300 4630 risitaria
