3316 5482
683 384 810 436 CATAL.
828 382 931 434 coDD.
950 382 1123 434 nauicula.
1144 381 1224 432 ΕΔΤ.

573 555 610 607 ilc
622 552 747 607 beneficii
760 553 863 619 pariter
874 551 1013 606 terrestria
1025 551 1132 616 subtus,

574 652 709 705 Ecclesiae
721 651 815 705 matris
826 652 961 718 gremium
974 663 1030 704 non
1042 648 1142 716 linquit
1152 659 1301 701 amoenum

574 752 736 805 Sermonum
749 749 860 805 monitis
872 751 973 804 sanctis
986 750 1104 804 formare
1116 746 1233 814 loquelis

574 852 605 904 Et
617 863 666 917 per
677 851 806 904 virtutum
820 851 948 905 meritum
960 854 1113 903 monstrare
1126 859 1240 900 suorum

572 951 743 1002 incrementa
753 966 760 1017 ;
773 949 848 1003 unde
860 949 1016 1015 exemplum
1029 959 1138 1015 quoque
1149 943 1279 999 convenit
1290 948 1385 1009 aptum

571 1049 724 1101 Turbarum
736 1048 844 1115 populis
857 1048 944 1102 sancti
957 1060 1070 1100 narrare
1083 1045 1180 1109 tidelis,

573 1146 612 1199 dd
624 1145 828 1200 confirmandos
841 1147 983 1199 bominum
995 1158 1093 1199 sensus
1105 1143 1140 1197 ad
1151 1142 1274 1210 praemia
1285 1142 1366 1197 caeli.

573 1247 704 1314 Agerium
717 1247 778 1314 quis
794 1247 949 1300 mortalium
963 1245 1139 1299 conscribere
1151 1242 1233 1311 digne

573 1350 639 1400 iiam
651 1348 792 1414 proprium
804 1347 889 1414 possit
899 1345 1029 1400 virtutum
1044 1344 1161 1413 insignia
1173 1342 1292 1396 cunctat

573 1448 677 1510 Quanta
690 1445 858 1513 peritiorum
872 1445 999 1499 meritum
1011 1443 1192 1498 medicamina
1203 1440 1310 1496 confert

573 1546 728 1613 Terrigeuis
741 1546 871 1599 Dominus
888 1546 989 1611 pressis
1001 1545 1139 1612 vastisque
1150 1541 1270 1609 piaclist

574 1643 678 1697 Dehinc
688 1644 808 1697 caritatis
819 1643 1028 1698 tundamentum
1041 1655 1104 1696 nam
1117 1644 1269 1708 reparatur.

575 1743 694 1810 Porrige,
707 1756 799 1810 posco,
813 1743 880 1796 mibi
891 1744 1002 1811 celsam,
1016 1748 1093 1810 pater
1104 1741 1209 1806 inclite,
1223 1739 1359 1804 dextram,

574 1844 684 1897 Teutam
704 1844 836 1911 passionis
848 1857 947 1899 canere
959 1850 990 1898 ut
1001 1843 1107 1898 valeam
1120 1840 1292 1896 Benedictae.

574 1944 647 2006 Quae
660 1942 793 1996 mundum
807 1956 949 2012 spernens,
963 1942 1118 1997 mundanos
1130 1939 1235 2007 respuit
1245 1942 1333 2003 actus,

574 2043 630 2105 Duo
643 2046 726 2096 temet
736 2042 812 2096 caelo
825 2049 946 2097 meretur
957 2044 1045 2096 visere
1056 2040 1129 2095 celso

574 2143 659 2207 Atque
672 2141 725 2194 tuis
737 2141 831 2194 hilaris
843 2155 952 2209 semper
963 2140 1156 2208 conspectibus
1167 2139 1218 2203 uti,

573 2242 610 2292 ilc
622 2253 745 2294 summae
758 2246 867 2294 sanctus
879 2241 998 2294 nutritur
1010 2253 1088 2294 amor
1099 2239 1218 2307 pietatis.

574 2340 697 2392 Nascitur
708 2340 812 2393 interea
824 2341 937 2394 fratrum
951 2341 1087 2394 confessio
1099 2339 1186 2404 tirma,

575 2439 632 2501 Quo
643 2437 743 2505 degant
753 2452 839 2491 unum
852 2440 958 2494 christo
971 2438 1128 2493 famulando
1140 2440 1276 2502 verenter,

573 2538 606 2590 Et
617 2550 695 2604 gazas
707 2539 788 2591 saecli
801 2543 913 2592 cunctas
926 2540 954 2591 in
967 2539 1041 2592 calce
1055 2543 1209 2606 peremptas

574 2638 682 2690 intonat
693 2636 722 2689 in
735 2639 823 2704 terris,
838 2639 952 2704 populos
963 2651 1012 2703 per
1023 2649 1122 2704 pascua
1135 2637 1210 2703 pacis

573 2734 675 2788 Gaudia
688 2748 784 2804 magna
797 2737 881 2802 patris
893 2737 996 2804 capsim
1010 2734 1131 2789 retinere
1143 2735 1266 2788 docetur.

605 2835 731 2901 ilagnmn
743 2834 845 2886 etenim
857 2834 955 2888 Christi
967 2833 1072 2887 donum
1083 2846 1138 2901 quo
1150 2832 1289 2885 cernimus
1302 2844 1400 2886 omnes

576 2933 742 2986 cunctorum
755 2946 787 2985 ac
798 2933 911 3001 dignum
924 2932 1028 2986 meritis
1037 2933 1193 3001 jugiterque
1206 2943 1359 2997 sacrorum,

575 3032 695 3094 Quorum
707 3045 757 3084 nos
770 3033 882 3099 meritis,
896 3046 1012 3099 quorum
1026 3030 1160 3096 exemplis
1172 3030 1303 3094 roborati,

574 3130 694 3183 Ecclesia
706 3131 823 3197 eloquiis
837 3145 953 3198 quorum
968 3132 1051 3199 fulget
1062 3130 1236 3195 venerandis,

573 3229 612 3281 nd
626 3229 746 3282 studium
760 3231 923 3295 patrandum
935 3245 1049 3297 operum
1061 3243 1225 3296 sacrumque
1236 3229 1384 3289 bonorum,

575 3332 606 3382 ln
620 3330 691 3382 bello
703 3343 877 3398 quorumque
889 3345 983 3385 sumus
995 3330 1151 3383 certaminis
1164 3330 1216 3395 ipsi

577 3427 696 3480 Flumine
708 3428 800 3482 divino
812 3431 908 3481 armati
923 3429 1008 3482 Patris
1021 3429 1192 3494 sobolisque.

575 3527 698 3592 ipsorum
712 3527 888 3581 innumerosa
901 3527 1012 3595 quidem
1024 3527 1173 3580 certamina
1185 3525 1278 3579 cuncti

573 3625 728 3679 laudantes
745 3628 852 3679 Domini
866 3628 995 3680 auxilium
1008 3630 1072 3680 lesu
1085 3626 1119 3679 ad
1133 3625 1297 3692 capiendum

574 3728 661 3792 tltque
673 3726 821 3780 salutiferis
833 3740 986 3780 reseramus
998 3728 1061 3779 binc
1075 3726 1267 3779 monumentis.

572 3827 711 3880 Adcumen
724 3827 860 3894 siquidem
873 3832 1038 3894 nostraeque
1051 3826 1144 3880 salutis
1157 3825 1282 3891 iniquum

575 3927 676 3995 Flaglto
689 3932 829 3993 peccatum
843 3928 956 3980 istorum
970 3927 1073 3980 meritis
1086 3926 1199 3989 aboleri,
1587 3927 1615 3978 tt

573 4026 622 4090 Qui
636 4027 736 4078 nostris
747 4039 876 4092 umquam
890 4039 946 4078 non
963 4038 1106 4092 possumus
1119 4029 1180 4089 apte
1189 4023 1288 4089 iuvari.

377 4124 520 4191 Sequitur
538 4124 615 4189 Vita,
629 4123 663 4176 in
674 4125 827 4191 quaedam
848 4124 940 4190 quasi
958 4124 1099 4191 capitula
1118 4121 1298 4188 dismanta,
1310 4135 1392 4188 qaae
1409 4121 1460 4176 bis
1473 4123 1572 4176 titulis

344 4224 498 4290 inscripta
511 4225 585 4276 sunt
598 4239 606 4276 :

378 4322 529 4389 Disputatio
540 4322 619 4375 Verbi
631 4321 666 4375 ad
678 4322 776 4376 solium
789 4323 875 4375 Patris
887 4323 1057 4376 revertentis.
1072 4324 1152 4373 -De
1173 4321 1292 4374 adventu
1304 4321 1450 4376 beatorum
1465 4327 1569 4389 aposto·

344 4422 435 4476 lorum
448 4421 518 4475 Petri
532 4425 558 4474 et
570 4421 644 4474 Pauli
657 4421 690 4474 ad
703 4423 851 4474 itomanam
864 4422 970 4474 urbem.
983 4449 1016 4460 —
1027 4424 1065 4474 De
1076 4421 1211 4474 electione
1226 4419 1373 4474 duodecim
1386 4422 1568 4475 sodalium·
1581 4420 1608 4470 to

346 4524 383 4576 De
395 4521 569 4574 meditatione
581 4520 808 4588 peregrinationis
820 4521 915 4573 beatae
928 4521 1088 4575 benedictae
1099 4520 1220 4589 virginis.
1234 4549 1267 4558 -
1279 4521 1330 4574 Ubi
1342 4529 1476 4576 convocat
1487 4522 1567 4576 socias

345 4625 373 4673 et
386 4626 479 4674 narrat
490 4620 544 4673 illis
556 4620 678 4687 angelica
690 4619 771 4673 dicta.
779 4647 812 4659 -
821 4620 870 4674 ilbi
882 4620 1023 4673 benedixit
1035 4621 1122 4674 socias
1135 4626 1162 4673 et
1174 4620 1301 4673 instruxit
1315 4633 1372 4673 eas.
1381 4649 1411 4660 -
1425 4623 1474 4675 ilbi
1485 4619 1566 4686 coepit
