3316 5482
240 301 303 367 144
420 313 424 319 ·
574 318 700 369 oanan.
720 319 821 369 cono.
840 319 1014 371 naamon.
1033 319 1114 371 uas.

235 488 295 554 ejus
306 487 442 542 calumnia
454 493 596 552 venerant,
610 493 748 556 tamquam
762 488 829 542 nihil
840 489 905 543 laesi
917 490 952 542 ab
963 491 1013 553 eis,
1028 494 1058 542 ut
1072 488 1106 543 ad
1119 491 1316 543 monasterium
1330 495 1464 545 revertan-

233 591 278 640 tur
295 589 443 655 praecepit.
458 587 532 642 idem
550 602 615 642 vero
628 591 789 655 monachus,
803 602 866 642 cum
876 589 970 656 pueris
992 589 1048 642 suis
1060 588 1094 641 ad
1115 589 1311 643 monasterium
1326 603 1463 658 reuersus,

233 686 338 740 abbatis
364 687 480 755 pedibus
505 702 535 742 se
558 689 731 755 provolvens,
755 701 826 755 quae
853 687 904 741 sibi
932 689 1103 756 contigerant
1129 690 1274 742 enarravit.
1299 690 1376 754 Quod
1401 703 1462 743 cum

233 786 354 841 audisset
366 789 459 855 abbas,
471 788 551 853 iussit
561 789 652 842 vocari
665 787 813 849 boricium,
826 792 856 841 ut
869 801 884 840 a
896 787 1022 854 pastorali
1042 788 1192 841 ministerio
1212 789 1354 843 tolleretur
1368 807 1376 857 ;
1389 788 1463 844 vide·

232 886 362 940 batonim
375 888 449 955 quod
461 888 557 940 iratres
566 886 684 941 invidiae
696 886 753 940 zelo
766 887 872 941 accensi
886 893 982 941 contra
994 900 1067 953 eum,
1081 888 1251 954 quaerebant
1262 888 1334 942 mala
1344 902 1465 956 semper,
1480 891 1495 942 5

231 999 348 1053 proquo
364 1000 460 1042 eorum
477 991 588 1053 peccato
606 987 721 1040 timebat
735 987 809 1039 omni
828 987 1031 1055 congregationi
1049 998 1131 1054 grave
1149 985 1261 1054 aliquod
1279 987 1463 1041 intortunium

231 1086 349 1140 evenire.

264 1186 319 1239 ad.
338 1185 485 1239 audientes
497 1190 587 1239 autem
600 1186 726 1240 monachi
744 1186 844 1239 aemuli
857 1187 916 1252 eJ'us
937 1187 1011 1252 quod
1024 1199 1039 1238 a
1051 1185 1180 1252 pastorali
1193 1185 1280 1240 otllcio
1293 1191 1366 1239 esset
1378 1200 1465 1241 remo·

229 1288 343 1349 vendas
362 1288 485 1341 obiciunt
505 1288 530 1340 ei
550 1300 695 1353 porcorum
716 1300 862 1340 numerum
889 1287 917 1338 in
940 1298 989 1339 sua
1016 1285 1138 1339 custodia
1162 1285 1324 1353 deperisse3
1343 1301 1464 1354 quorum

227 1387 368 1453 damnum,
380 1388 539 1455 priusquam
548 1387 741 1453 susciperetur,
749 1386 862 1440 deberet
871 1385 1036 1439 monasterio
1049 1385 1204 1439 restituere.
1215 1387 1246 1438 ln
1256 1384 1312 1438 illis
1321 1386 1462 1453 siquidem
1479 1388 1495 1438 tt

227 1486 324 1540 diebus
342 1488 416 1552 porci
429 1485 587 1539 monasterii
600 1487 628 1538 in
642 1499 750 1551 nemus,
764 1485 836 1553 quod
850 1485 916 1539 silva
929 1485 1071 1538 Glrerontis
1084 1490 1204 1553 vocatur,
1219 1490 1331 1551 propter
1350 1485 1461 1552 glandis

227 1583 335 1650 copiam
351 1584 425 1638 ducti
438 1585 547 1638 fuerant
558 1597 574 1637 a
586 1584 741 1650 pastoribus
755 1599 762 1635 ι
776 1583 877 1650 quibus
889 1583 989 1636 ibidem
1005 1583 1247 1649 commorantibus,
1261 1584 1461 1637 Gracianenses

227 1683 337 1751 quidam
353 1683 473 1737 latrones
485 1681 603 1750 rriiijircim
624 1696 657 1735 ex
679 1681 782 1736 eisdem
803 1683 893 1748 porois
914 1682 1007 1734 furtim
1025 1682 1241 1748 sobripoemnt3
1263 1682 1337 1749 quod
1357 1683 1460 1737 lactum

227 1781 329 1835 samolo
339 1782 386 1835 bei
398 1783 504 1836 Eusioio
517 1781 639 1835 nondum
653 1781 819 1834 innotuerat.
831 1783 863 1832 tlt
872 1781 919 1834 ubi
932 1779 1059 1833 audivita
1076 1780 1231 1847 pastoribus
1246 1781 1282 1834 ita
1300 1782 1459 1851 contigisse,

225 1880 340 1934 festinus
352 1882 505 1948 properavit
516 1879 551 1933 ad
573 1893 682 1946 nemus,
695 1892 777 1933 orans
799 1879 870 1932 intra
892 1892 921 1932 se
933 1880 1078 1933 bominum
1089 1885 1120 1932 ut
1141 1893 1286 1933 numerum
1308 1893 1457 1946 porcorum
1478 1884 1495 1935 tt

225 1980 359 2049 integrum
372 1982 422 2035 sibi
436 1980 579 2045 redderet3
593 1993 644 2033 nec
655 1979 795 2034 fraudatus
804 1983 846 2033 est
858 1992 873 2033 a
883 1978 1019 2033 desiderio
1032 1993 1091 2034 suo.
1106 1981 1213 2033 intrans
1225 1980 1363 2047 siquidem
1378 1994 1456 2048 prae·

224 2079 309 2132 latum
318 2093 425 2146 nemus,
435 2079 583 2132 invenitibi
593 2091 674 2145 apros
688 2077 838 2132 secundum
851 2091 997 2131 numerum
1006 2091 1152 2146 porcorum
1162 2079 1209 2146 qui
1219 2079 1301 2133 ablati
1316 2080 1425 2134 fuerant
1440 2094 1456 2134 a

223 2178 390 2244 latronibus3
402 2184 428 2232 et
440 2178 547 2230 minans
558 2191 604 2232 cos
616 2186 679 2232 ante
689 2191 718 2230 sc
728 2185 865 2249 tamquam
875 2175 1048 2243 domesticos,
1059 2177 1185 2244 perduxit
1194 2191 1241 2233 eos
1249 2179 1284 2232 ad
1294 2184 1418 2245 pastores
1428 2185 1455 2233 et

224 2278 335 2331 sociarit
355 2279 453 2331 ceteris
467 2279 557 2344 porcis
569 2279 744 2344 domesticis3
764 2282 790 2331 et
813 2278 928 2330 veniens
946 2290 1007 2330 com
1027 2278 1181 2343 pastoribus
1200 2282 1265 2331 ante
1279 2279 1407 2332 abbatem
1427 2282 1455 2332 et

223 2391 321 2432 omnes
332 2378 439 2445 tratres,
452 2378 745 2446 integrum‘porcorum
759 2390 903 2430 numerum
917 2376 1012 2429 eadem
1024 2378 1091 2430 bora
1104 2377 1258 2445 resignavit.
1470 2380 1495 2432 ἲ(

256 2477 306 2530 21.
320 2480 396 2531 Tunc
415 2477 511 2544 abbas,
532 2478 628 2530 videns
640 2482 765 2530 sanctum
783 2478 872 2529 virum
894 2476 1032 2529 Eusioium
1052 2481 1125 2529 tanta
1144 2477 1190 2530 bei
1207 2477 1308 2530 uirtute
1326 2482 1354 2530 et
1364 2477 1452 2546 gratia

222 2577 509 2644 praeditum,reddidit
522 2591 585 2631 eum
598 2578 730 2631 ecclcsiae
742 2577 820 2645 quasi
831 2575 948 2629 tironem
958 2577 1113 2642 probatum,
1121 2581 1151 2629 ut
1161 2575 1291 2643 deinceps
1300 2579 1453 2631 monachus

219 2689 282 2731 cum
295 2679 436 2732 monacbis
456 2677 558 2730 divinis
576 2678 767 2731 tantummodo
785 2681 894 2730 vacaret
911 2675 1017 2728 officiis.
1031 2678 1128 2728 Factus
1150 2689 1215 2744 ergo
1233 2678 1395 2741 monaobos,
1408 2677 1452 2729 vir

218 2780 264 2832 bei
277 2778 400 2832 Eusicius
412 2779 502 2844 coepit
515 2778 578 2830 totis
590 2779 694 2831 viribus
706 2778 750 2830 die
763 2784 902 2843 noctuque
916 2779 976 2831 sine
990 2780 1193 2832 intermissione
1207 2780 1253 2831 bei
1272 2779 1399 2832 laudibus
1423 2785 1451 2833 et

217 2878 324 2931 devotis
342 2879 512 2932 orationibus
529 2879 668 2943 insistere,
684 2878 789 2944 jejunia
802 2891 904 2943 amare,
918 2878 1023 2946 vigilias
1041 2877 1200 2944 extendero,
1214 2879 1396 2932 bumilitatem
1409 2891 1451 2932 se·
1469 2882 1495 2934 2·

218 2978 294 3043 otari,
305 2979 446 3030 caritatem
456 2978 593 3043 amplecti.
604 2977 656 3029 Sed
670 2977 699 3028 in
713 2977 746 3028 iis
756 2977 885 3029 omnibus
896 2991 952 3030 non
961 2979 1064 3044 quievit
1076 2978 1248 3042 aemulorum
1263 2979 1322 3045 ejus
1335 2979 1447 3032 invidia.

217 3077 345 3130 videntes
357 3079 432 3130 enim
447 3078 494 3144 qui
509 3092 574 3131 eum
596 3078 712 3130 oderant
729 3076 802 3142 quod
823 3090 888 3142 prae
906 3079 1003 3130 ceteris
1021 3079 1150 3131 omnibus
1171 3078 1302 3130 virtutum
1324 3066 1467 3132 omnium¹

217 3177 245 3227 in
258 3190 290 3229 eo
308 3177 396 3244 gratia
418 3177 580 3242 refulgebat,
595 3175 754 3229 inridebant
766 3183 793 3228 et
807 3176 992 3229 tabescebant.
1006 3179 1111 3230 interea
1134 3178 1297 3230 accedentes
1315 3177 1349 3230 ad
1367 3177 1449 3230 abba·

215 3279 282 3333 tom,
296 3275 447 3327 suadebant
459 3276 483 3326 ei
503 3280 533 3327 ut
545 3288 606 3327 eum
629 3274 777 3339 pistoribus
796 3272 966 3340 praeficeret,
980 3288 1036 3327 non
1054 3275 1198 3327 utilitatem
1212 3275 1331 3343 aliquam
1344 3289 1376 3328 ex
1396 3277 1447 3330 troc

215 3375 381 3426 monasterio
394 3375 577 3439 requirentes,
591 3374 638 3426 scd
652 3374 751 3440 quietis
765 3374 823 3439 ejus
840 3375 953 3441 gratiam
975 3375 1137 3439 perturbare
1150 3381 1175 3427 et
1188 3375 1320 3428 orationis
1341 3375 1445 3428 instan·
1465 3381 1495 3430 st

214 3474 279 3526 tiam
294 3473 468 3540 aliquatcnus
489 3473 623 3539 impedire
644 3474 796 3539 cupientes.
811 3475 960 3526 Persuasus
981 3474 1062 3540 igitur
1082 3475 1166 3528 abbas
1185 3476 1249 3528 tecit.
1266 3488 1330 3528 oum
1348 3476 1446 3543 magis·

214 3579 286 3626 trum
299 3575 442 3640 pistorum,
457 3575 527 3627 sicot
541 3573 678 3640 potebant.
693 3578 767 3627 inter
778 3577 856 3641 cujus
874 3588 983 3639 manus,
996 3574 1087 3627 divina
1101 3581 1232 3641 operante
1246 3576 1340 3644 gratia,
1353 3576 1446 3630 omnis

213 3673 372 3725 monasterii
393 3673 564 3736 substantia,
587 3685 657 3738 quac
678 3672 712 3724 atl
734 3674 793 3739 ejus
816 3674 999 3726 ministerium
1017 3675 1184 3740 pertinebat,
1207 3674 1443 3740 multiplicabatur

213 3777 294 3840 atque
307 3772 448 3825 crescebat
465 3773 492 3823 in
506 3772 620 3836 duplum
634 3771 691 3823 lere
712 3786 794 3839 quam
813 3778 875 3825 ante
894 3778 1082 3825 consueverat.
1098 3773 1174 3826 Unde
1192 3773 1323 3839 praedicti
1342 3774 1445 3827 aemuli

213 3875 281 3940 ejus,
294 3875 394 3926 iterum
406 3873 556 3941 cogitantes
567 3872 705 3939 quomodo
719 3886 780 3925 eum
794 3872 918 3926 odiosum
941 3874 1029 3925 iacere
1043 3879 1154 3938 possent
1167 3874 1316 3940 pistoribus
1328 3872 1375 3939 qui
1390 3875 1444 3927 sub
1461 3877 1495 3928 Si

212 3975 271 4041 ipso
284 3978 372 4036 erant,
385 3978 569 4025 conlocantes
589 3972 702 4024 eosdem
726 3973 839 4037 pistores
860 3985 951 4025 coram
973 3973 1072 4025 abbate
1090 3977 1116 4025 et
1138 3973 1251 4025 decanis
1270 3973 1442 4037 monasterii,

212 4073 384 4125 sciscitantur
404 4070 526 4124 dicentes
541 4087 547 4122 ε
565 4071 717 4130 Οαοηιοάο
738 4069 811 4138 fieri
825 4073 928 4137 potest
945 4072 1026 4138 quod
1042 4069 1147 4138 frater
1159 4070 1306 4125 diastolas
1323 4070 1361 4124 dc
1377 4081 1443 4123 uico

210 4171 313 4226 modio
325 4170 454 4238 farinae
464 4169 552 4225 cobis
565 4169 706 4223 caricibus
713 4182 773 4236 per
788 4170 865 4222 duos
878 4170 944 4223 dies
951 4183 1068 4237 patema
1086 4169 1289 4236 sufficientem
1303 4172 1332 4223 et
1345 4168 1442 4222 obun-

210 4273 337 4325 dontem
350 4269 522 4336 ministrat,
535 4283 606 4323 com
618 4272 713 4322 antea
720 4269 857 4335 pistores
873 4269 1014 4336 singulos
1032 4269 1162 4335 farinae
1178 4269 1296 4323 modios
1304 4281 1364 4336 per
1374 4270 1442 4322 sin·

207 4373 298 4438 polos
316 4370 382 4422 dies
399 4369 609 4436 emperrderent
622 4369 634 4421 ‚t
645 4369 721 4421 Jure
737 4367 824 4422 nobis
844 4368 991 4420 vr'dentar·
1008 4367 1091 4436 forti
1103 4381 1197 4435 posse
1217 4369 1321 4436 arqui.
1342 4371 1442 4422 iurant
1460 4373 1495 4425 to

209 4470 247 4522 illi
261 4484 289 4523 sc
302 4483 362 4522 esse
374 4469 503 4521 innoxios
519 4474 545 4521 et
560 4468 593 4521 ab
606 4469 680 4521 omni
695 4468 790 4520 fraude
807 4467 930 4533 alienos;
945 4468 1051 4521 nescire
1065 4482 1130 4522 voro
1142 4483 1172 4522 se
1184 4468 1259 4522 unde
1271 4469 1340 4521 baec
1352 4469 1441 4523 abun-

208 4573 300 4625 dantia
321 4583 390 4624 nova
408 4570 560 4636 proveniat.
578 4570 617 4622 Ab
630 4569 677 4622 illo
698 4569 780 4636 igitur
792 4568 837 4622 die
850 4573 876 4622 et
896 4570 1028 4636 deinceps
1047 4571 1163 4635 pistores
1183 4571 1343 4638 magistrum
1356 4582 1440 4624 suum

207 4670 344 4724 iiusiciom
356 4682 469 4722 exosum
483 4668 562 4722 valde
576 4668 723 4721 habebant.
