3316 5482
225 360 291 426 384
564 374 689 427 cerna.
708 376 811 426 0000.
830 375 1005 427 naamon.
1024 376 1105 427 000.

324 552 386 628 770
405 551 537 632 Passio
555 559 779 631 sanctorum
811 552 1014 654 chrysanti
1033 562 1072 632 et
1090 553 1228 631 llariae
1253 554 1338 655 (101.
1361 555 1470 635 7050-

321 675 633 880 73ἓοξο20001000
664 823 732 880 000
763 804 895 904 potius
926 804 1050 883 illatio
1081 801 1203 881 sancti
1239 802 1465 911 Benedicti,

370 922 499 1025 pridie
517 947 640 1004 nonas
658 926 879 1006 decembris
897 927 974 1028 (101.
996 926 1217 1024 7080-7110).

254 1057 419 1122 Opuseulum
429 1056 561 1111 diederici
571 1059 708 1123 monachi,
719 1058 763 1111 ed.
775 1071 819 1126 ap.
829 1063 963 1114 loannem
975 1073 991 1113 a
1001 1063 1094 1126 80000,
1106 1057 1186 1113 Bibl.
1197 1058 1353 1128 10100100,
1364 1074 1393 1127 0.
1405 1063 1465 1114 sta

221 1155 263 1208 78.
277 1157 328 1208 Pro
340 1156 436 1209 ultima
457 1161 532 1222 parte
554 1170 613 1223 cap.
629 1160 659 1209 td
680 1159 743 1210 add.
757 1158 801 1211 ed.
818 1159 880 1213 Cot.
895 1161 1006 1228 Bracae,
1020 1164 1086 1213 tom.
1100 1161 1133 1225 ll,
1147 1173 1174 1226 p.
1188 1159 1294 1226 aas-oo,
1309 1172 1394 1213 num.
1410 1163 1420 1213 l
1441 1164 1467 1214 et

221 1255 356 1309 enarratio
377 1256 518 1323 cujusdam
540 1257 663 1309 miraculi
684 1258 758 1324 quod
780 1258 897 1311 multum
919 1260 1046 1313 convenit
1065 1271 1127 1312 cum
1148 1258 1284 1312 miraculo
1302 1259 1353 1312 ed.
1377 1258 1464 1325 ibid,

221 1369 248 1421 p.
262 1356 363 1421 78081,
377 1368 453 1409 num.
466 1358 492 1409 7.

318 1455 381 1533 710
398 1454 482 1532 Vita
513 1456 635 1534 sancti
666 1455 813 1534 Nicolai
842 1457 1017 1560 episcopi
1049 1467 1088 1537 et
1113 1457 1356 1537 confessoris
1374 1457 1460 1552 (fol.

366 1579 604 1680 000000.0

249 1712 357 1766 avulsis
368 1715 473 1780 aliquot
493 1714 575 1778 soliis,
589 1714 781 1768 desiderantur
800 1728 876 1770 num.
891 1717 985 1781 14183
999 1715 1027 1767 in
1040 1712 1095 1766 dne
1112 1712 1177 1767 add.
1189 1712 1313 1766 clausula
1326 1726 1362 1767 ac
1375 1714 1459 1767 mim·

217 1813 278 1866 cula
290 1813 334 1866 ed.
346 1813 440 1867 daal.
453 1815 545 1882 Boii,
558 1820 623 1866 tom.
638 1816 671 1880 11,
685 1830 711 1881 0.
728 1816 826 1868 tot-ao.

317 1912 380 1989 750
398 1912 613 1991 Translatio
632 1911 810 2012 ejusdem
827 1913 904 2014 (101.
924 1910 1140 2010 alar-ata).

248 2044 297 2099 dd.
310 2057 354 2113 ap.
367 2046 487 2113 Surium,
500 2047 533 2100 ad
547 2046 574 2100 d.
588 2046 650 2100 de8
669 2048 739 2100 llaii.
752 2047 822 2100 add.
835 2048 894 2113 (fol.
908 2047 977 2113 7770,
997 2047 1051 2100 001.
1065 2049 1076 2098 1
1097 2046 1170 2109 init.)
1182 2045 1226 2099 ed.
1252 2045 1316 2098 Cat.
1339 2044 1458 2111 Bruoa..

220 2150 286 2199 tom.
299 2146 321 2207 1,
340 2159 367 2211 p.
389 2146 491 2198 iii-26.
502 2144 585 2209 (Ibat
602 2145 757 2212 cotidie...)
768 2146 862 2211 011101.
873 2147 945 2212 222¹,
960 2145 1013 2200 col.
1024 2147 1040 2198 2
1053 2143 1138 2209 med.)
1148 2144 1192 2197 ed.
1203 2156 1288 2211 supra
1300 2157 1328 2209 p.
1339 2144 1457 2209 5355&

219 2242 329 2298 undem
343 2244 446 2312 aliquot
459 2245 587 2312 rhythmi.

316 2344 380 2421 760
398 2342 529 2422 Passio
548 2347 701 2421 sanctae
714 2342 888 2421 Valeriae
905 2340 1067 2442 virginis
1085 2340 1164 2437 (101.
1186 2338 1414 2443 77307750).

250 2475 283 2527 ut
294 2487 377 2541 supra
389 2475 417 2527 0
430 2474 489 2529 eoo.
504 2476 571 2527 aaoo
584 2475 651 2540 oq.
667 2476 690 2540 r,
705 2475 752 2540 a).

314 2574 377 2649 770
395 2572 577 2651 Miracula
597 2571 773 2673 ejusdem
792 2572 951 2673 virginis
969 2572 1048 2666 (iol.
1070 2568 1295 2672 77507750).

247 2707 300 2759 Seu
312 2707 401 2784 potius
413 2706 575 2759 miraculum
595 2719 691 2768 unum,
705 2705 778 2772 quod
797 2707 853 2772 jam
866 2704 1087 2772 compendiosius
1107 2705 1180 2757 inter
1191 2703 1245 2759 alia
1257 2704 1338 2770 plura
1352 2717 1452 2759 narra·

213 2809 271 2858 tum
292 2806 463 2872 repperimus
476 2806 504 2859 in
517 2805 579 2859 cod.
592 2807 689 2859 77880
708 2806 810 2867 (Attal.
823 2805 913 2872 aod,
934 2811 1001 2857 tom.
1015 2806 1081 2870 vill,
1100 2818 1128 2870 p.
1142 2805 1201 2868 778,
1215 2816 1293 2856 num.
1306 2803 1343 2868 7).
1356 2805 1399 2857 Ex
1417 2804 1453 2857 iis

212 2909 303 2959 autem
324 2919 395 2972 quae
416 2907 443 2958 in
465 2908 516 2960 000
537 2906 630 2960 codice
650 2907 716 2958 0805
737 2903 886 2958 narrationi
908 2903 1056 2969 praemissa
1080 2907 1107 2956 et
1125 2903 1271 2971 subjuncta
1292 2907 1369 2967 sunt,
1384 2904 1453 2957 satis

210 3006 353 3059 manifeste
365 3005 568 3058 demonstratur
578 3010 663 3058 totum
676 3004 870 3057 documentum
883 3005 1006 3070 ejusdem
1018 3004 1128 3072 generis
1140 3015 1200 3056 0000
1213 3016 1277 3055 cum
1289 3001 1350 3067 illo,
1365 3003 1448 3056 nimi·

207 3118 269 3158 rum
280 3106 383 3160 800000
400 3105 434 3157 in
445 3103 617 3172 festivitate
628 3106 757 3158 0000000
776 3104 927 3170 Valeriae,
941 3116 1011 3170 quac
1024 3105 1172 3170 quotannis
1189 3104 1218 3155 in
1231 3102 1357 3156 Prioratu
1370 3105 1451 3157 Cant·

209 3205 340 3259 00000ηεί
355 3203 500 3270 praecipua
513 3203 695 3256 sollemnitate
707 3202 840 3256 celebrari
853 3203 1005 3268 consuevit,
1016 3202 1219 3268 pronuntiatus.
1230 3201 1325 3268 ltaque
1337 3208 1364 3255 et
1378 3202 1450 3256 illud

210 3304 253 3357 hic
265 3305 395 3357 exhibere
408 3304 495 3355 visum
508 3308 557 3355 est.
571 3302 628 3354 vid.
641 3301 767 3368 Append.

306 3401 370 3478 780
388 3401 531 3502 [Passio
550 3411 705 3479 sanotae
720 3399 904 3500 Eulaliae]
925 3398 1005 3493 (iol.
1028 3398 1259 3500 77507770).

240 3534 290 3589 dd.
302 3548 345 3600 ap.
360 3535 462 3599 Floret,
475 3535 601 3600 1700000
611 3533 763 3599 Secundo,
778 3537 844 3586 tom.
858 3534 923 3597 ldll,
938 3546 965 3597 p.
979 3533 1100 3586 ota-too.

306 3631 370 3709 790
394 3630 537 3732 [Passio
567 3638 722 3708 sanctae
739 3627 890 3729 Luciae]
912 3628 1074 3729 virginis
1092 3637 1131 3707 et
1149 3626 1334 3730 martyris
1359 3627 1444 3728 (fol.

305 3753 655 3954 163ἰῖ00οἳ1ῗο8οζ0011
675 3876 847 3954 Thomae
865 3874 1032 3976 apostoli
1053 3873 1132 3970 (101.
1154 3872 1379 3974 77807331).

239 4007 288 4061 ed.
301 4012 368 4061 llas.
384 4009 587 4074 0000001010
604 4007 745 4076 Thomae,
760 4023 786 4074 0.
799 4010 904 4061 ati-lot.

305 4106 371 4183 810
386 4106 471 4183 Vita
489 4107 611 4184 sancti
632 4107 716 4184 Ursi
743 4105 823 4207 (fol.
846 4103 1068 4205 iaetu-datr).

238 4241 353 4293 Auctore
366 4240 495 4307 Gregorio
507 4241 668 4304 700000001,
682 4238 725 4291 ed.
738 4240 803 4292 Act.
817 4239 873 4306 Sd,
887 4237 963 4292 add.
976 4235 1086 4301 78101,
1101 4241 1166 4288 torn.
1180 4235 1222 4301 Vl,
1237 4249 1265 4301 p.
1279 4237 1385 4290 maai.

304 4338 653 4440 870[11(00000(00
672 4338 849 4438 Pelagine
868 4336 1003 4414 matris
1021 4334 1145 4413 sancti
1164 4332 1297 4412 Aredii
1321 4335 1446 4416 ahba-

353 4461 415 4562 oq
431 4460 511 4553 00.
534 4459 751 4560 aar-aaa).

238 4598 270 4648 Ut
282 4598 309 4649 iu
322 4596 382 4649 cod.
397 4596 461 4648 7677
474 4599 550 4661 (tom.
564 4596 585 4660 1,
599 4609 626 4662 p.
641 4597 698 4659 115,
714 4597 776 4659 170).
