3316 5482
220 322 289 388 610
540 335 666 387 carun.
689 336 791 387 cono.
811 335 985 387 nemean.
1004 336 1089 387 nur.

221 505 277 562 lloc
287 509 319 560 et
336 505 498 561 credentes
520 506 555 559 ir
574 519 646 560 mm
662 504 882 574 persequebar.
895 505 1050 572 Ipaorans
1065 517 1128 572 per
1148 504 1359 572 diffidentiam
1377 502 1437 573 feci.

220 607 310 660 Modo
323 608 429 659 autem
441 607 559 674 oportet
570 618 619 659 me
625 617 687 673 pro
700 604 766 672 ipso
773 604 856 673 pati,
868 607 906 657 ut
916 617 953 658 ea
971 603 1087 672 amaia,
1106 617 1188 671 quae
1200 605 1382 671 ipnoranter
1391 604 1438 670 epi,

220 704 384 772 indulpeat
394 703 483 758 milii.
504 707 617 758 Praeses
637 703 725 756 dixit:
750 703 878 764 Quando
890 701 996 771 sactus
1007 716 1040 758 es
1051 701 1250 757 christianus
1260 704 1273 757 t
1285 702 1438 770 Theophilus

221 803 363 871 respondit
375 820 382 855 ε
395 801 601 871 Manifestum
612 803 750 870 estquod
759 803 823 858 diis
836 815 933 870 usque
942 816 1027 857 nuuc
1039 802 1232 871 sacrificavi.
1243 803 1440 870 &epompio

219 916 307 957 scens
319 903 401 971 quod
412 902 460 956 dii
471 902 548 955 oaai
558 905 589 956 et
608 902 754 956 ludibriis
775 906 850 956 sunt
868 902 968 971 pleni,
982 902 1153 969 contempsi
1163 915 1215 956 eos
1229 905 1260 956 et
1277 902 1397 956 credi&
1410 901 1464 957 ini

220 1002 316 1056 Deum
328 1002 432 1056 uiuum
444 1001 690 1070 omnipotentem,
704 1001 838 1068 quivere
850 1002 965 1056 visitet
974 1001 1272 1070 morhtosoioificot,
1287 1005 1441 1071 manetque

220 1101 255 1154 ia
266 1102 394 1156 saecula
405 1102 613 1156 saeculorum.
627 1104 739 1155 Praeses
750 1101 819 1154 dixit
832 1117 839 1154 ε
852 1103 934 1169 Erpa
947 1101 996 1154 dii
1007 1100 1110 1155 nostri
1119 1114 1184 1156 uon
1195 1103 1273 1155 sunt
1283 1101 1334 1155 dii
1342 1103 1355 1156 t
1365 1104 1440 1156 Theo

222 1202 311 1270 philus
322 1203 464 1270 respondit
477 1219 484 1255 ε
502 1203 546 1256 Tu
565 1201 699 1269 stimuli,-
716 1202 792 1270 quia
810 1215 886 1256 uere
905 1214 969 1257 noa
988 1204 1063 1256 suut
1074 1200 1123 1255 dii
1134 1201 1199 1254 viui
1210 1214 1267 1256 uec
1279 1201 1441 1270 aliquando

219 1301 381 1357 rinmunt.
396 1301 585 1355 Praesesdlxlt
597 1315 605 1354 s
617 1301 710 1370 Erpo,
724 1304 760 1354 ut
774 1301 871 1367 uideo,
881 1301 1000 1370 infelix
1016 1299 1189 1369 Theophile,
1203 1302 1288 1354 mori
1300 1301 1441 1356 visseim

219 1401 341 1469 quodsi
351 1402 386 1454 ia
398 1401 459 1456 ista
479 1400 618 1455 stultitia
636 1401 899 1468 perseveraveris,
916 1399 1061 1468 primum
1078 1399 1210 1455 adtmeo
1232 1399 1291 1454 tihi
1312 1401 1441 1456 dioeces
1454 1400 1477 1452 lt

214 1513 344 1569 poenas,
357 1503 388 1554 et
398 1501 444 1555 sic
457 1503 486 1554 te
496 1500 668 1555 crudeliter
688 1500 890 1569 interficiam.
915 1500 1082 1567 Theophilus
1104 1500 1269 1568 respondit:
1291 1501 1355 1569 Epo
1368 1501 1441 1555 enim

215 1614 276 1668 pro
287 1603 393 1655 sancto
412 1601 538 1656 uomitu
556 1600 682 1656 Domita
701 1601 774 1655 lesu
799 1599 915 1655 Chresti
931 1600 1073 1655 desidem
1087 1600 1171 1654 mori
1190 1600 1341 1656 venans.
1354 1600 1442 1668 imple

219 1701 300 1768 quod
311 1699 459 1769 facturus
471 1714 513 1755 es.
1003 1707 1005 1711 ’

251 1799 283 1852 9.
297 1802 373 1854 Tunc
385 1812 496 1867 praeses
515 1800 602 1853 iratus
618 1799 700 1867 jussit
720 1812 784 1853 eum
805 1799 833 1852 in
851 1799 970 1866 equuleo
992 1798 1123 1866 suspendi
1140 1799 1442 1866 conspuendusque

219 1911 306 1966 usque
316 1898 351 1952 ad
361 1911 457 1952 necem
469 1901 653 1966 torqueretur,
667 1899 747 1951 itaut
766 1898 974 1952 circumstantes
984 1910 1089 1965 poenas
1101 1898 1160 1964 ejus
1173 1899 1378 1964 horrescerent,
1391 1910 1443 1951 cro·
1456 1894 1480 1947 ll

218 1997 376 2051 dellssimus
387 2011 497 2066 praeses
509 1997 645 2064 sapricius
658 2010 715 2050 non
727 1998 885 2052 satiabatur.
896 1999 1011 2051 Sanetus
1021 2002 1113 2051 autem
1124 1997 1298 2063 Theophilus
1308 2011 1358 2065 pro
1368 1996 1444 2051 nihilo

218 2097 279 2151 illas
291 2109 394 2164 poenas
405 2097 532 2164 ducebat,
555 2097 591 2149 ita
611 2103 642 2150 ut
662 2109 714 2149 nec
731 2095 853 2149 sufflaret
864 2108 916 2150 nec
928 2096 1077 2162 suspiraret
1089 2107 1141 2148 nec
1152 2095 1290 2162 gemitum
1302 2094 1443 2159 emitteret,

83 2201 92 2220 ·
105 2198 170 2252 sic.⁴
223 2201 270 2250 aut
281 2199 328 2250 ut'
341 2197 369 2249 in
382 2196 452 2249 lecto
472 2195 642 2264 dignissimis
653 2195 781 2264 stragulis
794 2199 878 2249 strato
887 2196 1001 2261 jaceret.
1015 2195 1098 2262 lgitur
1115 2194 1271 2261 iniquitatis
1279 2194 1379 2263 judex,
1391 2208 1445 2249 cun

219 2295 323 2349 uideret
335 2309 397 2349 eum
410 2299 587 2348 excarnatum
599 2287 791 2349 et'exossalum
814 2307 874 2348 esse
895 2299 923 2347 et
942 2307 992 2360 pro
1005 2293 1091 2346 nihilo
1103 2292 1205 2347 ducere
1218 2298 1296 2346 tanta
1306 2300 1446 2359 tormenta,

219 2396 291 2448 hanc
302 2395 330 2447 in
343 2408 406 2448 eum
418 2393 465 2448 dat
476 2395 638 2448 sententiam
653 2411 660 2446 ι
679 2393 872 2462 Theophilus,
883 2393 1029 2461 quinario
1038 2405 1136 2460 usque
1144 2392 1208 2445 diis
1217 2391 1483 2448 inimortaliter„

219 2494 417 2562 sacrificavit
426 2496 456 2548 et
467 2493 673 2562 dipaissimus
683 2494 785 2548 cultor
795 2505 902 2548 eorum
909 2495 990 2558 erat,
998 2505 1084 2546 nunc
1092 2493 1200 2545 autem
1204 2494 1448 2559 praevaricator

219 2593 372 2659 iuventtis,
385 2606 405 2647 a
425 2593 488 2646 diis
506 2592 649 2647 discessit
667 2595 699 2646 et
720 2592 821 2647 aliam
842 2591 1074 2660 ineptissimam
1098 2590 1215 2646 Christi
1234 2594 1364 2661 sectum,
1383 2591 1448 2646 deos

218 2691 411 2746 imnwrtales
422 2694 627 2760 contemnens,
640 2691 864 2759 accepit,juheo
878 2694 916 2745 ut
925 2691 1028 2759 capite
1034 2691 1206 2757 plectatur.

252 2791 302 2844 10.
313 2793 428 2845 sanctus
439 2804 504 2846 vero
516 2804 547 2846 ac
559 2792 656 2845 heatus
668 2791 834 2858 Theophilus
846 2793 917 2843 hanc
930 2790 1094 2844 sententiam
1107 2803 1170 2843 cum
1183 2791 1350 2856 accepisset,
1363 2791 1448 2845 laetus

218 2890 396 2957 gaudensque
406 2891 441 2944 ad
453 2891 574 2957 martyrii
587 2903 717 2944 coronam
730 2890 867 2958 pergebat.
882 2893 914 2942 Et
925 2888 967 2942 sic
977 2888 1132 2942 decollatus
1144 2894 1186 2941 est
1197 2889 1297 2942 eadem
1311 2891 1381 2943 hora
1390 2904 1446 2943 san·
1460 2887 1484 2940 lt

57 3053 63 3065 ι
84 2988 93 3005 ·
109 2989 158 3040 uel
218 2995 278 3043 ctus
289 2991 456 3056 Theophilus
468 2995 588 3057 martyr,·
601 2992 647 3057 qui
660 2989 807 3043 undecima
819 2991 885 3043 hora
903 3003 1048 3056 percussus
1060 2989 1169 3041 inthera
1181 2989 1200 3054 '‚
1215 2991 1320 3042 meruit
1332 3004 1396 3043 curn
1409 2990 1448 3041 his

56 3052 185 3108 ’ΜΘΝ
219 3089 265 3154 qui
278 3101 292 3140 a
306 3089 393 3155 prima
406 3091 471 3143 hora
491 3103 579 3156 usque
592 3089 765 3142 undecimam
788 3090 816 3141 in
837 3089 951 3141 ecclesia
975 3088 1169 3141 laboraverunt
1186 3089 1336 3154 aequalem
1351 3102 1446 3143 merce

215 3190 279 3242 dem
292 3190 425 3256 reslpere,
447 3191 499 3242 hoc
520 3195 560 3242 est
582 3190 701 3257 martyrii
723 3189 865 3256 aequalem
888 3189 1015 3254 palmam,
1039 3193 1149 3254 propter
1171 3202 1235 3241 eum
1256 3190 1305 3255 qul
1319 3189 1447 3256 glorificat

216 3295 325 3342 sanctos
337 3302 411 3350 suos,
424 3290 468 3341 eui
481 3295 523 3341 est
534 3289 619 3355 gloria
631 3290 660 3341 in
673 3289 780 3342 saecula
793 3288 975 3341 saeculorum.
988 3295 1083 3341 nmen.

215 3388 357 3453 Explicit
369 3387 478 3453 passio
491 3391 626 3442 sanctae
638 3389 817 3441 Dorotheus
828 3387 968 3452 virginis
984 3385 1233 3439 sacratissimae
1244 3390 1281 3439 et
1291 3386 1447 3453 martyria
1460 3387 1484 3437 il

754 3486 903 3540 feliciter.

685 3669 973 3684 —

682 3693 980 3714 —

422 3928 561 4017 DXVI.
585 3927 711 4016 (lodex
731 3928 921 4040 signatus
943 3952 1057 4015 num.
1086 3927 1241 4015 10863.

254 4159 321 4210 Olim
335 4157 461 4211 eoenohii
476 4174 486 4206 l
503 4157 678 4210 luxoviensis
692 4174 702 4206 u
717 4157 773 4223 (lol.
789 4155 832 4223 li),
846 4156 947 4210 deinde
965 4157 1059 4223 Suppl.
1076 4157 1122 4210 lat.
1139 4159 1213 4211 llis.

255 4258 391 4310 Foliorum
403 4259 444 4324 99,
460 4256 527 4308 min.
540 4257 743 4322 (0¹¹¹,il><0,ll)‚
759 4257 840 4309 lineis
851 4256 949 4323 plenis,
962 4261 1089 4309 exaratus
1102 4270 1173 4309 saec.
1189 4258 1234 4309 lx.
1285 4330 1291 4340 η

322 4357 359 4432 10
376 4355 471 4456 [Vita
491 4355 612 4433 sanai
631 4355 845 4455 sugnens]
858 4355 934 4452 tthl.
955 4355 1147 4452 alr-saur

254 4491 371 4540 Auctore
384 4487 516 4541 Possidio.
530 4486 611 4540 Foliis
623 4487 731 4552 excisis,
742 4487 871 4553 acephala
892 4487 969 4540 inc...
983 4486 1057 4540 hant
1079 4487 1217 4554 ipsisque
1242 4488 1449 4543 sacerdotibus

221 4586 417 4642 catholicis...
430 4590 518 4652 (num.
531 4588 564 4639 ao
577 4600 603 4652 p.
617 4588 676 4650 m.).
