3316 5482
448 399 544 450 ster..
563 399 647 451 usu.
666 400 785 451 euers.
804 417 849 431 -
865 399 1017 451 urruns.
1038 399 1084 449 no
1101 399 1179 450 ooo.
1199 397 1276 450 sart.
1411 387 1478 454 453

239 573 368 639 spiceret,
390 571 504 624 comites
525 570 667 637 appellans
688 569 763 623 abiit.
785 571 818 622 ilt
837 582 893 622 non
918 570 1035 622 multum
1056 582 1071 621 a
1093 569 1173 636 longe
1194 573 1282 634 erant,
1305 568 1389 638 [cum]
1411 583 1476 624 eoce

240 675 389 738 tempestas
410 668 499 722 valida
516 672 575 721 orta
599 672 640 721 est
660 674 800 735 tamquam
830 667 938 721 flamma
960 667 1029 734 ignis
1049 666 1176 734 ¹arctentis
1197 671 1224 719 et
1246 667 1300 720 illis
1321 667 1476 722 videntibus

241 771 356 824 arbores
374 781 504 822 unacum
519 767 734 835 flagitiosissimis
747 767 801 819 illis
812 767 957 834 oppressit.

274 868 439 922 astionem
449 873 540 921 autem
548 872 671 933 ternpore
679 867 708 919 in
718 865 857 933 quandam
866 866 1016 919 solitariam
1026 866 1232 932 silvestremque
1240 865 1311 919 viam
1319 858 1478 935 venientes,

202 971 221 1023 5
238 967 286 1020 ubi
300 978 392 1034 neque
405 966 483 1033 panis
496 979 586 1032 neque
598 965 673 1019 aliud
685 965 719 1018 ad
732 965 833 1018 victum
846 967 988 1032 pertinens
1011 965 1212 1030 inveniebatur,
1234 966 1358 1029 comites,
1377 967 1475 1020 ardore

238 1065 344 1131 iniecti,
359 1066 563 1119 sanctissimum
575 1066 664 1118 virum
677 1063 875 1134 [interpellare]
887 1070 1048 1133 coeperunt,
1074 1064 1206 1132 quidnam
1228 1065 1279 1118 lroc
1300 1070 1373 1118 esset
1390 1067 1473 1135 quod,

239 1181 303 1222 cum
316 1166 669 1233 sanctissimusappareret‚
691 1164 761 1218 nihil
784 1166 824 1219 eis
848 1166 877 1217 in
898 1171 973 1218 tanta
997 1164 1145 1218 solitudine
1166 1165 1318 1232 comperire
1339 1164 1473 1232 quiverat.

238 1267 382 1334 Philippus
393 1279 468 1332 vero,
481 1266 606 1320 tunditus
617 1267 744 1320 lacrimas
756 1267 896 1331 emittens,
912 1267 1057 1320 bominum
1069 1267 1198 1320 exorabat
1211 1282 1218 1318 ε
1242 1265 1372 1320 Domim
1382 1266 1472 1333 Deus,

189 1399 191 1402 <
237 1367 337 1420 Pater
348 1366 549 1433 ommipotens,
560 1378 613 1434 ego
626 1368 655 1419 te
666 1366 702 1418 in
713 1366 832 1433 spirita
843 1369 873 1420 et
886 1367 1018 1421 veritate
1029 1367 1135 1434 adoro,
1150 1368 1178 1419 te
1189 1365 1342 1434 glorifico,
1366 1368 1397 1420 te
1408 1379 1474 1419 ma·

185 1469 219 1520 ld
236 1465 365 1534 pacifico,
373 1468 401 1519 te
415 1465 511 1520 laudo
522 1467 553 1519 et
563 1465 621 1519 tibi
629 1465 755 1534 pretias
768 1478 828 1533 apo
840 1467 878 1520 de
888 1478 922 1520 eo
935 1470 944 1487 '
956 1465 1059 1534 qao[d]
1071 1465 1232 1519 redemisti
1240 1479 1289 1519 me
1299 1468 1349 1519 tao
1356 1465 1472 1533 pretio·
1512 1481 1577 1546 *gde
1588 1485 1632 1546 ρο)

236 1565 365 1619 sissimo
382 1564 546 1632 sanguine,
569 1567 654 1632 teque
675 1565 839 1619 bamititer
859 1578 974 1632 quaeso
993 1566 1167 1620 orationem
1187 1578 1289 1619 meam
1304 1565 1470 1619 eccaadias.
1499 1549 1564 1602 ⁶⁰⁶¹·
1577 1547 1639 1604 ⁶0⁰·

236 1664 324 1719 Sicut
336 1665 370 1718 in
381 1664 501 1720 deserto
515 1666 559 1719 tot
568 1664 672 1718 miliia
691 1663 852 1719 bominum
872 1666 1030 1719 saturasti
1042 1707 1049 1734 ,
1063 1665 1105 1718 aa
1125 1664 1233 1733 servis,
1252 1664 1308 1731 qai
1318 1667 1393 1718 tuac
1404 1665 1472 1719 dat·

237 1765 496 1820 massmannum
508 1765 701 1831 recrescunt,
714 1767 824 1819 araon
838 1737 1021 1832 pereanem
1040 1765 1170 1819 aeserta.
1193 1764 1339 1833 caetea,
1352 1765 1470 1833 optem

236 1865 291 1934 fiii
301 1865 434 1934 Mariae,
448 1865 597 1919 miserere
609 1864 706 1919 nobis.
719 1868 750 1919 ut
763 1867 854 1919 statim
864 1867 988 1931 comites,
1002 1879 1093 1933 neque
1105 1866 1230 1919 absoluta
1243 1865 1378 1930 oratione,
1392 1870 1469 1933 tugu-

185 1965 310 2021 iscium
331 1963 461 2031 quiddam
482 1965 573 2018 intuiti
593 1970 667 2029 sunt,
680 1978 736 2032 quo
757 1966 869 2019 bubulci
892 1970 1023 2032 utuntur3
1046 1966 1079 2018 ad
1101 1965 1173 2032 quod
1196 1968 1385 2032 properantes,
1406 1977 1469 2018 cum

236 2076 340 2116 manua
351 2077 476 2117 mensam
489 2064 663 2117 invenerunt.
676 2064 750 2117 Adeo
763 2078 778 2117 a
799 2065 871 2117 lame
891 2065 991 2132 sitique
1012 2065 1184 2132 angebantur
1202 2064 1277 2131 quod
1289 2064 1393 2117 socium
1411 2076 1469 2117 non

236 2174 351 2214 manere
360 2161 546 2214 meminerint.
556 2161 679 2215 Perfecta
691 2161 782 2229 itaque
795 2162 918 2216 oratione
930 2163 1070 2229 Philippus
1083 2177 1112 2216 se
1124 2163 1153 2215 in
1163 2163 1246 2229 pedes
1263 2163 1371 2230 erigens
1383 2162 1468 2215 nemi·

236 2272 301 2313 nem
315 2260 381 2312 vidit
393 2259 448 2312 nisi
461 2273 524 2313 eum
537 2272 619 2327 quem
632 2273 714 2327 supra
727 2260 848 2313 diximus
860 2259 951 2314 locum
962 2278 970 2326 ;
984 2261 1027 2313 cul
1048 2260 1212 2328 adhaerens,
1225 2261 1340 2314 comites
1353 2261 1468 2315 edentes

236 2360 459 2427 inveniensque
482 2358 550 2414 adeo
569 2367 600 2414 ut
621 2360 783 2414 mirabiliter
803 2360 895 2413 divina
915 2362 961 2416 bei
984 2360 1155 2427 providentia
1175 2363 1346 2428 gubernante
1366 2362 1468 2429 optime

185 2465 217 2517 20
234 2461 330 2516 reiecti
341 2468 419 2526 sunt,
431 2474 463 2516 ac
475 2461 647 2516 Germaniam
660 2462 797 2515 abierunt.

268 2561 323 2614 27.
338 2563 404 2614 curn
417 2566 508 2615 autem
519 2562 561 2614 vir
572 2561 618 2614 bei
632 2575 664 2614 ex
683 2560 824 2614 Pannonia
844 2558 956 2626 rediret,
969 2573 1034 2613 tnox
1056 2559 1204 2614 tudertum
1224 2561 1311 2628 petiit,
1324 2563 1367 2616 cni
1381 2563 1465 2616 extol·

233 2661 308 2715 leodi
331 2663 504 2730 augendique
527 2675 609 2715 eausa
639 2661 789 2730 adplicuit;
817 2674 907 2729 neque
934 2661 1050 2715 multum
1077 2662 1203 2729 distabat,
1233 2678 1296 2717 cum
1318 2665 1464 2717 universus

232 2761 399 2814 'tudertinus
410 2761 529 2828 populus
542 2762 566 2814 ei
579 2761 619 2814 ire
630 2762 739 2815 obviam
752 2761 906 2814 festinabat.
920 2763 1005 2826 Quem
1016 2765 1047 2815 ut
1058 2761 1135 2826 vidit,
1149 2763 1245 2816 mundi
1259 2763 1340 2830 hujus
1352 2762 1461 2816 laudern

232 2866 315 2927 atque
326 2861 440 2929 gloriam
454 2862 570 2930 lugiens,
583 2861 636 2914 alio
649 2862 701 2914 iter
713 2876 792 2915 suurn
805 2861 914 2915 direxit.
928 2864 960 2914 nt
971 2868 1116 2929 postquam
1128 2867 1205 2915 trans
1216 2863 1337 2916 Tiberim
1349 2863 1390 2930 iit,
1400 2864 1465 2918 bina

185 2962 214 3014 ti
230 2962 414 3013 occurrerunt
426 2961 452 3013 ei
464 2966 563 3014 scorta.
577 2963 650 3025 Quae
662 2974 692 3014 ea
705 2961 817 3015 caritate
827 2962 962 3015 allocutus
974 2968 1024 3027 est,
1037 2967 1067 3014 ut
1079 2976 1126 3015 eas
1135 2961 1168 3014 ad
1179 2963 1374 3030 paenitentiam
1388 2978 1466 3019 revo-

232 3060 355 3113 caverit:
377 3059 566 3114 Misereatar
586 3061 682 3113 vestri
701 3061 892 3128 omnipotens
916 3061 947 3114 et
968 3061 1147 3115 misericors
1169 3063 1252 3116 Deas
1271 3064 1303 3115 et
1326 3063 1465 3118 dimittat

231 3159 316 3213 vobis
328 3161 434 3214 omnia
442 3163 573 3228 peccata
592 3163 783 3227 oestra;oro
801 3175 863 3227 uos,
882 3163 980 3229 inquit,
1003 3164 1040 3214 at
1058 3163 1154 3215 Deam
1177 3162 1213 3214 irc
1219 3164 1346 3230 pectore
1365 3164 1463 3219 sitam

231 3257 382 3314 babeatis.
395 3261 518 3315 derceto
533 3264 637 3314 autem
650 3262 709 3315 Deo
721 3261 907 3329 coelestique
915 3261 1070 3327 doctrino,
1081 3261 1187 3316 omnia
1199 3261 1357 3316 erroribus
1364 3265 1464 3332 pieria

231 3361 316 3413 sant.
332 3360 410 3419 Quid
422 3373 494 3429 erpo
506 3360 556 3414 tiis
568 3362 654 3414 vitiis
666 3360 800 3429 focatius,
814 3364 849 3415 at
868 3362 992 3415 Valerio
999 3363 1116 3428 piacet,
1129 3362 1207 3428 qaia
1218 3362 1313 3416 etiam
1335 3363 1461 3418 damno·

185 3461 212 3511 50
228 3459 307 3525 sias,
328 3459 439 3526 quibas
462 3461 563 3514 virtus
583 3462 743 3526 atteritur,
765 3460 916 3515 victoriae
938 3463 1153 3529 languescant,
1176 3462 1280 3529 sopita
1299 3463 1405 3529 glorio
1428 3465 1463 3518 in

231 3555 401 3624 infamiam
421 3559 624 3622 convertitur,
645 3560 722 3613 adeo
744 3562 777 3612 ut
796 3560 919 3614 nescias
940 3560 978 3612 ab
997 3560 1105 3613 illisne
1124 3573 1166 3612 an
1179 3560 1217 3613 ab
1235 3559 1372 3615 hostibus
1391 3563 1465 3630 capi

225 3656 440 3725 perniciosius
463 3658 507 3711 sit
518 3657 693 3712 babendum
703 3660 715 3712 t
727 3659 854 3712 liulieres
866 3672 931 3713 vero
943 3673 1005 3712 cum
1026 3661 1092 3712 haec
1104 3660 1253 3725 audissent,
1266 3666 1375 3727 peccata
1386 3661 1463 3716 dese·

230 3769 293 3809 rere
304 3760 332 3808 et
343 3768 359 3807 a
371 3756 496 3822 lupanari
509 3755 651 3810 discedere
663 3770 839 3824 nequaquam
852 3771 932 3825 posse
952 3760 1122 3818 asserebant.
1144 3759 1256 3826 quando
1274 3759 1348 3813 unde
1361 3761 1462 3814 victum

234 3856 374 3909 traherent
395 3853 510 3909 minime
529 3856 710 3922 possiderent.
728 3859 831 3921 Quibus
845 3858 985 3925 Philippus
998 3859 1036 3911 sic
1049 3859 1107 3911 ait:
1126 3858 1224 3913 Uirum
1244 3872 1284 3913 em
1305 3859 1387 3914 vobis
1404 3861 1464 3914 oir-

185 3961 213 4012 te
227 3955 313 4025 pinis
325 3956 447 4010 Mariae
458 3969 555 4011 caasa
567 3956 738 4024 impetrare
750 3959 857 4014 animo
869 3963 924 4026 est,
938 3961 973 4013 at
985 3961 1046 4013 tres
1059 3959 1125 4013 dies
1144 3973 1208 4014 non
1222 3961 1366 4027 peccetis.
1390 3962 1463 4025 Quae
1552 3987 1553 3993 .

230 4057 278 4111 ubi
292 4056 415 4110 consiliis
427 4059 571 4110 sanctivirl
586 4062 745 4124 paruerunt,
764 4059 798 4113 ab
819 4062 872 4113 beo
891 4059 1005 4127 gratiam
1027 4059 1151 4126 accipere
1171 4064 1343 4114 meruerunt.
1367 4062 1462 4129 ltaque

230 4156 361 4210 derelicta
375 4158 466 4224 priore
477 4159 586 4211 vivendi
598 4159 650 4223 via,
664 4158 746 4212 vitam
760 4159 964 4226 pudicissimam
976 4164 1177 4227 transegerunt.

264 4253 320 4308 28.
333 4256 431 4308 verum
444 4256 594 4323 Philippus,
607 4270 689 4322 quem
711 4257 739 4308 ln
763 4257 854 4310 animo
875 4261 1048 4324 conceperat,
1074 4258 1107 4310 ad
1127 4258 1217 4311 locum
1238 4259 1313 4313 abiit.
1326 4260 1375 4323 Qui
1394 4259 1460 4313 dum

230 4353 404 4422 quadrivium
417 4355 556 4423 ingressus
572 4361 652 4424 esset,
667 4357 771 4409 civibus
792 4358 926 4410 olivarum
949 4357 1066 4423 palmam
1090 4357 1240 4411 terentibus
1261 4360 1459 4424 circumseptus

185 4460 211 4511 to
228 4461 279 4520 est,
294 4455 476 4510 Bertedietas
488 4457 542 4522 qai
554 4457 637 4509 vertit
652 4458 685 4509 irc
696 4458 821 4511 nornine
834 4457 959 4511 Domini
970 4450 1161 4523 cantantibus3
1176 4458 1271 4525 sicque
1292 4472 1388 4512 ornnes
1402 4472 1459 4512 uno

228 4568 278 4608 ore
290 4555 378 4622 ipsum
393 4555 505 4608 laudare
517 4555 730 4622 praedicareque
743 4558 880 4623 acciperes
894 4572 900 4608 :
917 4557 992 4610 Eece
1003 4555 1053 4609 vir
1062 4557 1126 4623 Dei,
1140 4557 1237 4611 toti-as
1254 4557 1336 4610 ordis
1348 4558 1459 4611 claris-

227 4652 448 4719 simamjabar
461 4657 553 4723 atque
573 4655 685 4722 satas;
705 4668 773 4709 ecce
792 4653 981 4723 afflictorum
1002 4654 1264 4723 infirmorumque
1283 4656 1406 4710 sanitas
1423 4670 1460 4711 ac
