3316 5482
332 345 424 395 eran.
443 346 527 398 uir.
547 346 662 398 rarus.
682 367 728 379 -
742 349 896 400 urrann.
915 347 962 398 ao
980 345 1057 396 con.
1076 339 1151 392 sata.
1296 324 1363 390 229

219 517 431 586 Tnausuarro
450 518 485 586 S.
504 520 708 588 Parnmanrr
725 542 768 589 ur
784 540 995 588 uniusnnrro
1013 518 1047 587 S.
1069 519 1259 583 Vinearum

501 626 582 712 (Gir.
601 647 712 716 supra,
732 651 764 716 p.
783 631 862 708 225,
885 630 989 712 117⁰).

177 816 301 893 incipit
314 818 509 882 mantio
517 817 642 881 ,sancii
655 819 843 881 Valeriani
856 816 1110 893 pretiosissimi
1130 814 1319 888 martyris.

167 1013 191 1063 1.
203 1009 262 1079 [libr
273 1016 397 1078 tempore
407 1025 462 1080 quo
471 1012 618 1067 christiana
630 1013 726 1082 religio
738 1014 869 1067 catholica
880 1013 1057 1067 veneratione
1067 1012 1216 1066 crescentis
1226 1009 1365 1065 Ecclesiae

10 1178 14 1195 Ι
103 1111 119 1164 5
135 1110 283 1178 temporale
295 1112 412 1178 sumpsit
423 1112 578 1188 exordium,
588 1113 648 1167 dira
660 1114 754 1167 feritas
766 1126 912 1181 pravorum
934 1113 1076 1167 bominum
1098 1124 1162 1180 erga
1178 1124 1239 1164 eam
1258 1110 1362 1163 saerire

10 1200 14 1207 ’
127 1223 185 1264 non
196 1215 305 1276 cessat;
319 1210 367 1264 sed
385 1210 461 1265 enirn
473 1212 559 1266 multo
576 1213 660 1282 magis
672 1226 733 1267 eam
747 1218 902 1267 terratenus
915 1226 997 1280 prava
1018 1212 1195 1266 meditatione
1207 1211 1363 1277 opprimere

125 1310 249 1364 malivoli
262 1311 353 1364 conati
366 1316 439 1365 sunt
447 1315 533 1367 Tanto
543 1314 629 1382 magis
637 1315 845 1380 autem,spretis
859 1312 935 1366 falsis
947 1312 1042 1366 mundi
1050 1312 1156 1380 gaudiis
1169 1324 1201 1364 ac
1210 1308 1362 1376 opitulante

122 1408 243 1478 quidem
254 1423 374 1476 superna
386 1413 482 1479 gratia,
494 1413 537 1466 sui
549 1411 677 1467 ed'eotum
698 1413 827 1467 desiderii
849 1410 973 1466 diffusius
993 1411 1113 1477 accepit3
1136 1415 1163 1464 et
1183 1410 1247 1476 quia
1271 1407 1362 1461 llrma·

122 1514 253 1563 mentum
264 1522 346 1577 supra
359 1509 465 1563 tirmam
478 1513 555 1578 ponit
566 1516 681 1579 petram,
692 1511 811 1579 ideoque
823 1509 959 1578 intrepida
972 1522 1148 1577 permanens,
1170 1521 1255 1563 ranas
1273 1507 1360 1575 parri·

66 1610 103 1663 io
122 1608 579 1676 perdominasluremisaurae.
1416 1612 1504 1667 ⁰c0d.
1530 1680 1535 1690 Ι

160 1707 193 1760 2.
207 1707 292 1776 lgitur
302 1708 399 1761 beatus
411 1709 534 1775 Fotinus,
546 1710 588 1763 rir
600 1709 712 1764 illustris
725 1710 789 1777 tide,
801 1724 857 1765 una
871 1724 934 1764 cum
945 1710 1026 1763 beato
1037 1709 1179 1763 valeriano
1200 1713 1281 1775 atque
1293 1709 1360 1760 ilar·
1369 1679 1558 1747 pampendn·

119 1806 209 1874 cello,
222 1811 264 1860 est
282 1806 375 1862 divina
395 1814 505 1862 secutus
525 1815 670 1877 praccepta
691 1811 865 1879 evangelicae
886 1810 1037 1875 doctrinae,
1057 1822 1111 1876 qna
1132 1807 1363 1862 dieitur21tet'rt

118 1904 230 1960 orbem
242 1906 435 1976 univercum,
437 1908 625 1976 praedicate
633 1909 829 1976 evortgeticm
839 1908 926 1963 omni
934 1910 1110 1974 creaturae,
1121 1912 1148 1961 et
1156 1912 1258 1974 cetera3
1272 1906 1362 1960 etalio

121 2006 158 2059 in
170 2006 231 2060 loco
243 2006 342 2074 legitur
356 2023 361 2060 :
378 2009 495 2077 clama,
508 2022 667 2078 necesses,
680 2010 774 2078 quasi
786 2009 860 2063 tuda
873 2010 983 2063 exarte
995 2020 1096 2077 vocem
1110 2010 1207 2076 tuam,
1221 2012 1248 2060 et
1260 2012 1361 2060 cetera.

58 2108 99 2161 15
119 2105 173 2159 liis
184 2118 251 2174 ergo
269 2107 355 2160 fretus
368 2109 500 2176 exemplis
512 2110 667 2177 ceterisque
678 2123 760 2177 quam
773 2110 908 2177 plurimis,
922 2122 984 2163 curn
995 2121 1072 2161 sacro
1082 2107 1263 2162 contubernio
1276 2107 1362 2160 Trini-

115 2205 186 2259 tatis
198 2212 308 2260 sanctae
322 2205 375 2262 tide
387 2214 493 2263 armato
505 2209 650 2278 crucisque
662 2209 802 2278 signaculo
818 2208 945 2263 roborato
966 2208 1102 2275 arripiens
1124 2208 1185 2274 iter,
1200 2208 1281 2273 hujus
1299 2220 1360 2260 sen-

118 2304 229 2359 tentiae
242 2306 270 2358 in
283 2306 396 2360 Galliam
408 2309 491 2372 simul
503 2309 618 2362 tetendit
630 2310 798 2376 propositum
811 2322 842 2362 ac
855 2322 920 2361 suae
941 2308 1068 2363 viationis
1088 2321 1222 2376 gressum.
1243 2307 1281 2360 lbi
1294 2318 1359 2360 rero

119 2401 218 2457 adbuc
229 2405 311 2459 stulta
322 2407 467 2475 gentilitas,
482 2408 590 2461 miseria
604 2409 645 2461 sui
658 2409 760 2463 erroris
769 2407 890 2475 inducta,
903 2408 1062 2461 maximaex
1074 2411 1151 2474 parto
1160 2404 1275 2459 stolidae
1284 2418 1358 2465 crea·

120 2506 218 2570 turae,
230 2515 289 2558 non
301 2507 427 2575 creatori,
438 2507 539 2561 obnixe
550 2507 733 2561 deserviebat.

56 2605 101 2658 20
163 2601 195 2655 8.
217 2606 331 2659 Ventum
352 2607 452 2673 quippe
472 2612 514 2660 est
534 2607 707 2675 Lugdunum,
736 2607 782 2660 ubi
802 2606 868 2660 illud
891 2607 1102 2661 famosissimum
1124 2618 1238 2675 magnae
1260 2605 1362 2658 bianae

123 2702 271 2757 colebatur
292 2706 518 2773 templum,quod
539 2719 638 2775 magno
660 2707 763 2761 honore
781 2707 964 2761 venerabatur
985 2707 1019 2759 ab
1032 2707 1105 2759 illius
1126 2705 1178 2759 loci
1201 2705 1311 2771 populo.
1328 2706 1359 2757 ln

124 2803 232 2856 montis
253 2803 366 2871 quidem
389 2806 490 2860 vertice
510 2810 569 2860 erat
589 2807 681 2872 situm,
704 2806 828 2859 mirificis
843 2806 932 2860 modis
953 2812 1122 2874 congestum,
1145 2805 1359 2872 undiquesecus

123 2916 265 2970 apparens
277 2904 383 2970 ricinis,
395 2906 478 2958 eiiam
490 2907 598 2959 eminus
611 2906 691 2974 longe
712 2907 817 2973 positis.
832 2910 864 2960 Ut
875 2907 947 2959 lama
970 2910 1046 2959 vetus
1069 2905 1150 2973 volat,
1172 2904 1245 2956 illius
1265 2917 1353 2957 sacer·

123 3003 324 3071 detestempli,
337 3005 547 3073 pbilosopbia[el
560 3006 711 3070 studentes,
733 3014 811 3060 erant
827 3007 930 3060 artibus
952 3006 1047 3058 imbuti
1070 3004 1238 3069 liberalibus,
1259 3008 1353 3070 utpote

57 3106 102 3160 25
122 3103 238 3172 gentilis
250 3105 334 3157 moris
354 3111 699 3160 ceterorumcorrectores.
714 3108 807 3174 ltaque
820 3113 930 3159 sanctus
942 3106 1063 3169 ictinus,
1085 3119 1148 3159 cum
1168 3104 1266 3157 Christi
1281 3104 1360 3156 mili·¹

123 3203 204 3257 tibus
224 3205 381 3271 praeclaris,
398 3205 470 3259 beati
483 3206 577 3259 lumen
590 3207 722 3275 evangelii
743 3205 915 3260 confidenter
936 3211 963 3260 et
984 3205 1136 3272 intrepidus
1147 3217 1240 3259 coram
1260 3204 1354 3270 populi

122 3303 305 3358 multitudiue
314 3304 446 3358 instanter
454 3305 752 3372 declarat,praedicans
761 3307 926 3372 baptismum
936 3306 1120 3372 paenitentiae
1128 3306 1156 3357 in
1167 3303 1356 3358 remissionem

121 3408 310 3472 peccatorum.
324 3405 448 3458 Proiecto
469 3418 547 3458 sacro
569 3406 644 3459 verbi
663 3406 768 3459 semine
789 3407 835 3459 bei
855 3419 887 3460 ac
908 3406 1011 3472 Spiritu
1032 3411 1126 3459 sancto
1146 3405 1237 3458 sulcos
1258 3407 1352 3456 arante

120 3506 227 3559 mentis
249 3504 415 3572 purificatae,
438 3505 531 3572 plures
551 3504 608 3574 a[d]
629 3505 780 3559 catholicae
801 3505 863 3559 fidei
874 3506 977 3560 cultum
998 3519 1047 3572 per
1068 3519 1130 3559 cum
1152 3504 1245 3557 diuina
1265 3504 1352 3570 pietas

52 3612 99 3665 30
119 3605 339 3660 misericorditer
351 3604 486 3672 perduxit.
499 3608 557 3658 lam
570 3605 670 3659 deinde
683 3605 842 3674 idollorlum
855 3606 917 3660 iana
929 3607 986 3658 reri
999 3606 1117 3659 scientes
1129 3605 1351 3658 animadvertunt

120 3719 189 3761 esse
208 3704 383 3773 destruenda,
396 3706 485 3759 cultus
497 3719 585 3760 necne
596 3707 760 3760 daemonum
784 3706 885 3760 debere
897 3707 1043 3760 exanclari.
1056 3706 1189 3759 Nimirum
1211 3705 1258 3759 ubi
1280 3705 1353 3756 inex·

121 3803 292 3871 stinguibilis
315 3803 420 3870 lampas
442 3817 508 3858 suae
530 3802 622 3858 radios
643 3803 712 3857 lucis
732 3805 840 3869 emittit,
863 3803 901 3855 ibi
921 3804 1054 3857 immensa
1083 3803 1191 3856 claritas
1215 3803 1354 3856 lucescere

122 3916 241 3958 necesse
253 3910 294 3958 est
305 3923 313 3971 ;
326 3919 391 3958 nam
404 3905 533 3959 tenebras
545 3906 658 3972 expellit
670 3906 794 3970 latentes,
808 3909 892 3958 tetrae
905 3906 993 3958 noctis
1004 3904 1117 3958 insidias
1129 3904 1264 3971 patefacit.
1360 3948 1362 3952 .

161 4005 193 4056 4.
207 4004 231 4057 is
239 4017 304 4073 ergo
316 4004 412 4059 beatus
423 4006 534 4059 Folinus
546 4004 735 4073 Lugdunensis
753 4005 883 4058 ecclcsiae
901 4005 1015 4071 primus,
1037 4005 1072 4057 ob
1093 4005 1181 4058 meriti
1193 4004 1352 4073 dignitatern

54 4109 101 4162 35
121 4115 160 4158 ac
172 4105 247 4158 serbi
259 4103 344 4157 divini
357 4104 532 4171 affluentiam,
546 4105 617 4159 sacri
630 4104 734 4159 ordinis
746 4103 944 4171 pontificatum,
956 4103 1128 4158 ministrante
1138 4106 1254 4171 Spiritus
1265 4107 1351 4160 sancti

119 4203 221 4272 gratia,
234 4203 348 4271 adeptus
361 4209 412 4258 cst.
426 4206 547 4272 benique
559 4205 599 4258 rir
611 4206 706 4258 beatus
719 4205 877 4257 valerianus
889 4209 971 4271 atquo
988 4204 1141 4271 Marcellus,
1161 4207 1195 4259 ab
1216 4208 1352 4273 ergastulo

120 4303 239 4370 egressi,
252 4303 325 4356 clara
337 4303 504 4371 roccangeli
525 4304 681 4371 superiores
702 4304 804 4356 Galliae
826 4312 926 4370 partes,
947 4304 1020 4357 velut
1040 4304 1110 4356 duae
1131 4304 1260 4358 ardentes
1277 4307 1350 4359 coln-

119 4416 216 4467 mnae‚
227 4403 316 4456 securi
328 4414 361 4455 ac
373 4401 481 4456 solliciti
494 4403 616 4456 caelestis
629 4404 705 4471 regni
718 4404 814 4469 patria,
824 4401 985 4457 fiducialiter
994 4408 1098 4470 petunt.
1109 4406 1223 4456 Sanctus
1233 4418 1351 4472 namque

117 4502 266 4558 Marcellus
279 4502 446 4557 cabillonem
458 4503 551 4568 venit3
571 4503 662 4569 ibique
684 4504 712 4555 in
733 4516 799 4569 paco
820 4503 936 4569 quiescit
957 4504 984 4555 in
1006 4504 1122 4557 cbristo.
1144 4506 1240 4558 beatus
1261 4512 1350 4559 autem

50 4611 96 4665 40
119 4601 295 4667 Valerianus,
309 4600 401 4655 eundo
413 4601 519 4657 divinos
533 4603 694 4671 praedicans
707 4616 848 4657 sermones
857 4616 890 4657 ac
903 4605 986 4657 verba
998 4604 1044 4657 bei
1057 4603 1216 4670 dispensans
1229 4611 1350 4671 strenue,
