3316 5482
347 303 414 381 376
690 313 815 365 carru.
833 309 936 360 coon.
957 311 1130 362 unomen.
1150 311 1230 363 ona.

348 491 439 544 ctione
448 489 555 557 agitatio
565 485 755 554 impediretur,
767 484 835 538 nihil
845 483 1051 550 invenitttuae,
1059 497 1089 536 re
1099 489 1171 537 mota
1182 487 1209 536 et
1219 482 1257 536 rei
1268 482 1419 537 novitatem
1430 482 1583 552 admirans,

348 589 423 644 aliud
438 588 589 642 mirabilius
605 587 727 654 aspexit,
740 586 805 652 quia
817 583 937 638 berciolo
949 582 1080 636 divinitus
1092 583 1202 650 agitato,
1217 583 1370 636 infantulus
1382 597 1436 637 nec
1449 591 1520 638 tunc
1536 598 1584 638 nec

184 689 315 754 'propria
348 689 481 758 quamdiu
503 689 532 740 in
544 688 614 741 albis
635 687 695 753 lhit,
710 687 828 739 humana
851 682 1062 751 manu'agitari
1081 682 1300 751 indiguitvocati
1322 684 1355 737 ad
1377 690 1435 738 tam
1459 685 1584 740 mirabile

193 755 267 807 add·
282 758 305 807 ¹·
348 789 533 855 spectaculum
547 792 632 853 pater,
646 785 752 854 cognati
765 791 793 838 et
804 782 909 851 aflines,
923 782 1104 848 omnipotenti
1119 785 1173 836 beo
1189 783 1290 852 gratias
1307 789 1425 853 egeram
1436 790 1467 838 et
1481 784 1582 854 inpar-

346 889 402 943 vuli
423 887 554 941 miraculo
574 887 647 940 beati
663 885 742 948 ,senis
762 881 909 949 Pardulphi
926 882 1052 935 virtutem
1072 889 1252 950 agnoverunt.
1270 883 1405 937 Poenulus
1425 890 1534 952 autem,
1547 887 1614 938 neb

350 991 419 1044 forte
438 988 485 1042 diu
499 989 591 1041 vivens
610 986 802 1053 inquinaretur
822 983 954 1051 contagiis
974 988 1083 1036 actuum
1105 987 1288 1049 terrenorum,
1302 983 1331 1035 in
1351 983 1518 1039 innocentia
1534 1000 1585 1041 soa

195 1085 204 1104 ‘
267 1122 275 1136 .
348 1088 487 1156 ingressus
498 1093 539 1139 est
551 1086 559 1104 '
573 1084 601 1138 in
615 1083 783 1138 consortium
796 1083 895 1135 civium
909 1093 1100 1147 supernorum.
1114 1080 1242 1133 Lectulus
1255 1093 1320 1134 vero
1333 1081 1420 1148 iilius,
1433 1096 1521 1151 quern
1533 1099 1583 1153 pm

346 1186 535 1240 immobilitate
554 1198 603 1237 sua
619 1182 811 1237 admirandum
833 1180 970 1246 diximus,
992 1180 1188 1246 aparentibus
1212 1180 1247 1232 ob
1270 1178 1379 1236 dulcem
1401 1183 1513 1248 parvuli
1538 1187 1582 1238 sui

346 1286 506 1340 memoriam
518 1285 547 1337 in
558 1283 641 1338 domo
654 1296 750 1336 eorum
763 1286 804 1335 est
816 1285 974 1334 reverenter
985 1292 1145 1345 suspensus.
1157 1279 1205 1332 cui
1217 1279 1310 1334 divina
1328 1281 1451 1350 dignatio
1469 1287 1580 1340 laotmo

345 1388 476 1441 honorem
495 1384 618 1438 exhibuit
635 1388 674 1448 ut,
697 1394 766 1450 pago
788 1380 884 1433 eodem
905 1393 920 1432 a
941 1384 1022 1447 gente
1043 1381 1209 1433 Francorum
1229 1380 1422 1436 universaliter
1443 1394 1579 1455 cremato,
1599 1393 1628 1445 to

345 1485 443 1540 domus
455 1484 500 1537 illa
512 1482 706 1536 detrimentum
719 1479 839 1533 incendii
852 1491 887 1532 ne
900 1482 908 1500 ·
921 1478 954 1531 ad
968 1477 1105 1532 modicum
1119 1478 1229 1545 quidem
1242 1481 1406 1546 susceperit.

380 1587 430 1638 17.
442 1587 489 1637 De
499 1581 644 1636 mannito
655 1581 734 1646 ejus.
747 1607 778 1618 -
791 1578 930 1632 Gloriosus
942 1578 1023 1647 igitur
1043 1578 1185 1632 confessor
1205 1578 1312 1632 bomini
1323 1579 1509 1653 Pardulphus,
1520 1589 1577 1655 jam

345 1696 431 1751 paene
444 1681 643 1750 octogenarius,
657 1692 713 1732 non
734 1677 858 1732 cessabat
869 1676 969 1729 divinis
985 1676 1113 1743 operibus
1130 1676 1259 1729 ardenter
1278 1677 1380 1732 instare
1393 1686 1422 1734 et
1434 1682 1574 1754 spiritum,

344 1795 426 1850 quem
438 1779 561 1847 proxime
573 1791 588 1831 a
601 1789 684 1831 carne
696 1789 870 1844 egressurum
883 1775 1027 1841 sentiebat,
1045 1774 1226 1842 omnipotenti
1245 1777 1300 1829 lieo
1312 1775 1501 1836 devotissimis
1509 1798 1569 1851 pre·

344 1883 421 1936 cibus
434 1879 636 1934 commendare.
649 1879 699 1942 Qui
712 1877 807 1930 ultima
820 1875 977 1929 infirmitate
994 1881 1135 1942 correptus
1150 1879 1176 1929 et
1195 1888 1244 1942 per
1262 1881 1367 1944 septem
1380 1878 1442 1934 dies
1453 1885 1574 1950 graviter
1594 1891 1624 1942 tt

343 1982 468 2047 afflictus,
480 1978 524 2033 die
537 1978 673 2032 dominica
686 1976 827 2044 paululum
840 1975 1022 2042 obdormivit;
1035 1981 1063 2028 et
1075 1988 1139 2029 mox
1151 1977 1366 2044 expergelhctus,
1384 1982 1464 2047 quasi
1478 1995 1573 2038 vocem

343 2082 424 2136 tubae
437 2091 550 2147 magnae
563 2092 592 2131 se
604 2077 740 2131 audivisse
758 2075 887 2129 iratribus
905 2074 1034 2128 indicavit
1048 2092 1054 2126 :
1070 2074 1197 2129 videlicet
1207 2080 1237 2129 ut
1254 2076 1301 2143 qui
1315 2077 1350 2131 ad
1362 2078 1533 2136 laudandum
1547 2090 1574 2137 et

344 2178 556 2249 praedicandum
569 2190 670 2231 nomen
683 2175 791 2230 bomini
803 2176 881 2242 quasi
894 2176 959 2228 tuba
976 2187 1070 2229 vocem
1088 2189 1164 2229 suam
1178 2175 1345 2230 exaltaverat
1356 2182 1383 2231 et
1394 2178 1430 2232 ad
1443 2182 1572 2248 spiritale

343 2280 476 2348 praelium
489 2279 636 2332 multorum
648 2278 755 2329 animos
767 2276 935 2341 incitaverat,
948 2276 1007 2342 ipse
1020 2289 1068 2342 per
1080 2277 1173 2329 tubam
1185 2275 1220 2329 ad
1228 2276 1306 2330 illum
1315 2279 1467 2335 ascendere
1477 2295 1572 2337 mone

343 2385 418 2435 retur
430 2379 476 2446 qui
491 2392 506 2432 a
519 2378 651 2444 propbeta
665 2377 692 2429 in
702 2376 791 2442 jubilo
803 2380 830 2428 et
841 2388 908 2429 voce
920 2376 1002 2428 tubae
1015 2375 1050 2428 ad
1063 2381 1166 2443 patrem
1185 2377 1342 2432 ascendisse
1354 2379 1533 2447 describitur,
1546 2390 1572 2436 et
1588 2385 1619 2437 ao

341 2480 427 2534 victor
439 2483 579 2531 revertens
601 2475 634 2529 dc
654 2455 769 2542 praelio,
791 2475 825 2527 ab
847 2474 906 2540 ipso
921 2475 1059 2541 acciperet
1076 2487 1207 2528 coronam
1220 2475 1284 2530 olim
1298 2477 1350 2529 sibl
1363 2476 1393 2529 in
1404 2491 1489 2546 supra
1502 2479 1572 2536 dicta

343 2581 506 2635 revelatione
518 2578 691 2645 promissam.
703 2580 735 2630 Et
752 2583 782 2630 ut
794 2576 969 2629 manifestum
983 2575 1114 2629 indicium
1124 2575 1200 2630 daret
1212 2578 1371 2645 prophetiae
1382 2578 1511 2646 spiritum
1521 2581 1571 2634 sibi

342 2695 398 2736 non
410 2680 516 2745 deesse,
529 2691 592 2732 cum
613 2678 753 2745 presbyter
773 2675 895 2743 quidam,
917 2675 1058 2728 familiaris
1076 2678 1143 2744 ejus,
1162 2676 1263 2746 caligas
1282 2678 1369 2744 ipsius
1381 2679 1411 2732 in
1423 2679 1478 2734 alia
1490 2681 1571 2735 domo

341 2781 468 2836 cruribus
480 2779 536 2832 suis
548 2791 610 2831 cum
624 2789 746 2830 maerore
767 2780 794 2829 et
814 2777 887 2829 luctu
910 2781 1003 2842 aptare
1016 2782 1171 2843 conaretur,
1185 2782 1304 2843 sanctus,
1317 2780 1571 2847 praesumptionem

341 2881 527 2949 redarguens:
544 2877 618 2938 Quis
630 2878 686 2942 est,
708 2876 805 2943 inquit,
828 2875 883 2943 qui
903 2875 1015 2943 caligis
1035 2876 1112 2929 meis
1132 2889 1164 2929 se
1175 2878 1316 2932 calciare
1321 2880 1506 2946 praesumit
1519 2882 1532 2936 t
1543 2884 1574 2935 lo
1589 2883 1621 2935 stt

182 2981 190 2998 ⁹
202 2991 261 3034 om.
277 2983 303 3035 i.
344 2993 399 3048 quo
411 2979 497 3034 verbo
509 2990 538 3031 se
552 2976 711 3044 prophetiae
722 2976 820 3041 spiritu
832 2980 860 3027 et
871 2978 880 2994 '
891 2988 925 3028 ex
938 2980 1015 3041 parte
1027 2979 1128 3028 tactum
1141 2981 1169 3029 et
1181 2990 1215 3029 ex
1226 2982 1303 3043 parte
1316 2990 1374 3032 non
1386 2984 1491 3034 tactum
1503 2981 1573 3035 indi·

343 3081 413 3136 cavit
424 3100 431 3132 ι
443 3079 508 3132 dom
521 3083 547 3130 et
559 3076 652 3144 caligis
664 3075 721 3129 suis
732 3075 850 3142 aliquem
863 3075 971 3128 calciari
984 3076 1109 3143 cognovit
1120 3081 1249 3130 ettamen
1263 3091 1410 3145 personam
1421 3081 1574 3135 calciatoris

166 3179 174 3197 ·
188 3179 319 3232 asciverat
343 3179 484 3248 ignoravit.
497 3178 619 3241 comque
633 3174 739 3237 fratres,
752 3185 822 3239 quos
835 3173 863 3225 in
875 3173 980 3226 christo
993 3173 1185 3241 acquisierat',
1198 3180 1263 3229 ante
1276 3189 1339 3229 eom
1352 3176 1574 3233 lamentarentur

233 3247 259 3299 ²·
344 3286 371 3335 et
383 3293 411 3333 se
424 3277 560 3344 orphanos
575 3273 692 3340 relinqui
704 3273 837 3338 suspiriis
851 3273 1014 3340 singultibus
1032 3280 1059 3326 et
1076 3274 1227 3329 lacrimosis
1244 3276 1357 3330 vocibus
1374 3285 1571 3345 quererentur,

188 3379 242 3443 ⁹(e.
257 3377 295 3440 d.)
339 3382 406 3447 ipse,
419 3382 449 3431 ut
460 3377 598 3443 piissimus
611 3381 688 3441 pater
701 3386 795 3426 eorum
809 3372 914 3426 dolori·
927 3375 1107 3441 compatiens,
1126 3377 1314 3430 consolatoriis
1333 3389 1382 3431 eos
1394 3380 1571 3433 sermonibus
1589 3382 1620 3432 50

187 3443 214 3495 d·
230 3458 254 3496 ⁰·
269 3446 293 3495 Ξ·
341 3477 486 3542 relevabat,
500 3481 526 3529 et
538 3481 568 3529 ut
588 3474 768 3527 immortalem
790 3478 894 3539 patrem
917 3478 971 3526 toto
993 3475 1075 3527 corde
1097 3475 1240 3543 diligerent
1260 3481 1288 3529 et
1310 3477 1339 3528 in
1351 3489 1385 3530 eo
1398 3489 1478 3544 spem
1495 3492 1573 3532 suam

166 3575 176 3598 ·
188 3576 277 3628 sciens
288 3578 312 3628 ².
339 3583 473 3647 ponerent
485 3576 658 3639 admonebat,
672 3575 807 3627 scientes'
820 3588 971 3641 numquam
981 3576 1040 3641 ejus
1053 3575 1250 3643 gubernatione
1262 3576 1373 3630 destitui
1386 3590 1457 3644 quos
1471 3581 1575 3632 consti·

150 3675 284 3728 ‘etacict
296 3677 322 3729 2.
341 3680 443 3733 teritio
463 3678 598 3731 soliditate
618 3675 772 3729 dilectionis
793 3676 878 3742 ipsius
897 3675 1012 3728 institui.
1034 3679 1066 3728 ht
1087 3677 1141 3728 iilis
1158 3677 1306 3743 benignum
1326 3682 1453 3744 patrem'
1468 3693 1533 3732 vera
1548 3687 1575 3734 et

343 3780 433 3834 dulcia
445 3779 520 3845 loqui
532 3776 691 3842 scientibus,
705 3776 753 3828 sed
766 3788 831 3842 prae
844 3774 1031 3843 magnitudine
1042 3775 1367 3830 dolorisconsolationem
1381 3777 1506 3845 recipere
1516 3793 1573 3833 noo

168 3873 274 3926 'sancti
290 3877 312 3926 1.
340 3878 504 3942 valentibus,
518 3876 628 3929 sancta‘
641 3875 688 3927 illa
708 3874 809 3939 anima,
832 3875 940 3927 caelesti
961 3874 1057 3928 viatico
1078 3876 1192 3941 munita,
1210 3889 1293 3929 carne
1310 3876 1401 3930 soluta
1419 3883 1471 3931 est
1486 3880 1571 3946 cujus
1589 3881 1621 3932 35

340 3976 461 4031 discessu
472 3977 590 4043 cognito,
605 3974 694 4026 luctus
713 3973 848 4041 generalis
870 3974 990 4027 exoritur
1013 3990 1019 4026 :
1041 3974 1130 4026 omnis
1147 3979 1234 4040 aetas,
1247 3975 1336 4029 omnis
1346 3975 1475 4032 condicio
1488 3978 1573 4032 unius

341 4078 460 4132 hominis
482 4081 569 4129 morte
591 4087 622 4127 se
641 4072 791 4126 desolatam
815 4073 963 4126 miserabili
986 4073 1180 4129 lamentatione
1201 4077 1389 4143 conqueritur.
1411 4080 1465 4133 Sed
1488 4095 1571 4148 quem

341 4177 483 4229 hominum
496 4172 641 4227 multitudo
653 4172 722 4224 flens
734 4177 761 4225 et
773 4171 898 4238 hejulans
920 4172 948 4224 in
968 4177 1039 4225 terra
1053 4173 1206 4242 plangebat,
1222 4176 1466 4244 huncangelorum
1480 4180 1571 4233 multi·

340 4275 406 4329 tudo
417 4273 539 4342 gaudens
551 4277 578 4326 et
586 4271 708 4338 jubilans
720 4272 748 4324 in
770 4272 876 4325 caelum
894 4272 1054 4326 deducebat.
1077 4276 1197 4338 Quorum
1218 4275 1391 4329 dulcisonam
1404 4279 1569 4334 modulatio-

341 4388 403 4427 nem
416 4388 488 4427 unus
501 4387 532 4426 ex
544 4372 683 4437 discipulis
695 4373 764 4437 ejus,
787 4373 898 4425 nomino
919 4372 1100 4438 Tlvcodemus,
1123 4374 1247 4440 audiens,
1261 4376 1390 4429 velociter
1414 4382 1534 4433 accurrit
1546 4390 1572 4435 et
1590 4387 1621 4436 to

340 4474 415 4540 pium
429 4479 532 4540 patrem
542 4473 598 4538 jam
612 4471 769 4524 defunctum
794 4472 906 4524 invonit.
929 4475 1073 4538 Postquam
1086 4487 1150 4528 vero
1163 4480 1288 4527 sanctum
1299 4488 1401 4543 corpus
1414 4479 1573 4546 sepulturae

340 4586 402 4626 cum
414 4573 494 4640 digna
508 4571 685 4625 veneratione
701 4569 830 4624 traditum
849 4576 900 4637 est,
921 4571 1033 4638 quidam
1055 4586 1070 4626 a
1095 4572 1243 4627 daemonio
1264 4577 1573 4636 vexatusadturoolom
