3316 5482
224 355 290 423 458
568 369 694 435 earm.
714 368 817 421 eobo.
836 369 1011 421 unomen.
1030 368 1111 421 aar.

256 541 311 594 58.
326 544 470 595 Praeterea
482 540 522 594 uir
534 540 646 608 quidam
659 553 722 593 cum
733 540 762 592 in
783 553 892 593 carcere
913 540 943 592 in
963 539 1143 606 compedibus
1164 543 1249 599 esset.
1263 540 1324 593 viro
1337 539 1382 593 bei
1396 539 1442 592 itii

220 639 295 706 lippo
307 638 379 693 vovit
391 643 418 691 et
430 638 459 691 ln
471 642 552 692 nocte
564 638 635 704 apud
649 650 762 690 uxorem
774 650 803 690 se
816 649 832 690 a
844 637 1023 704 compedibus
1034 636 1190 690 absolutum
1202 636 1319 690 invenit.

253 738 307 791 54.
321 737 390 803 Quid
401 737 491 791 dicam
502 736 538 791 de
550 750 635 804 puero
648 737 777 804 quodam,
791 737 913 803 quicum
931 737 960 789 in
972 736 1079 791 foveam
1089 748 1177 803 aquae
1188 736 1303 802 plenam
1313 734 1444 790 cecidisset

219 841 346 904 essetque
361 841 485 902 necatus,
499 836 616 902 Philippi
629 835 734 888 meritis
745 836 866 888 animam
879 835 1046 900 resumpsit?

253 936 307 989 55.
321 938 423 988 Parens
434 947 499 989 vero
511 935 624 1002 quidam
636 948 698 988 cum
711 939 776 987 nato
785 934 897 989 unicum
912 939 1010 1003 agente
1023 934 1119 988 aetatis
1131 947 1237 988 annum
1249 933 1361 999 ludens,
1373 936 1467 1002 quent

219 1034 276 1089 suis
289 1035 416 1089 manibus
428 1047 499 1102 equo
518 1035 673 1101 imponens,
696 1035 764 1088 adeo
785 1039 926 1101 cumpost
946 1040 1021 1103 terge
1042 1033 1199 1102 respiceret,
1226 1034 1321 1087 intans
1340 1047 1445 1102 exeque

76 1144 86 1165 ·
156 1182 163 1197 ,
221 1145 351 1199 praeceps
363 1133 392 1184 in
404 1138 506 1184 terram
518 1131 623 1197 proruit
637 1133 656 1183 ·.
670 1131 719 1194 Qui
733 1131 779 1184 ubi
792 1135 880 1184 morte
902 1130 1032 1185 multatus
1052 1136 1103 1198 est,
1121 1132 1246 1198 ejusdem
1268 1132 1384 1200 Philippi
1395 1144 1444 1199 pre·

157 1211 163 1222 ⁸
178 1249 185 1264 ·
221 1232 300 1285 cibus
311 1231 431 1284 animam
445 1231 601 1297 resumpsit.

254 1332 309 1385 56.
322 1333 417 1398 Magna
429 1330 559 1383 nimirum
572 1334 637 1382 sunt
648 1330 714 1383 baec
724 1335 750 1383 et
769 1330 905 1383 admiratu
925 1329 1095 1397 dignissima.
1117 1329 1190 1383 Talis
1201 1335 1244 1383 est
1256 1330 1341 1397 igitur
1352 1330 1442 1399 Pbitip

220 1444 280 1498 pus,
293 1431 380 1497 utqui
393 1430 453 1496 ejus
465 1430 638 1482 sanctitatem
650 1430 733 1483 tuerit
744 1431 876 1496 imitatus,
890 1429 1031 1483 mirabiles
1040 1443 1073 1482 ex
1085 1442 1118 1483 ea
1131 1429 1239 1483 fructus
1258 1431 1372 1485 referat.
1390 1435 1448 1485 tiae·
1459 1432 1481 1483 tt

218 1531 277 1584 lum
288 1531 362 1584 enim
373 1530 462 1597 ipsum
475 1536 632 1583 sanctorum
645 1529 737 1584 devoti
758 1535 821 1583 ante
833 1530 904 1583 vitae
923 1543 989 1583 suae
1010 1531 1113 1583 exitum
1136 1530 1236 1584 mentis
1248 1532 1311 1586 acie
1321 1545 1445 1586 conscen-

219 1630 297 1684 dunt.
312 1630 369 1684 illic
381 1629 537 1684 caelestium
552 1643 644 1683 rerum
657 1630 883 1698 magnitudinem,
894 1631 950 1683 iilic
962 1630 1126 1684 immortalis
1135 1630 1182 1684 bei
1200 1632 1386 1698 majestatem,
1398 1632 1447 1685 illic

219 1730 357 1784 Trinitatis
382 1743 514 1784 arcanum
532 1729 714 1796 conspiciunt,
734 1730 790 1783 illic
810 1730 956 1797 spirituum
976 1730 1123 1784 beatorum
1144 1730 1245 1785 choros
1267 1732 1449 1796 admirantur,

219 1830 275 1884 illic
286 1829 492 1899 generationem
504 1835 643 1883 aeternam
656 1830 827 1897 prospiciunt
835 1833 918 1897 atque
929 1829 1086 1883 universam
1100 1830 1246 1885 caelestem
1257 1831 1376 1898 patriam
1384 1830 1451 1886 velm

219 1930 388 1996 provinciam
400 1928 538 1996 quandam
552 1942 601 1982 suo
614 1929 728 1983 arbitrio
741 1934 933 1997 pervagantur.
947 1929 1022 1982 Felix
1037 1931 1130 1997 itaque
1151 1943 1292 1998 superque
1309 1931 1375 1986 lellx
1391 1946 1449 1986 san·
1463 1932 1486 1983 ts

219 2034 324 2084 ctorum
335 2030 423 2083 turba.
431 2031 517 2082 immo
530 2030 621 2096 potius
634 2027 728 2083 inclita
740 2029 891 2096 sapientiae
900 2029 970 2096 laus,
979 2042 1049 2096 quae
1060 2029 1195 2083 humanas
1205 2034 1315 2084 mentes
1327 2030 1363 2086 ad
1375 2031 1450 2086 subii

219 2141 291 2181 mem
301 2128 347 2181 bei
360 2128 474 2194 patriam
488 2128 649 2181 intuendam
661 2128 763 2182 evehis.
775 2127 816 2180 nd
839 2131 922 2182 beum
945 2127 1057 2195 quidem
1078 2141 1176 2182 omnes
1189 2129 1333 2194 mortales,
1347 2131 1451 2198 quando

219 2228 380 2295 praesertim
399 2227 533 2295 gloriosos
553 2228 660 2281 animos
682 2229 760 2282 labor
778 2229 874 2295 nutrit,
897 2233 1054 2296 properant.
1075 2232 1195 2283 iuvenes
1214 2230 1299 2297 igitur
1319 2244 1451 2300 senesque

219 2340 297 2391 voco,
310 2332 418 2381 vocatos
432 2328 535 2393 hortor,
549 2328 670 2381 hortatos
685 2327 805 2394 impello,
818 2331 849 2381 ut
870 2329 943 2382 bunc
961 2328 1165 2382 sanctissimum
1187 2329 1234 2383 bei
1247 2331 1384 2385 cultorem
1397 2331 1451 2385 lbi·

220 2427 324 2495 lippum
337 2427 435 2480 imitari
459 2439 515 2480 non
536 2427 634 2495 pigeat.
657 2430 682 2481 ls
702 2428 776 2481 enim
798 2428 888 2481 clarus
908 2434 986 2493 pater
1002 2428 1141 2496 totiusque
1160 2428 1269 2482 ordinis
1291 2429 1490 2499 dignitas,isbl

218 2526 394 2593 splendidum
407 2525 494 2591 sidus,
507 2527 631 2580 inclitum
642 2527 736 2590 decus,
753 2527 914 2580 mortalibus
926 2527 1046 2594 denique
1058 2533 1201 2581 aeternum
1214 2530 1244 2581 in
1257 2531 1347 2597 patria
1360 2530 1448 2583 lumen

218 2627 329 2681 exstitit.
343 2628 429 2693 Atque
440 2626 592 2692 Philippum
606 2627 642 2678 ita
651 2625 809 2680 discessisse
819 2630 933 2691 putesut
944 2628 1003 2693 ejus
1016 2628 1122 2680 virtutis
1131 2630 1342 2697 sanctitatisque
1353 2641 1447 2683 nomed

219 2726 294 2779 nulla
308 2726 450 2780 bominum
465 2727 595 2779 memoria
607 2726 754 2778 delendum
768 2727 812 2778 sit.
835 2725 887 2778 Sed
909 2740 959 2793 per
980 2727 1002 2779 si
1020 2727 1088 2794 quid
1110 2728 1139 2781 in
1154 2729 1317 2796 gravissimo
1330 2734 1379 2784 tuo
1389 2742 1448 2783 con·

218 2829 312 2892 spectu
322 2826 365 2891 pia
377 2829 438 2878 vota
452 2825 581 2892 Paulique
593 2838 689 2890 preces
703 2824 814 2892 pollent,
828 2826 941 2878 unicum
961 2839 994 2878 ex
1016 2831 1042 2879 te
1062 2826 1183 2881 officium
1196 2829 1348 2896 impetrare
1361 2829 1446 2883 animo

219 2929 268 2989 est,
282 2930 312 2977 ut
323 2929 397 2978 tanto
409 2925 510 2991 talique
521 2925 579 2976 viro
600 2923 682 2992 digna
703 2925 835 2990 praemia,
856 2923 967 2991 quando
989 2929 1034 2979 tua
1057 2927 1181 2995 interest,
1204 2927 1322 2981 reddere
1344 2924 1480 2981 nitarisb'

219 3024 341 3090 Optimus
354 3035 419 3076 vero
431 3023 623 3089 maximusque
636 3026 716 3085 bene,
738 3023 825 3089 quite
845 3022 920 3089 pium
941 3037 973 3077 ac
994 3024 1184 3091 dignissimum
1197 3033 1339 3092 pastorem
1358 3032 1445 3080 nostro

219 3122 309 3177 ordini
321 3124 496 3189 praecipuum
509 3123 575 3175 dare
596 3123 690 3188 voluit,
706 3124 763 3189 ipse
785 3123 864 3176 nobis
886 3128 990 3190 partem
1010 3130 1037 3177 et
1054 3126 1235 3180 hereditatem
1255 3128 1360 3181 tribuat
1380 3128 1445 3180 iusc-

219 3221 282 3276 nire
291 3241 299 3289 ;
309 3223 352 3276 cui
363 3230 403 3275 est
411 3224 510 3288 honor,
518 3223 750 3290 gloriamajestas
761 3227 789 3275 et
797 3222 1008 3291 magnificentia,
1016 3225 1097 3287 Patri,
1112 3225 1179 3279 Filio
1190 3231 1217 3279 et
1227 3226 1340 3293 Spiritui
1350 3232 1443 3280 saneto.

220 3336 303 3392 nunc,
317 3337 424 3388 semper
436 3328 462 3376 ct
475 3324 503 3375 in
516 3324 624 3376 saecula
637 3323 818 3376 saeculorum.
833 3325 929 3376 Amen.

397 3749 563 3839 OOOLV.
587 3749 712 3839 Godex
733 3751 922 3863 signatus
944 3777 1056 3842 num.
1078 3752 1190 3840 5374
1212 3753 1262 3842 Α.

251 3961 319 4014 Olim
331 3961 503 4015 colbertinus
515 3963 590 4026 ibid,
603 3961 706 4014 deinde
718 3963 817 4029 Regius
828 3964 856 4014 c.
870 3965 946 4015 3888.
959 3967 985 4016 5.
998 3966 1023 4014 s.

252 4062 415 4115 Cbartaceus
428 4061 546 4127 (praeter
559 4061 622 4113 lolia
635 4062 722 4125 tto-oo,
735 4074 805 4127 quae
818 4066 844 4114 et
856 4063 938 4127 paulo
956 4063 1059 4129 majora
1072 4070 1137 4116 sunt
1148 4064 1265 4131 reliquis
1278 4078 1311 4119 ac
1324 4080 1386 4120 saec.
1401 4064 1446 4118 xiv

218 4161 372 4227 descripta),
394 4162 522 4214 loliorum
538 4162 593 4226 tto,
609 4161 680 4213 moll.
695 4163 916 4229 (θἠᾦὶὲχθβδ),
931 4169 1059 4215 exaratus
1071 4176 1142 4216 saec.
1157 4165 1206 4215 xv.

319 4259 356 4334 l⁰
371 4258 591 4360 [Processus
606 4259 656 4336 de
672 4260 872 4338 miraculis
890 4261 994 4338 beati
1010 4261 1181 4361 Philippi
1197 4263 1449 4345 bituricensis

366 4383 664 4484 archiepiscopi]
679 4383 758 4478 (fol.
781 4384 927 4481 libili).

251 4520 307 4571 inc.
320 4517 367 4571 Aa
379 4515 566 4569 euidentiam
575 4515 748 4582 pleniorem
757 4529 922 4584 processus
931 4532 1027 4586 super
1040 4519 1104 4573 vita
1121 4523 1150 4573 et
1162 4520 1334 4576 introcunt
1347 4520 1452 4576 dmartii

219 4617 370 4689 Philippi,
383 4617 539 4685 quotidem
549 4617 755 4674 Bitttriccnst's
767 4617 1004 4686 archicpiscopi,
1016 4619 1179 4674 sciendum
1196 4623 1340 4690 estquod
1352 4621 1452 4691 seticis
