3316 5482
694 363 820 414 caru.
840 363 941 414 cobb.
961 362 1134 413 nachoit.
1154 362 1234 413 LAT.

609 532 736 585 Trahitur
747 533 782 586 ad
795 534 929 586 theatrum
943 537 1095 586 scortorum
1108 537 1182 585 casta
1195 531 1321 596 lupanar,

611 631 742 694 Quatinus
756 633 862 685 incestu
875 632 997 687 fuscetur
1007 633 1123 685 crimine
1136 631 1224 699 virgo,

611 733 683 796 Quae
697 731 830 785 infamare
842 731 954 786 student
965 745 1112 786 vernarum
1125 731 1237 785 nomine
1249 731 1347 783 Christi

612 833 644 883 iit
656 831 778 885 lacerare
791 832 883 886 solent
895 833 1029 887 latrantes
1041 834 1119 888 fauce
1130 832 1242 887 melodi.

610 933 687 984 Tunc
700 943 801 996 procus
811 930 923 985 advenit
934 934 1020 987 densa
1033 933 1181 988 comitante
1192 936 1310 998 caterva,

615 1032 728 1085 Garruia
739 1033 863 1086 verbosis
874 1039 1059 1100 contorquens
1071 1031 1174 1099 spicula
1186 1031 1280 1096 labris,

615 1130 690 1195 Quod
705 1144 754 1184 sua
767 1130 920 1198 despiceret
930 1133 1011 1188 castis
1023 1131 1160 1186 connubia
1172 1131 1250 1184 votis.

614 1235 668 1288 Sed
680 1237 752 1289 bens
764 1235 882 1289 insontis
894 1233 1070 1302 [tutela1jore
1081 1232 1231 1300 triumphat
1243 1248 1251 1298 ;

615 1337 681 1389 iure
694 1334 818 1389 caelestis
830 1335 909 1401 punit
921 1345 1053 1387 mucrone
1065 1337 1181 1386 reatum.

614 1437 681 1486 Nam
694 1433 767 1487 dicto
779 1434 861 1488 citius
872 1433 976 1487 cnrdeli
989 1432 1085 1486 funere
1096 1436 1157 1485 vota

615 1533 757 1600 Liqucrat,
771 1532 902 1587 horrendi
914 1532 1076 1599 contingens
1088 1535 1189 1584 tartara
1201 1529 1273 1596 ditis,

615 1633 665 1698 Qui
678 1638 800 1686 sanctam
811 1632 896 1687 voluit
908 1631 1046 1686 maculoso
1059 1632 1150 1700 legere
1161 1635 1249 1699 qesta.

614 1735 674 1786 tior
686 1732 768 1802 igitur
780 1732 907 1800 precibus
918 1731 1035 1799 disrupit
1048 1731 1154 1785 vincula
1167 1731 1272 1798 mortis,

614 1831 716 1885 Pallida
728 1845 883 1899 purpureae
896 1836 967 1885 resta
979 1844 1063 1885 urens
1081 1831 1204 1884 membra
1215 1830 1346 1897 colorem,

613 1933 687 1996 Quae
700 1931 811 1984 multata
824 1931 901 1997 prius
912 1931 1059 1997 torpebant
1070 1930 1171 1999 frigore
1183 1929 1229 1985 leti
1243 1947 1250 1984 ε

615 2029 748 2094 Quatinus
760 2029 826 2083 inde
838 2031 927 2084 forent
939 2030 1028 2084 laudis
1040 2031 1185 2096 praeconia
1197 2031 1296 2084 Christi

614 2130 690 2183 Unde
703 2130 779 2196 prius
791 2130 900 2183 fuerant
912 2131 1017 2197 spurcis
1030 2130 1147 2184 ludibria
1160 2130 1259 2196 verbis,

613 2232 688 2295 (itam
702 2230 887 2282 constantiam
896 2229 1124 2283 sanavittumba‘
1139 2230 1257 2298 sepulcri

612 2331 643 2381 Et
654 2328 837 2396 sarcophagus
850 2328 877 2381 in
890 2340 945 2395 quo
960 2331 1110 2394 pausentur
1122 2328 1246 2381 membra
1260 2328 1366 2394 puellae
1377 2330 1397 2395 ⁴)

615 2428 667 2480 Aut
678 2427 775 2480 merito
787 2428 902 2495 posse[t]
915 2426 1036 2495 rogantis
1048 2424 1105 2481 tilia
1117 2426 1200 2495 regis,

613 2528 732 2581 aeterno
745 2527 802 2595 regi
815 2539 919 2594 regum,
931 2526 979 2592 qui
992 2531 1086 2594 regnat
1098 2527 1126 2580 in
1139 2529 1242 2596 aethra,

613 2626 729 2693 imperia
740 2624 836 2679 mundi
850 2625 956 2678 christo
968 2629 1100 2694 regnante
1113 2627 1224 2695 regebat

613 2725 663 2791 Qui
674 2725 879 2792 constantinus,
892 2725 1003 2779 sortitus
1015 2739 1117 2780 nomen
1129 2726 1158 2779 in
1170 2740 1278 2796 aerum,

612 2824 735 2879 Reddere
748 2825 905 2895 magnificas
917 2839 966 2893 pro
977 2826 1032 2880 rita
1044 2825 1146 2892 sospite
1157 2831 1256 2895 grates.

351 3045 529 3094 axonuruu
554 3044 721 3094 passimus
745 3044 774 3093 s.
801 3043 971 3093 aaronem
988 3044 1089 3093 eouru
1113 3025 1195 3113 (cfr.
1222 3045 1333 3113 supra,
1366 3046 1398 3112 p.
1417 3026 1475 3106 25,
1496 3027 1581 3116 15⁰).
1602 3040 1637 3095 at

386 3226 455 3277 burn
469 3221 579 3277 floreret
595 3223 714 3276 mundus
725 3222 758 3276 ad
781 3220 862 3275 fidem
880 3221 989 3288 christi,
1008 3226 1150 3289 postquam
1169 3219 1241 3274 filius
1259 3221 1304 3275 bei
1323 3234 1406 3275 carne
1424 3221 1459 3274 de
1476 3221 1585 3290 virgine

353 3328 491 3390 assumpta
503 3328 589 3376 terras
607 3313 742 3375 illustrare
754 3322 881 3390 dignatus
898 3325 939 3374 est
957 3334 1006 3387 pro
1022 3334 1122 3389 genere
1140 3323 1259 3376 humano
1277 3327 1303 3374 et
1320 3322 1409 3375 crucis
1426 3321 1586 3387 passionem

354 3422 495 3488 sustinuit,
513 3420 678 3489 sequipedes
696 3420 806 3488 reliquit
823 3420 995 3473 beatissimos
1014 3423 1155 3486 martyres,
1179 3420 1226 3486 qui
1252 3421 1413 3488 sanquinem
1432 3420 1588 3489 gloriosum

352 3534 401 3587 pro
415 3521 527 3575 nomine
539 3534 588 3574 suo
610 3520 749 3585 hiderunt,
763 3523 793 3572 ut
803 3519 851 3572 ubi
864 3524 945 3585 caput
965 3524 1160 3585 praecesserat,
1173 3519 1239 3573 iiiuc
1252 3520 1375 3573 membra
1388 3524 1585 3587 sequerentur.

385 3621 543 3689 igiturcum
556 3618 738 3673 crudelissimi
759 3619 938 3684 imperatores
959 3618 1067 3684 tyranni
1088 3623 1115 3671 et
1132 3619 1303 3685 principatus
1324 3618 1455 3672 adversus
1475 3623 1589 3675 sanctos
1606 3623 1639 3676 bd

351 3726 484 3788 martyres
496 3724 524 3773 et
538 3694 700 3774 christianos
713 3717 819 3773 fortiter
830 3717 1001 3784 dimicarent,
1016 3723 1075 3772 erat
1086 3731 1120 3772 co
1134 3725 1257 3785 tempore
1267 3719 1295 3771 in
1305 3720 1374 3773 urbe
1389 3722 1473 3773 homa
1486 3719 1587 3774 Decius

351 3821 501 3885 imperator
512 3832 575 3872 cum
589 3817 793 3886 magistratibus
811 3820 839 3869 et
851 3817 966 3883 satrapis
987 3817 1022 3870 ad
1041 3818 1223 3885 requirendos
1241 3818 1483 3885 discutiendosque
1499 3819 1587 3872 chris·

349 3918 447 3972 tianos.
460 3921 491 3971 ln
504 3930 557 3986 qua
569 3917 639 3971 urbe
651 3929 720 3983 puer
732 3915 883 3981 biarceilus,
897 3914 1072 3969 fidelissimus
1083 3917 1260 3984 christianus,
1272 3917 1370 3971 titteris
1379 3918 1451 3971 bene
1461 3916 1589 3972 eruditus

351 4024 380 4072 ct
391 4018 522 4084 moribus,
535 4016 765 4071 commorabatur.

384 4120 506 4184 cumque
519 4117 616 4169 becius
628 4129 689 4168 cum
702 4114 759 4167 suis
771 4113 935 4168 sateltitibus
946 4115 1014 4168 aiios
1027 4114 1185 4169 blandiente
1200 4116 1310 4170 saeculo
1320 4116 1353 4169 ad
1366 4116 1437 4170 idola
1447 4115 1590 4171 adoranda
1607 4119 1640 4172 35

351 4220 532 4281 converteret,
545 4214 613 4268 alios
624 4214 671 4280 qui
685 4226 713 4266 se
724 4212 887 4266 christianos
899 4214 1054 4268 fatebantur
1074 4214 1190 4269 diversis
1210 4215 1377 4269 cruciatibus
1395 4216 1516 4281 puniret,
1530 4221 1591 4270 erat

351 4316 397 4372 iilo
409 4323 531 4382 ternpore
545 4316 573 4368 in
586 4315 655 4368 urbe
669 4315 753 4367 Roma
766 4314 863 4367 beatus
875 4313 966 4367 sixtus
979 4315 1133 4382 episcopus,
1148 4316 1198 4368 sub
1211 4317 1289 4383 cujus
1300 4315 1425 4369 doctrina
1437 4328 1504 4381 puer
1520 4318 1589 4369 itar-

353 4416 438 4470 celius
451 4416 587 4469 enutritus
599 4419 626 4467 et
646 4413 743 4467 doctus
763 4413 863 4468 fuerat.
886 4416 917 4466 dt
939 4427 1002 4468 ecce
1022 4414 1118 4467 beatus
1141 4416 1233 4467 sixtus
1250 4415 1403 4482 episcopus,
1420 4415 1536 4467 veniens
1553 4416 1591 4469 ad

353 4516 463 4569 beoium
475 4514 678 4581 imperatorem,
692 4512 759 4565 dixit
772 4512 796 4565 ei
810 4527 817 4563 ε
831 4512 1091 4579 imperationem
1102 4511 1190 4567 debes
1202 4514 1299 4566 Deum
1311 4514 1394 4568 caeli
1404 4513 1547 4568 deserere
1557 4519 1590 4570 et

353 4613 441 4668 idolo
452 4613 606 4680 odorare3
619 4608 855 4680 comprophetas
870 4610 948 4665 dicit
961 4628 970 4665 .-
983 4611 1035 4664 bii
1046 4611 1101 4679 qui
1117 4613 1241 4667 coelum
1252 4615 1281 4667 et
1305 4615 1424 4667 terram
1436 4626 1500 4669 noa
1511 4613 1592 4682 sece-
1610 4621 1644 4674 ab
