3316 5482
354 391 375 458 8
695 401 822 452 curun.
841 401 942 450 coun.
962 401 1136 452 asemon.
1157 402 1239 452 nir.

351 576 468 629 uirtute
474 573 635 642 possimus
648 573 770 624 vestroe
776 570 928 637 potestati
945 568 1092 622 obviaret
1103 570 1193 633 Deus,
1207 569 1263 636 qui
1273 568 1311 623 ab
1323 570 1451 624 iueuute
1463 575 1471 611 ¹
1484 575 1590 627 aetate

349 673 437 728 adest
448 671 527 724 mihi
546 683 634 724 servo
645 681 702 723 suo
721 668 789 742 ipse
800 667 967 734 eortiupuut
984 675 995 708 ²
1014 668 1101 721 oium
1113 671 1203 722 tuam
1222 672 1242 721 ³.
1255 669 1295 722 Ad
1314 670 1385 722 hanc
1400 683 1493 723 vocem
1512 673 1590 725 Felix

347 772 512 826 contremuit
524 775 550 824 et
561 784 624 822 cum
634 767 787 821 reverentia
799 768 888 833 coepit
900 765 1003 829 dicere,
1017 766 1089 832 quod
1099 767 1208 832 jussum
1220 768 1244 819 ei
1257 767 1347 820 fueret
1359 769 1393 820 ab
1411 769 1582 834 imperatore

350 871 468 925 Adriano
483 869 557 937 quod
569 869 593 921 ei
607 867 792 921 exhibendum
805 866 936 918 venisset.
949 864 1000 917 Cui
1018 864 1160 931 respondit
1172 870 1282 918 sanctus
1303 865 1483 932 eleutherius,
1497 868 1585 926 dixit:

351 969 513 1035 Numquid
525 979 579 1020 uos
594 966 800 1031 laterepotest
820 964 897 1030 quio
910 965 1024 1017 missus
1036 977 1068 1016 es
1088 965 1132 1018 od
1143 978 1199 1018 uos
1209 966 1222 1018 t
1233 964 1324 1019 Nihil
1337 968 1382 1028 est
1402 967 1484 1033 quod
1500 969 1586 1033 ipuo-
1604 969 1624 1019 s

351 1066 557 1134 rarepossiut
572 1065 597 1116 ii
617 1063 672 1131 qui
689 1063 840 1130 Spiritum
853 1065 996 1116 sunctum
1008 1062 1189 1129 accipitur,-
1202 1063 1267 1130 ipse
1284 1065 1368 1116 euim
1389 1064 1587 1118 credentibus

352 1165 387 1217 iu
398 1177 432 1217 se
451 1167 524 1217 uota
542 1169 553 1203 ⁴
573 1161 670 1230 faciet
691 1175 753 1215 nou
766 1162 867 1215 solum
884 1175 965 1229 quoe
976 1165 1051 1216 suut
1062 1165 1091 1216 et
1103 1176 1185 1230 quoe
1196 1163 1337 1231 fuerunt,
1351 1165 1405 1217 sect
1426 1165 1486 1218 illo
1506 1177 1589 1231 quoe

352 1263 468 1332 futuro
479 1265 581 1316 eruut.
596 1264 627 1314 ut
638 1275 701 1313 cum
713 1261 830 1326 plurima
842 1266 938 1314 saneto
951 1276 1079 1316 sermone
1097 1268 1243 1329 repeteret,
1256 1264 1374 1329 procidit
1385 1263 1420 1315 ad
1432 1265 1516 1330 pedes
1528 1265 1588 1329 ejus

354 1362 428 1416 Felix
441 1375 540 1425 comes,
563 1361 659 1414 dicens
672 1374 679 1411 τ
693 1358 874 1424 Eleutherii,
894 1357 1017 1427 famule
1027 1361 1093 1427 Dei,
1114 1363 1156 1414 do
1176 1361 1256 1415 mihi
1268 1363 1363 1416 talem
1383 1363 1585 1426 intellectum,

352 1464 388 1515 ut
405 1474 458 1529 epo
474 1462 601 1515 credam
620 1461 719 1514 cuitu
736 1460 847 1514 credis.
861 1464 940 1513 Facta
961 1459 1044 1528 igitur
1056 1461 1188 1526 oratione,
1210 1461 1340 1527 imposuit
1360 1460 1398 1512 illi
1422 1474 1546 1524 manum,
1559 1465 1586 1513 et
1607 1463 1642 1513 lt)

351 1566 449 1616 euntes
462 1543 631 1627 amboibant
641 1563 754 1612 Romam
767 1573 829 1612 cum
842 1559 970 1612 omnibus
983 1558 1124 1611 militibus.

384 1661 415 1714 ³.
428 1662 575 1727 carpentes
595 1666 687 1711 autem
709 1660 769 1722 iter,
783 1658 817 1711 de
838 1657 958 1711 adventu
979 1657 1060 1710 etde
1082 1657 1268 1722 redemptione
1284 1658 1391 1710 bomini
1412 1659 1498 1709 nostri
1519 1660 1585 1710 lesu

349 1760 446 1812 christi
459 1771 550 1811 sermo
562 1757 750 1811 comitabatur.
764 1759 886 1822 Cumque
905 1757 1043 1809 venissent
1055 1755 1089 1808 sd
1111 1755 1233 1821 durium,
1249 1755 1380 1808 sederunt
1402 1756 1453 1807 sub
1475 1756 1584 1819 arbore,

351 1862 379 1910 et
390 1859 479 1923 coepit
490 1870 537 1910 eos
550 1858 651 1910 borlari
665 1861 776 1908 sanctus
795 1856 966 1908 Eleutherius
978 1861 1017 1919 ut,
1033 1854 1208 1907 reiectionem
1231 1860 1380 1919 sumentes,
1395 1854 1432 1906 ita
1450 1853 1585 1918 llu[vi]um

351 1959 558 2008 transmearent.
572 1958 648 2006 Tune
665 1953 732 2033 dixit
744 1953 767 2006 ei
781 1953 857 2004 Felix
874 1965 967 2005 comes
981 1968 987 2003 :
1010 1951 1087 2004 Vivit
1100 1952 1260 2018 Domitius,
1273 1952 1364 2018 cuius
1378 1954 1412 2004 tu
1424 1936 1528 2006 cultor
1539 1964 1580 2018 es,
1604 1955 1639 2006 lt>

350 2052 426 2121 quio
438 2053 637 2119 uoucctpiam
652 2051 754 2105 cibum
773 2053 998 2117 uequepotum
1012 2049 1078 2102 uisi
1097 2062 1145 2103 me
1165 2048 1278 2117 feceris
1295 2048 1515 2104 christianum.
1535 2051 1584 2102 Cui

349 2156 459 2205 sanctus
470 2152 642 2205 Eleutherius
654 2150 721 2202 dixit
734 2167 741 2202 ε
754 2150 786 2204 sl
797 2150 899 2203 credis
909 2150 1014 2202 Jesum
1031 2148 1187 2203 Christum
1199 2161 1264 2203 esse
1275 2149 1381 2218 titium
1399 2149 1456 2202 Dei
1466 2149 1539 2215 uiui,
1553 2151 1583 2202 et

347 2253 450 2309 eredis
462 2254 542 2320 quod
555 2253 589 2304 iu
600 2253 724 2305 uomiue
735 2251 802 2317 ‹p‘us
823 2251 954 2303 tiuetus¹
970 2251 1005 2302 iu
1024 2248 1079 2304 hoc
1096 2250 1229 2317 tritulus
1246 2251 1460 2304 remissionem
1481 2262 1584 2303 couse-

349 2352 459 2420 quoris
471 2351 611 2406 omnium
626 2352 839 2418 peccatorum,
847 2352 950 2417 potest
971 2349 1026 2404 hoc
1041 2350 1123 2419 fieri.
1137 2352 1185 2403 Cui
1208 2350 1351 2417 respondit
1373 2351 1447 2403 Felix
1468 2363 1583 2403 comes:

350 2453 419 2507 Nou
429 2464 481 2520 epo
495 2454 524 2504 te
534 2452 619 2504 ultro
639 2463 783 2518 reporem
796 2453 830 2502 ut
842 2462 891 2502 me
910 2448 1032 2517 faceres
1052 2448 1271 2518 christianum,
1285 2450 1350 2503 uisi
1366 2462 1406 2502 eu
1418 2452 1478 2503 toto
1490 2450 1583 2503 corde
1600 2450 1637 2502 20

350 2564 416 2604 meo
433 2551 589 2604 crederem
612 2548 778 2604 Christum.
800 2552 876 2601 Tunc
900 2554 1010 2601 sanctus
1034 2549 1206 2602 Eleutherius
1230 2549 1385 2616 episcopus,
1410 2547 1584 2615 adprehensa

349 2663 434 2703 manu
446 2650 514 2715 ejus,
527 2649 588 2701 tulit
600 2661 663 2701 eum
676 2648 704 2700 in
724 2652 838 2714 partem,
852 2652 879 2699 et
897 2649 1022 2700 invocato
1044 2647 1172 2713 mysterio
1191 2649 1331 2701 Trinitatis
1352 2648 1495 2714 baptizavit
1508 2661 1584 2700 eum.

349 2752 412 2804 Post
422 2749 562 2803 benedixit
574 2762 657 2815 super
673 2753 754 2814 caput
766 2749 835 2814 eius,
850 2747 946 2800 dicens
961 2764 967 2799 :
982 2745 1110 2799 Domine
1120 2746 1195 2799 lesu
1216 2746 1343 2811 Christe,
1358 2746 1404 2799 itu
1422 2745 1582 2798 iulumiuu

349 2861 403 2903 tor
414 2849 480 2914 eius
492 2847 575 2900 sicut
590 2845 727 2900 eunuchi
733 2859 794 2913 per
806 2844 989 2912 Philippum
1002 2845 1178 2912 apostolum
1191 2848 1289 2914 tuum,
1309 2848 1338 2899 et
1355 2846 1479 2900 osteude
1493 2858 1584 2899 ornu-

349 2949 415 3000 tum
426 2945 503 3014 fidei
513 2958 608 3012 super
621 2957 701 2997 eum.
715 2947 786 2997 llaec
806 2949 833 2996 et
855 2944 896 2995 bis
908 2945 1007 2996 similia
1028 2957 1090 2996 cum
1109 2944 1230 3004 dixisset,
1241 2945 1352 3012 reliquit
1369 2952 1495 2998 sanctum
1505 2944 1582 2997 Eleu·
1600 2942 1638 2994 st

348 3046 466 3098 tberium
485 3045 568 3108 Felix,
582 3049 609 3096 et
620 3043 693 3095 rudit
714 3042 748 3094 ad
767 3043 862 3095 iratres
883 3056 957 3106 suos,
972 3043 1097 3095 indicans
1117 3045 1155 3096 eis
1173 3045 1265 3097 omnia
1283 3045 1441 3111 quaefacta
1459 3044 1585 3097 inerant²

348 3143 420 3195 eirca
432 3156 494 3195 eum
506 3160 513 3208 ;
526 3143 572 3208 qui
587 3147 613 3194 et
625 3141 675 3207 ipsi
684 3144 696 3179 ³
706 3154 769 3193 cum
782 3152 879 3207 magno
891 3140 992 3207 gaudio
1003 3141 1180 3195 erediderunt
1191 3144 1307 3197 cbristo.

381 3243 413 3293 4.
428 3244 550 3307 cumque
571 3241 710 3308 ingressus
729 3239 825 3291 diisset
845 3245 955 3292 sanctus
977 3239 1149 3294 Eleutherius
1173 3242 1312 3307 palatium,
1336 3243 1491 3295 nuntiatum
1512 3248 1585 3295 esta

349 3340 480 3393 militibus
494 3338 622 3391 Adriano.
637 3340 786 3404 lmperator
806 3340 961 3404 pmeparari
983 3340 1034 3392 sibi
1057 3341 1182 3407 publice¹
1201 3342 1330 3410 tribunal,
1344 3348 1371 3395 et
1391 3342 1489 3395 sedens
1505 3341 1587 3405 iussit

348 3453 411 3493 eum
424 3440 453 3491 in
466 3452 515 3491 suo
528 3441 675 3503 conspectu
694 3439 871 3502 praesentari.
886 3440 917 3490 lit
935 3440 1107 3505 interrogans
1125 3453 1187 3492 eum
1206 3440 1341 3493 Adrianus
1354 3441 1511 3506 imperator,
1524 3442 1577 3493 ait:
1599 3445 1636 3495 :itt

349 3539 404 3593 Die
414 3537 502 3604 mihi,
517 3535 685 3603 Eleutheri,
699 3537 857 3603 quomodo,
872 3536 1112 3591 illustrissimae
1131 3538 1306 3592 libertatist
1322 3539 1468 3607 earisteus,
1483 3540 1582 3592 tradi·

348 3636 425 3691 disti
445 3636 578 3702 teipsum
600 3635 824 3688 insanissimae
844 3637 1063 3702 superstitioni
1081 3640 1110 3690 et
1127 3639 1229 3691 credis
1248 3637 1331 3696 huuc
1350 3640 1459 3705 Deuuu
1472 3639 1527 3706 qui
1543 3639 1584 3693 ab

348 3731 524 3787 homiuibus
535 3732 711 3800 crucifixus
724 3734 769 3785 est
781 3733 794 3786 i
807 3735 903 3785 Beatus
921 3748 985 3787 tero
1003 3735 1176 3788 Eleutherius
1194 3736 1304 3790 silentio
1323 3738 1437 3790 studens
1448 3737 1582 3790 adstabat.

350 3836 448 3886 lterum
471 3833 641 3898 interrogans
664 3844 726 3884 eum
748 3833 882 3884 Adrianus
904 3834 1060 3898 imperator,
1083 3835 1146 3887 uit:
1169 3834 1352 3898 liheittherii,
1370 3836 1521 3903 responde
1541 3837 1585 3889 od

349 3930 424 3983 hoec
445 3942 525 3997 orcae
546 3931 574 3981 te
595 3929 761 3996 iuterropo.
781 3933 856 3983 Tune
877 3937 987 3983 sanetus
1011 3931 1193 3996 Eleutherius
1216 3934 1352 3999 aspiciens
1373 3933 1489 3997 caelum,
1509 3934 1581 3987 iacto
1601 3938 1637 3988 ,55

347 4027 488 4096 signaculo
510 4027 582 4093 quod
606 4028 634 4078 in
656 4027 823 4093 cbristoest,
846 4030 890 4091 ita
903 4031 992 4095 coepit
1012 4029 1103 4096 loqui:
1123 4031 1264 4085 Libertus
1281 4032 1535 4085 tiulustrissimo
1555 4035 1586 4086 et

347 4137 422 4177 uero
435 4123 509 4175 hoec
521 4124 576 4189 est,
589 4134 769 4190 copuoscere
787 4127 816 4178 et
829 4127 933 4178 colere
952 4124 1105 4193 factorem
1122 4127 1204 4181 caeli
1222 4130 1251 4180 et
1268 4130 1373 4181 terrae
1390 4130 1420 4181 et
1436 4129 1577 4182 omnium

347 4223 527 4275 creatorem.
541 4219 675 4273 Adrianus
688 4222 836 4287 imperator
847 4223 915 4275 dixit
928 4240 934 4275 :
948 4224 1117 4292 Adquiesce
1127 4224 1207 4278 mihi
1218 4229 1247 4279 et
1259 4226 1302 4278 od
1319 4226 1391 4281 deos
1409 4230 1509 4281 ιιιιοι8
1518 4229 1584 4282 cul·

381 4388 474 4438 Num.
489 4385 521 4437 2.
535 4414 566 4424 -
580 4391 587 4426 ¹
602 4387 647 4440 ito
659 4400 751 4455 corr„
759 4389 856 4455 prius
872 4395 984 4443 enunte.
997 4418 1030 4429 -
1041 4397 1052 4431 2
1058 4391 1154 4457 prius
1173 4392 1312 4459 extinguit.
1330 4420 1357 4431 -
1369 4395 1381 4431 ³
1387 4392 1483 4460 prius
1496 4401 1535 4446 tu.
1548 4421 1583 4433 -

349 4469 436 4522 ⁴cod.
451 4474 552 4521 notam.

381 4551 474 4603 Num.
488 4550 519 4603 3.
532 4555 586 4590 -1
599 4553 666 4605 cod.
680 4553 774 4606 tintus.
790 4583 822 4592 -
834 4560 844 4595 2
856 4555 922 4608 cod.
935 4555 1033 4609 suerat.
1046 4583 1079 4594 -
1089 4557 1203 4623 tprius
1217 4544 1284 4623 ipse.

379 4634 473 4685 Num.
488 4636 520 4685 4.
533 4663 566 4671 -
578 4638 586 4673 ¹
594 4635 690 4701 prius
710 4637 857 4702 publicem.
872 4664 902 4675 -
914 4637 1027 4703 2prius
1044 4638 1187 4704 livertatis,
1201 4639 1319 4692 livertas.
1334 4668 1365 4679 -
1378 4644 1390 4680 ³
1400 4641 1496 4708 prius
1508 4641 1579 4695 deus

349 4728 436 4769 meus.
457 4743 489 4755 -
501 4721 513 4756 ⁴
518 4717 615 4783 prius
629 4718 716 4783 cujus.
