3316 5482
209 336 276 405 410
526 352 653 405 ouran.
675 353 778 404 oonn.
797 353 972 406 stereon.
991 354 1074 407 unu.

210 536 272 580 non
283 522 488 578 attolerent.
502 525 569 577 cum
581 523 656 577 enim
669 523 815 578 obtulisset
826 525 868 578 eis
887 524 1069 592 chlamydem,
1083 537 1166 593 quam
1175 526 1202 579 ei
1215 524 1418 592 dimiserantilli
1469 530 1472 581 l

211 625 240 677 iu
253 625 322 678 iram
333 624 405 678 versi
418 636 528 678 caesum
539 623 643 678 diutius
663 623 697 677 ad
715 625 842 679 arborem
863 638 926 679 eum
946 625 1109 694 ligavemnt,
1128 631 1155 679 ct
1167 625 1323 680 scholarem
1334 624 1420 693 elucet

210 722 291 777 aliam
304 734 361 776 non
380 722 461 790 longe
478 723 513 776 ab
537 734 580 789 eo,
597 728 624 776 et
642 723 681 775 sie
702 723 896 778 discessemnt.
910 726 979 778 Tum
1001 724 1058 790 ille,
1076 724 1173 778 videus
1184 737 1215 779 se
1231 725 1310 780 omni
1321 725 1421 778 bunone

209 821 311 878 auxilio
325 822 495 889 destitutum,
508 822 599 889 coepit
610 823 682 876 inter
694 836 724 876 se
734 824 873 878 revolvere
885 830 912 877 et
921 829 1086 892 pertractare
1095 837 1179 892 quam
1188 823 1295 894 fragilis
1304 824 1423 879 etcaduca

211 923 247 976 sit
259 921 449 990 hujusmundi
461 922 558 991 gloria,
571 926 599 975 et
610 922 684 990 quod
697 935 780 976 omne
792 923 865 991 quod
879 924 1004 979 laborant
1016 923 1142 978 homines
1155 937 1239 991 super
1251 928 1354 979 terram
1363 922 1444 977 maii

212 1027 252 1076 tas
263 1022 298 1075 sit
309 1027 335 1076 et
352 1021 387 1076 ad
400 1022 440 1075 nil
460 1021 564 1089 tendat,
577 1022 728 1076 secundum
741 1024 824 1078 verba
836 1023 886 1077 viri
905 1024 1058 1091 sapientis:
1077 1023 1207 1079 vanitas
1221 1024 1423 1079 mnitatweet

209 1121 316 1176 omnio
328 1121 464 1190 vanitas,
478 1125 506 1175 et
516 1126 608 1176 cetera
620 1135 690 1190 quae
710 1123 740 1176 in
760 1124 858 1178 eodem
878 1123 949 1177 libro
972 1124 1072 1190 scripta
1085 1129 1159 1177 sunt.
1172 1123 1243 1190 Quid
1256 1124 1361 1178 multat
1371 1125 1425 1177 Guu

210 1223 294 1292 igitur
306 1223 340 1276 ita
354 1236 383 1276 se
397 1223 579 1290 interceptum
590 1223 773 1291 conspiceret,
796 1224 922 1291 promisit
940 1226 993 1278 beo
1011 1224 1125 1278 omnino
1143 1237 1173 1278 se
1186 1223 1349 1278 relicturum
1359 1223 1426 1290 buius

211 1323 307 1377 mundi
320 1323 438 1377 caducos
450 1323 569 1377 bonores
581 1327 648 1377 etse
660 1324 711 1377 sub
724 1323 798 1377 iilius
815 1325 891 1393 jugo,
913 1324 986 1391 quod
999 1328 1041 1377 est
1051 1323 1111 1378 leve
1128 1329 1155 1377 et
1166 1336 1252 1378 suave
1264 1324 1309 1377 bis
1320 1323 1365 1393 qui
1375 1334 1426 1377 eeu

211 1423 338 1491 diligunt,
353 1422 557 1490 suppositumm
569 1435 602 1476 ex
614 1428 681 1490 toto,
694 1424 717 1476 si
729 1437 792 1478 eum
802 1424 909 1491 eripere
915 1423 1074 1492 dignaretur
1084 1423 1119 1476 ab
1135 1424 1187 1476 bac
1197 1423 1337 1490 captione.
1346 1421 1427 1476 statim
1439 1420 1460 1474 lt

210 1529 242 1578 ut
256 1525 307 1579 boc
318 1528 413 1578 votum
425 1537 460 1577 ex
470 1523 554 1577 corde
566 1529 593 1577 et
611 1537 659 1578 ore
681 1526 735 1578 beo
758 1524 890 1591 promisit,
904 1523 981 1592 quasi
992 1524 1044 1578 sub
1055 1535 1111 1577 uno
1123 1528 1265 1577 momento
1275 1523 1365 1578 soluta
1374 1525 1428 1576 sunt

209 1626 302 1682 omnia
312 1625 419 1680 vincula
432 1625 533 1693 quibus
543 1625 641 1693 ligatus
654 1626 742 1679 iuerat
753 1643 760 1692 ;
773 1631 800 1678 et
819 1625 889 1679 liber
910 1622 1031 1691 effectus,
1050 1626 1160 1691 [leoque
1179 1624 1283 1692 gratias
1302 1619 1428 1694 agonem

209 1739 288 1780 suurn
300 1724 430 1781 clericum
441 1726 564 1793 accessit,
577 1727 624 1793 qui
637 1725 726 1780 adbuc
738 1727 837 1794 ligatus
848 1726 945 1793 stabat,
959 1738 1078 1793 eumque
1090 1724 1181 1780 solvit.

243 1826 275 1880 9.
290 1826 415 1891 Quicum
428 1839 457 1879 se
469 1826 583 1880 vidisset
595 1826 630 1879 ab
641 1825 692 1879 isto
712 1826 908 1893 impedimento
926 1824 1074 1880 liberatum
1086 1825 1173 1879 solius
1190 1825 1238 1879 bei
1251 1825 1430 1889 miseratione,

208 1938 264 1980 non
275 1929 318 1978 est
329 1925 430 1979 oblitus
441 1925 645 1992 specialissuae
658 1926 829 1991 intentionis,
842 1925 892 1979 sed
904 1925 1050 1994 diligenter
1062 1925 1179 1992 inspexit
1198 1925 1229 1978 in
1247 1925 1340 1994 legem
1351 1923 1429 1994 perie-
1443 1919 1466 1977 il

209 2030 268 2080 ctae
280 2024 423 2092 libertatis,
436 2025 473 2078 ita
483 2028 514 2079 ιιι
526 2024 676 2092 adimplere
690 2030 823 2094 satageret
837 2026 887 2079 boc
900 2023 974 2093 quod
988 2028 1042 2079 beo
1054 2029 1174 2079 voverat.
1188 2027 1246 2080 iioc
1257 2037 1327 2080 vero
1339 2024 1433 2079 sotem·

207 2124 289 2179 modo
301 2125 442 2179 detinebat
452 2125 576 2179 animum
587 2125 656 2191 ejus,
678 2125 742 2192 quia
762 2125 922 2179 multimoda
946 2125 1123 2193 inquisitione
1134 2125 1164 2179 in
1176 2138 1207 2179 se
1219 2126 1281 2192 ipso
1293 2129 1436 2194 pertracta·

209 2223 255 2277 bat
273 2223 347 2292 quod
358 2237 444 2292 genus
464 2224 604 2293 religionis
624 2224 795 2291 potissimum
816 2225 957 2294 arriperet,
970 2225 1074 2279 scilicet
1086 2238 1122 2278 an
1138 2223 1261 2293 quietam
1276 2223 1437 2278 reclusionis

208 2325 301 2391 vitam,
314 2337 350 2378 an
362 2330 495 2378 remotam
515 2324 550 2378 ab
571 2324 728 2378 bominibus
740 2324 909 2379 eremiticam
921 2325 1014 2391 vitam,
1027 2337 1064 2377 au
1086 2324 1277 2379 monachicam
1290 2324 1345 2379 sub
1361 2323 1437 2378 oboe

209 2424 294 2477 dienti
315 2423 409 2478 labore
430 2422 637 2490 subjectionem.
658 2423 710 2477 Sed
734 2423 851 2489 spiritus
877 2423 932 2490 ille,
957 2425 1005 2491 qui
1028 2428 1079 2491 est,
1104 2428 1134 2476 ut
1159 2423 1293 2490 propbeta
1315 2419 1472 2487 testatur]

207 2526 327 2586 sanctus,
340 2522 447 2586 unicus,
466 2521 616 2588 multiplex,
638 2522 755 2587 subtilis,
776 2521 906 2589 disertus,
929 2522 1048 2589 mobilis,
1076 2521 1312 2589 incoinquinatus,
1336 2525 1436 2585 certus,

208 2623 310 2687 suavis,
323 2634 418 2674 amans
436 2620 549 2685 bonum,
570 2626 675 2688 acutus,
695 2622 743 2688 qui
765 2621 832 2674 nibil
854 2625 926 2676 vetat
945 2622 1017 2675 bene
1036 2620 1105 2687 iteri,
1128 2621 1277 2687 humanus,
1291 2619 1437 2689 benignus,

208 2721 321 2789 stabilis,
335 2726 435 2787 certus,
448 2734 572 2785 securus,
586 2721 678 2774 omnia
690 2725 798 2788 potens,
820 2734 931 2774 omnem
955 2719 1060 2774 babens
1074 2720 1214 2787 virtutem,
1227 2720 1322 2774 omnia
1335 2718 1438 2787 pmspi·

207 2822 283 2876 ciens
297 2843 303 2872 ι
318 2821 372 2889 ille,
386 2821 510 2888 inquam,
524 2821 639 2887 spiritus
653 2821 707 2874 cito
719 2819 795 2874 dedit
804 2821 828 2874 ei
838 2821 960 2874 notitiam
975 2820 1145 2888 perfectioris
1155 2819 1237 2887 vitae,
1251 2831 1337 2888 quarn
1351 2817 1437 2886 inqui·

209 2922 286 2975 rebat
306 2921 441 2987 invenire,
463 2921 550 2974 idest
569 2919 757 2973 monachicam
779 2921 987 2988 subjectionem.
1005 2922 1104 2973 Vemm
1125 2933 1187 2972 cum
1209 2920 1237 2971 in
1259 2919 1313 2973 boc
1330 2916 1472 2973 animus!

208 3021 281 3074 illius
296 3019 473 3074 confirmatus
487 3021 591 3086 fuisset,
606 3021 656 3073 boc
668 3019 740 3072 idern
754 3020 848 3081 statuit
858 3019 991 3087 perimere
1000 3020 1125 3088 diligenti
1134 3017 1370 3085 consideratione,
1382 3031 1436 3073 nen

209 3121 237 3173 in
250 3120 353 3173 famoso
366 3124 392 3172 et
405 3120 584 3173 celeberrimo
599 3120 763 3173 monasterio
776 3125 803 3173 et
814 3120 860 3187 qui
880 3120 972 3172 multis
990 3119 1186 3185 temporalibus
1204 3117 1329 3172 afflueret
1349 3118 1437 3185 bonis,

209 3221 259 3274 sed
272 3220 300 3273 in
313 3220 444 3273 vilissimo
458 3226 485 3272 et
495 3218 654 3286 despicabili
665 3225 692 3272 et
704 3220 817 3273 omnino
827 3219 1011 3286 pauperrimo,
1023 3219 1069 3272 ubi
1083 3232 1138 3272 non
1153 3219 1345 3285 honoraretur,
1356 3219 1438 3271 immo

208 3332 264 3373 non
276 3323 494 3388 cognosceretur,
508 3318 620 3371 omnino
631 3324 740 3371 mutans
752 3320 895 3385 pristinam
915 3320 1106 3386 intentionem,
1126 3325 1155 3371 ut
1167 3319 1213 3386 qui
1227 3324 1311 3372 antea
1323 3329 1434 3372 omnem

208 3419 330 3473 animum
343 3425 506 3485 apposuerat
527 3417 562 3470 ad
584 3419 782 3485 perquirendos
804 3420 939 3473 burnanos
959 3421 1087 3487 bonores,
1109 3419 1191 3473 mode
1213 3424 1328 3473 econtra
1349 3419 1472 3474 intumit

209 3521 331 3575 animum
343 3520 377 3573 ad
390 3532 500 3573 omnem
513 3518 692 3571 bumilitatem
705 3524 731 3571 et
744 3518 882 3572 vilitatem.

242 3621 292 3674 10.
306 3620 353 3674 Cui
367 3619 534 3687 perquirenti
557 3618 604 3672 ubi
627 3619 773 3672 baberetur
790 3619 870 3672 vilius
889 3624 976 3673 terrae
994 3620 1067 3673 illius
1083 3618 1259 3685 coenobium,
1277 3618 1385 3674 dictum
1399 3625 1440 3674 est

209 3733 266 3774 non
286 3720 367 3786 longe
387 3719 483 3771 abesse
504 3717 669 3771 coenobium
690 3718 829 3784 quoddam
849 3719 1053 3785 pauperrimum
1075 3723 1102 3772 et
1122 3717 1301 3784 despicabile,
1327 3718 1404 3787 quod
1425 3732 1440 3772 a

166 3846 173 3854 ·
208 3821 327 3888 quodam
338 3819 473 3873 monacho
484 3832 571 3885 nuper
582 3819 616 3871 de
626 3818 735 3871 saeculo
745 3831 876 3872 converso
887 3819 1081 3886 quoquomodo
1091 3817 1297 3882 aedificabatur,
1310 3820 1358 3886 qui
1369 3818 1441 3873 dice

209 3920 290 3973 batur
302 3919 455 3973 llerluinus.
470 3919 545 3982 Quod
557 3917 602 3970 ilie
614 3917 738 3982 audiens,
752 3919 857 3984 perpeti
871 3918 1010 3971 celeritate
1021 3919 1086 3972 illuc
1106 3916 1222 3972 advolat.
1236 3919 1337 3971 Evenit
1348 3924 1441 3972 autem
1458 3921 1472 3971 t

209 4020 256 4073 ilei
269 4018 440 4085 providentia
454 4024 492 4084 ut,
505 4031 568 4070 cum
581 4017 645 4069 illuc
670 4018 786 4081 reniret,
807 4018 891 4071 abbas
910 4032 958 4085 per
976 4019 1151 4084 semetipsum
1164 4017 1267 4071 iaceret
1279 4017 1395 4072 turnum
1408 4017 1443 4072 ad

209 4134 294 4187 panos
305 4118 474 4186 coquendos.
489 4120 639 4184 interrogat
651 4116 697 4169 ille
709 4117 755 4170 ubi
768 4124 840 4171 esset
851 4119 934 4172 abbas
947 4118 999 4172 loci
1013 4119 1094 4170 illius.
1114 4122 1259 4171 ostensum
1273 4122 1315 4170 est
1328 4118 1377 4172 ille
1394 4119 1444 4173 ubi

210 4220 382 4286 operabatur.
399 4221 431 4270 Et
442 4231 503 4270 cum
517 4217 551 4271 ad
566 4231 628 4269 eum
641 4217 792 4282 accederet,
815 4217 883 4270 sorte
904 4219 988 4271 abbas
1000 4219 1149 4270 intraverat
1161 4217 1284 4270 furnum.
1301 4218 1354 4283 Qui
1367 4232 1444 4273 acee-

209 4322 278 4373 dens
289 4320 323 4372 ad
335 4320 434 4371 ostium
447 4318 530 4378 turni,
546 4318 668 4369 nondum
690 4318 764 4368 enirn
785 4317 903 4383 desuper
921 4324 980 4371 erat
998 4324 1195 4383 constructum,
1215 4318 1369 4386 interrogat
1381 4320 1445 4386 quis

210 4421 346 4474 diceretur
358 4418 441 4471 abbas
455 4417 506 4470 loci
518 4416 600 4468 illius.
621 4416 669 4468 ille
684 4415 773 4468 statim
786 4416 927 4482 respondit
941 4433 946 4468 :
964 4418 1034 4484 Eae.
1051 4418 1109 4469 Sed
1121 4415 1176 4470 hoc
1187 4429 1245 4470 cur
1252 4418 1445 4484 perquiret
1461 4421 1472 4472 t

211 4520 243 4572 nt
255 4520 300 4571 ille
313 4534 320 4570 ε
334 4517 413 4576 Quin
425 4517 493 4569 volo
506 4514 556 4568 bic
568 4514 739 4569 monachus
748 4515 829 4582 ficri,
837 4516 867 4568 si
875 4516 932 4569 Dei
941 4518 971 4568 et
979 4518 1081 4569 restra
1092 4516 1237 4570 coticulas
1244 4518 1444 4583 pomoeria

210 4623 242 4677 Et
253 4620 337 4674 abbas
352 4635 358 4670 :
373 4618 414 4672 Ee
426 4616 559 4672 ctericus
577 4627 620 4668 are
644 4616 745 4671 laicus
757 4616 769 4669 t
782 4618 813 4668 Et
825 4616 891 4669 ilie:
909 4616 1045 4671 clericus
1062 4614 1218 4671 scholaris
1236 4629 1317 4686 sum,
1329 4631 1447 4686 gemere
