3316 5482
295 394 388 444 arae.
407 393 490 443 uer.
509 392 625 442 rems.
644 411 690 422 -
706 392 858 442 areuna.
880 393 926 442 ro
943 393 1021 441 coo.
1041 391 1106 442 5296
1128 395 1163 444 a.
1327 382 1348 447 9

107 567 161 618 tor
176 563 297 628 aecem,
310 564 340 615 et
351 560 472 629 faciam
484 562 513 613 te
524 572 674 626 maprenm
692 559 726 611 in
738 559 865 626 palatio
886 573 961 613 mro.
975 564 1042 613 sau⁴
1057 568 1167 617 sanetus
1180 563 1351 619 eleutherius

111 663 203 716 dixit:
222 660 320 714 Verba
329 663 385 713 tna
398 660 469 713 dole
481 661 510 712 et
522 658 739 712 amaritudine
746 659 846 725 plena
859 661 942 711 sarit.

143 763 175 815 5.
190 763 322 813 fremens
334 759 425 825 itaque
446 757 582 811 Adrianus
603 757 760 822 imperator,
771 758 853 822 iussit
865 756 967 809 adferri
981 759 1080 812 lectum
1094 773 1216 828 aereum,
1231 766 1258 814 et
1271 776 1352 829 expo·

108 862 191 915 liari¹
205 862 268 914 lecit
281 866 407 912 sanctum
419 859 606 911 Eleutherium
620 862 648 910 et
659 857 764 910 nudum
777 870 826 922 per
846 864 964 924 quatuor
982 859 1067 925 tendi,
1080 864 1111 912 ut
1128 862 1352 929 disjungerentur

71 962 90 1012 5
107 960 241 1012 dilieata²
253 965 328 1012 artus
341 959 528 1011 membrorum
541 958 610 1023 eius.
621 956 715 1010 omnis
728 955 820 1022 itaque
833 956 952 1022 populus
964 960 1102 1011 Romanus
1116 961 1236 1012 cucurrit
1248 961 1281 1013 ad
1301 963 1352 1015 hoe

108 1059 320 1125 expectaculum
343 1057 412 1110 tanti
433 1056 608 1121 certaminis3
622 1056 650 1107 in
660 1061 718 1122 'quo
731 1055 865 1108 clamabat
878 1057 968 1108 omnis
981 1073 988 1108 ι
1001 1057 1175 1122 [ripennian
1186 1062 1216 1112 et
1233 1061 1353 1127 sapien·

107 1160 194 1211 tem⁸
205 1159 235 1210 et
246 1155 514 1210 nooium⁴eirnin
525 1154 594 1208 enit
607 1153 783 1221 interficere
795 1153 976 1220 imperator.
992 1158 1022 1208 lit
1042 1170 1105 1209 eum
1124 1159 1266 1211 transisset
1285 1161 1352 1212 hora

106 1259 183 1323 eius,
193 1257 274 1322 jussit
287 1255 354 1308 solvi
367 1260 492 1308 sanetum
505 1253 702 1320 Eleutherium,
716 1266 830 1318 sperans
843 1266 907 1305 eum
928 1254 1037 1307 arsisse.
1051 1256 1114 1307 Erat
1135 1257 1208 1308 enim
1222 1258 1272 1310 sub
1292 1259 1351 1323 ipso

105 1356 182 1407 leete
200 1366 283 1407 aereo
295 1353 365 1420 ignis
377 1352 582 1418 copiosissimus
593 1354 749 1411 aecensus5.
763 1353 824 1403 llos
836 1358 925 1403 autem
939 1352 1081 1405 solverunt
1093 1366 1155 1405 eum
1175 1368 1272 1408 manus
1290 1358 1349 1421 ejus

51 1456 88 1507 re
107 1458 138 1506 et
161 1452 256 1519 pedes.
270 1454 501 1518 exsurgensquet
521 1463 613 1511 sanus,
626 1449 717 1514 coepit
737 1449 914 1501 deambulare
935 1454 961 1501 et
982 1452 1072 1504 omnis
1092 1453 1226 1518 populusi
1238 1458 1349 1508 extensa

106 1556 213 1605 mauu⁸
224 1551 319 1603 dicere
333 1565 340 1600 :
360 1549 427 1601 Viri
438 1548 580 1615 Romani,
593 1547 712 1601 audite.
725 1547 858 1613 Mapnus
871 1550 900 1600 et
913 1561 1004 1602 raras
1018 1564 1103 1602 nnus
1115 1552 1196 1605 Dens
1217 1553 1352 1620 omnipo·

107 1654 189 1715 tens,
208 1651 239 1702 et
260 1661 323 1703 non
341 1650 386 1701 est
403 1648 490 1700 alitis
506 1647 572 1699 nisi
589 1645 639 1700 aie
656 1659 745 1713 queem
757 1647 1027 1712 praedicaverant
1043 1650 1179 1716 apostoli
1195 1651 1308 1704 Petras
1320 1654 1350 1705 et

105 1751 245 1812 Paulus,
254 1760 315 1815 per
327 1760 403 1815 quos
416 1747 535 1799 mattas
546 1747 679 1800 virtutes
690 1748 720 1798 et
731 1746 885 1799 sanitates
903 1747 968 1813 ipse
988 1749 1069 1801 Dens
1081 1747 1156 1816 feeit
1169 1750 1202 1801 in
1208 1752 1327 1817 populo
1341 1769 1350 1818 ;

105 1852 141 1903 et
150 1849 306 1904 Simonem
318 1849 352 1900 in
365 1847 495 1914 mapicis
508 1846 630 1900 artibus
641 1852 652 1887 ⁹
662 1845 1212 1916 saispioriantern1⁰prostraeerant,
1223 1851 1252 1902 et
1264 1851 1351 1903 idota

54 1950 89 2003 15
107 1951 201 2001 ereata
214 1951 245 2001 et
255 1948 365 2012 surda,
381 1959 461 2014 qnae
472 1945 572 2000 cotitss
586 1945 749 1998 Adrianus
762 1945 942 2012 imperator,
961 1945 1029 1999 sais
1035 1946 1169 2014 pedibas
1182 1951 1347 2002 concerten-

109 2050 238 2101 renat,

144 2147 177 2198 6.
196 2149 272 2199 lune
294 2144 429 2198 Adrianus
450 2146 597 2211 imperator
615 2145 697 2210 iussit
718 2143 818 2196 adferri
840 2144 1026 2207 craticularit,
1040 2151 1067 2198 et
1089 2148 1345 2211 perunctumtoleo

106 2259 196 2312 super
216 2224 349 2298 arbones
370 2243 498 2297 ardentes
518 2243 603 2309 poni;
625 2243 794 2309 dixitquead
815 2250 940 2295 sanctum
952 2249 964 2283 ³
977 2245 1161 2298 Eleutherium
1174 2262 1179 2297 :
1194 2247 1256 2299 Per
1269 2246 1345 2298 inei-

105 2348 197 2400 ciam
207 2346 313 2409 sotem,
326 2345 401 2411 arria
413 2345 496 2398 sicut
507 2343 613 2412 filiam
626 2345 654 2396 te
667 2342 778 2396 nabebo
787 2343 845 2411 ⁴‚si
856 2344 928 2395 deos
946 2357 1027 2397 riwes
1037 2345 1231 2398 adoraveris.
1249 2346 1281 2399 Si
1293 2360 1347 2398 are·

48 2447 88 2498 2⁰
108 2447 174 2497 tem
187 2443 337 2510 reolneris,
355 2443 390 2495 in.
406 2443 467 2495 ista
482 2444 510 2495 te
521 2441 653 2496 assabo⁵
669 2441 835 2496 craticula.
850 2445 965 2494 sanetus
978 2443 1149 2496 eleutherius
1161 2443 1247 2496 dixit:
1259 2446 1346 2512 Lupe

107 2543 440 2611 remeatremeat
459 2555 615 2595 semones
636 2542 685 2594 ini
701 2560 709 2596 :
723 2544 822 2594 tecam
844 2542 908 2593 sin-t
927 2541 961 2593 in
975 2542 1163 2607 perditione.
1178 2543 1225 2594 Me
1243 2547 1349 2597 acite-m

107 2641 197 2695 scias
204 2654 261 2694 iaec
272 2654 375 2693 marin
385 2640 551 2693 Dominam
562 2639 780 2705 deretinquere
791 2652 846 2692 nee
859 2642 947 2691 taam
959 2640 1148 2694 craticulam
1160 2638 1347 2707 formidare.

107 2743 188 2792 lunc
205 2738 339 2791 Acirianus
352 2741 499 2804 imperator
517 2739 600 2803 jussit
619 2751 683 2790 eum
701 2737 831 2802 expoliari
845 2742 871 2789 et
884 2738 988 2789 nudum
1009 2738 1035 2789 in
1055 2738 1212 2790 craticulam
1234 2739 1345 2806 ignitam

107 2837 226 2903 imponi.
239 2840 389 2904 Statimque
402 2843 433 2889 ut
445 2841 485 2889 est
497 2837 649 2902 impositus,
663 2836 717 2888 ita⁷
729 2836 799 2902 ignis
811 2836 944 2888 extinctus
959 2840 1038 2887 estet
1051 2837 1208 2888 craticulam
1223 2838 1345 2890 refrixit-²

48 2938 85 2991 Β
104 2941 139 2989 ut
151 2950 187 2989 ne
200 2936 295 2989 leuiter
307 2950 367 2988 eam
380 2943 457 3001 tepor
469 2937 549 3003 ignis,
563 2936 609 3001 aui
623 2940 773 2987 accensus⁹
791 2934 889 2998 iuerat,
904 2941 1070 2987 remaneret.

143 3038 175 3088 7.
197 3036 236 3088 ed
257 3037 324 3088 hacc
345 3036 487 3087 insaniens
508 3035 643 3087 Adrianus
663 3035 811 3099 implerator
827 3035 908 3100 jussit
929 3035 1094 3101 sartaginem
1121 3036 1345 3087 immanissimam

104 3135 209 3201 repleri
233 3135 302 3187 oleo.
316 3137 347 3186 Et
359 3133 426 3186 dum
438 3135 565 3186 ebulliret
578 3139 605 3187 et
626 3133 805 3198 [iJnundaret
819 3134 887 3185 dixit
907 3134 1043 3186 Adrianus
1064 3136 1213 3200 imperator
1226 3136 1349 3187 Eleuthe-

106 3234 150 3309 rjo
165 3233 332 3287 :Miserere
354 3236 427 3285 tuae
443 3232 657 3286 nobilissimae
665 3233 854 3298 preveniens,
867 3246 906 3285 ne
923 3232 1029 3300 iraim]
1051 3235 1181 3287 deornm
1199 3234 1347 3288 incurrat

105 3334 139 3386 et
159 3331 253 3398 acrasi
265 3345 364 3383 serium
376 3331 542 3397 copadium
556 3332 590 3382 in
607 3331 703 3383 istane
714 3330 908 3396 sartapinenr
929 3329 1114 3397 eesrr'paris.
1128 3333 1275 3397 Respondit
1288 3347 1349 3385 san·

50 3433 87 3485 30
106 3436 170 3482 etus
183 3429 353 3481 eleutherius
365 3432 412 3492 [et]
424 3429 493 3481 dixit
506 3444 513 3480 ε
530 3429 604 3483 Calin
616 3429 661 3481 sis
673 3428 817 3481 cariosus
830 3429 977 3493 ninnium,
993 3429 1091 3483 >reiron
1103 3431 1252 3496 praeireodo
1266 3435 1274 3469 1
1286 3445 1346 3484 non

99 3527 240 3595 potuisti
259 3528 302 3578 ad
323 3526 378 3581 hoe
395 3526 583 3593 pertinuere,
606 3527 687 3592 qaod
711 3529 773 3578 tres
789 3526 887 3592 paeri
910 3526 1035 3579 iraenaei
1055 3528 1150 3581 missi
1171 3529 1202 3580 in
1226 3531 1349 3583 cornino

105 3625 421 3692 flarrerrraeardentie
435 3625 526 3690 cepres
543 3625 679 3677 aititado
697 3626 864 3691 senapinta
885 3626 997 3678 errln'tis
1015 3628 1101 3679 carta
1122 3628 1347 3680 stridentibnsss

99 3725 235 3792 pabulis
248 3727 330 3792 picis
348 3728 378 3778 et
395 3725 520 3778 resinae
536 3728 565 3778 et
583 3727 815 3778 sarmentorum
837 3725 997 3793 serebatur
1016 3726 1049 3777 in
1067 3726 1171 3793 arabes,
1192 3727 1226 3778 in
1243 3728 1343 3780 medio

105 3823 205 3888 arans
216 3824 365 3889 fiammae
379 3824 488 3877 laetati
494 3828 506 3864 ³
517 3825 674 3877 cenitando
683 3825 789 3890 potius
798 3839 892 3891 peram.
903 3825 1038 3878 timendo
1044 3830 1266 3892 permanentes
1278 3840 1347 3893 pre-

142 3986 237 4038 num.
251 3988 280 4038 5.
296 4014 327 4024 -
342 3991 350 4025 ¹
365 3987 461 4053 prius
482 3988 630 4053 expoliare.
645 4015 674 4025 -
687 3992 698 4026 2
711 3988 756 4041 ita
777 3990 843 4042 eod.
858 4018 887 4027 —
906 3995 917 4030 ³
934 3990 1029 4054 prius
1051 3990 1199 4056 sapienter.
1213 4019 1245 4027 —
1256 3995 1268 4028 ⁴
1280 3991 1346 4042 ced.

108 4067 239 4120 novilem.
254 4096 284 4106 -
296 4069 411 4134 5prins
431 4082 566 4122 accessus.
583 4076 635 4110 -6
655 4085 708 4137 que
728 4073 803 4125 add.
817 4086 837 4125 a
857 4085 938 4125 corr.
954 4102 985 4110 -
1000 4078 1011 4112 ⁷
1024 4073 1070 4125 ita
1093 4074 1169 4140 cod,
1190 4075 1246 4139 lep.
1270 4073 1344 4126 ouini

107 4150 221 4215 populo.
230 4179 261 4187 -
273 4156 284 4189 ⁸
291 4150 387 4217 pria-s
402 4164 524 4204 manum.
535 4181 568 4189 —
579 4153 693 4218 aprins
703 4155 797 4206 meleis
809 4155 922 4219 (artibus
935 4155 1008 4207 (edd.
1022 4157 1147 4220 carrl-
1157 4157 1280 4222 1⁰prins
1291 4156 1347 4223 glo·

108 4232 481 4299 riante.-1¹priascolet.
495 4245 576 4287 corr.
591 4235 683 4287 celarit.

141 4313 234 4364 Num.
249 4315 281 4364 6.
294 4341 329 4350 -
342 4318 350 4351 ¹
363 4314 429 4366 cod.
442 4315 612 4382 graticulam,
625 4318 654 4367 et
668 4316 713 4368 ita
734 4318 887 4383 deinceps.
901 4347 933 4354 —
946 4322 956 4354 ²
966 4318 1062 4384 prins
1076 4324 1234 4383 perunctam
1248 4336 1254 4381 ;
1269 4319 1346 4370 Eleu-

107 4396 227 4447 therium
241 4396 316 4447 add.
330 4408 410 4448 corr.
424 4423 458 4432 -
468 4399 480 4435 ³
489 4396 582 4462 prins
595 4405 728 4449 sanctam.
742 4428 774 4436 -
787 4405 797 4438 ⁴
804 4400 900 4465 prius
914 4401 1009 4452 liabeo.
1024 4428 1055 4437 -
1067 4404 1078 4438 ⁵
1085 4401 1181 4467 prins
1194 4402 1300 4453 arsabo.
1315 4430 1347 4438 -

104 4478 222 4545 spinas
233 4479 321 4530 aride.
335 4506 368 4515 -
379 4484 390 4517 7
402 4491 462 4530 von
473 4479 574 4530 dcteta
591 4493 611 4530 a
623 4493 703 4533 corr.
718 4510 750 4518 -
761 4488 772 4521 ⁸
779 4483 875 4548 prius
888 4482 986 4534 reluxit.
1000 4512 1033 4520 -
1044 4489 1055 4523 ⁰
1067 4484 1133 4536 eod.
1147 4497 1282 4535 accessus.

142 4561 235 4613 Num.
249 4563 282 4613 7.
296 4588 328 4598 -
342 4564 349 4598 ¹
372 4561 437 4613 cod.
451 4563 606 4614 commodo.
620 4591 653 4599 -
664 4566 675 4601 ἰ
687 4564 752 4616 cod.
771 4563 970 4618 inridentibus,
986 4594 1016 4603 -
1032 4569 1043 4604 ὃ
1060 4566 1126 4619 cod.
1146 4567 1249 4625 lactan,
1263 4579 1344 4619 corr.

105 4644 209 4696 laetati.
