3316 5482
373 376 466 426 aren.
485 375 569 427 unp.
589 375 705 426 roms.
724 395 770 406 —
785 374 939 425 sperono.
961 374 1008 424 no
1025 374 1102 424 coo.
1127 373 1202 423 sees.
1337 357 1404 424 253

187 547 284 600 tissimi
299 544 426 600 Gendulfi
438 546 544 599 viribus
556 557 712 612 praesumo,
726 558 808 613 quem
822 544 888 597 mibi
903 545 930 596 in
944 544 996 597 boc
1008 556 1091 610 opere
1103 555 1153 596 sua
1164 542 1340 597 condonante
1351 541 1404 597 cle-

187 645 272 698 rentia
284 658 396 712 semper
407 650 581 712 praesentem
595 657 651 697 non
663 644 769 711 dubito,
783 656 902 710 comque
914 643 1046 696 Dominus
1057 642 1131 696 dicat
1145 641 1258 709 :Aperi
1268 653 1302 695 os
1315 643 1403 695 tuum

187 747 198 797 t
213 757 266 813 eqo
279 743 455 811 adimplebo
468 744 561 812 illud,
575 745 697 811 aperiam
711 745 740 797 in
752 745 812 811 ejus
828 744 940 798 nomine
954 756 985 796 os
997 749 1025 796 et
1036 744 1139 810 majora
1160 743 1266 795 viribus
1278 742 1398 796 audebo.

187 857 236 896 um
250 856 314 897 vero
327 856 391 896 cum
402 856 432 895 se
451 842 518 895 satis
538 843 623 909 ipsius
642 843 808 895 sanctissimi
828 843 914 895 virtus
935 847 1054 896 ostentet
1075 849 1102 895 et
1123 855 1172 895 sua
1184 841 1262 909 quasi
1274 840 1394 909 quadam

187 943 364 996 tiraculorum
374 941 522 995 dulcedine
533 948 560 995 et
572 943 736 995 excellentia
745 955 869 1009 quosque
881 942 1021 996 auditores
1036 942 1231 996 benivoles‘et
1248 941 1396 995 attentissi-
1437 987 1441 995 ,
1459 944 1468 966 ·
1506 941 1512 954 '
1531 983 1539 998 .

187 1050 227 1097 ιω
239 1042 346 1106 reddat,
360 1056 417 1097 non
427 1043 493 1095 milri
507 1056 576 1109 opos
587 1046 628 1095 est
640 1043 824 1109 crispantibus
836 1042 950 1109 syllabis
959 1046 1006 1095 aut
1018 1042 1164 1096 artificiosa
1176 1042 1335 1108 eloquentia
1345 1042 1398 1094 ista

187 1153 299 1209 ompare
311 1142 468 1195 dictamina.
483 1144 569 1206 Quem
582 1143 656 1195 enim
668 1143 736 1196 tanti
748 1143 799 1196 viri
811 1148 922 1211 tamque
939 1143 1073 1211 praeclari
1094 1141 1290 1197 miraculorum
1311 1141 1401 1196 excel·

187 1241 251 1295 entia
263 1253 322 1294 non
334 1241 430 1295 iecerit
441 1246 588 1308 attentum,
602 1243 711 1295 nuncsi
731 1242 825 1309 aliqua
846 1242 957 1297 dicendi
979 1243 1111 1296 suavitate
1123 1246 1171 1296 aut
1190 1242 1329 1310 aliquibus
1343 1240 1400 1308 epi·

187 1341 235 1408 igis
246 1338 406 1408 ottra[lte]re
418 1352 545 1407 conarer,
554 1346 613 1393 tum
625 1344 700 1395 certe
712 1342 833 1395 iacerem
845 1341 920 1409 quod
932 1342 979 1409 qui
992 1341 1063 1396 lavat
1074 1342 1198 1396 laterem,
1213 1343 1268 1394 Nec
1280 1353 1325 1394 me
1334 1353 1401 1394 vero

187 1453 263 1494 terrae
276 1440 420 1494 bominum
432 1440 578 1507 opiniones
590 1440 806 1508 praesumptioni
820 1445 925 1507 notent,
938 1441 1013 1508 quod
1025 1442 1138 1495 alterius
1156 1442 1250 1494 stilum
1259 1444 1400 1507 tamquam

187 1540 364 1607 irrigendum
384 1540 537 1606 accipiam:
559 1540 624 1607 quia
645 1553 702 1594 non
713 1541 748 1594 ad
770 1541 821 1595 boc
840 1541 924 1593 vitam
945 1540 1099 1595 rescribere
1118 1545 1221 1608 tempto
1234 1546 1264 1594 ut
1280 1540 1401 1607 primum

187 1639 332 1706 triptorem
341 1639 517 1707 redarguam3
530 1639 577 1692 sed
589 1639 637 1706 qui
649 1639 749 1692 testum
759 1641 828 1706 ejus,
838 1640 926 1694 sancti
938 1641 1054 1707 spiritus
1066 1640 1203 1694 tribuente
1212 1640 1309 1708 gratia,
1322 1639 1402 1693 novis

187 1739 353 1806 esponsoriis
371 1738 547 1818 donaveram,
572 1739 738 1806 condignum
760 1739 818 1792 iore
839 1739 992 1794 existimavi
1018 1752 1090 1794 nouo
1108 1739 1180 1793 vitae
1201 1739 1305 1793 dictatu
1329 1739 1402 1792 idern

187 1837 272 1890 ebere
284 1837 392 1890 donari.
405 1838 444 1890 td
458 1838 510 1889 boc
523 1838 605 1890 etiam
618 1837 733 1901 aceedit,
747 1838 811 1904 quia
824 1837 959 1904 quosdam
972 1839 1056 1906 magis
1075 1850 1146 1891 nova
1163 1837 1303 1891 delectant
1320 1850 1404 1905 quam

187 1941 271 1990 ctera.
285 1938 350 1999 Nec,
363 1949 461 2002 precor
472 1936 526 1988 illis
538 1938 585 2002 qui
598 1936 633 1990 de
654 1937 776 1989 minimis
790 1938 908 1991 maxima
928 1938 1078 2004 postulant,
1091 1939 1144 1991 boc
1162 1943 1287 1992 nostrum
1310 1937 1402 2004 potios

187 2035 325 2102 espiciant
336 2034 500 2101 opusculum
512 2049 595 2102 quam
607 2019 772 2102 inspiciant3
786 2037 918 2102 quoniam
931 2049 982 2090 nec
998 2037 1173 2104 eloquentiae
1191 2036 1404 2103 compositiones

187 2137 216 2189 ed
229 2135 272 2188 rei
285 2136 428 2189 veritatem
442 2136 597 2201 exprimere
609 2148 753 2201 conamur,
767 2149 821 2189 nec
832 2137 869 2189 ita
883 2149 934 2190 nos
951 2137 1062 2203 spiritus
1083 2136 1184 2191 afflavit
1204 2137 1358 2191 rhetoricus
1374 2139 1405 2189 ut

187 2248 216 2288 os
228 2236 280 2302 qui
293 2234 346 2287 lata
357 2235 560 2303 angustissime,
569 2240 683 2303 angusta
696 2235 836 2304 latissime,
851 2236 959 2304 vulgate
971 2235 1103 2291 decenter
1119 2249 1199 2303 nova,
1209 2237 1309 2290 usitata
1322 2248 1403 2302 nova,

187 2335 297 2387 stenui
313 2347 463 2403 remaque,
476 2335 642 2388 maximade
654 2335 776 2388 minimis
797 2341 913 2402 possunt
932 2335 1049 2403 efficere,
1063 2350 1180 2405 quorum
1200 2340 1232 2390 ut
1251 2337 1303 2389 sibi
1324 2335 1405 2389 mini-

187 2447 245 2487 ram
258 2439 387 2500 exoptent
407 2434 467 2487 dari
487 2435 639 2501 materiem,
653 2435 682 2487 in
694 2448 749 2502 qua
761 2448 857 2489 eorum
873 2435 1038 2490 redundatio
1051 2436 1196 2491 facundiae
1215 2440 1298 2503 queat
1318 2436 1405 2489 enite-

187 2546 261 2587 cere.
273 2534 357 2588 Nobis
365 2539 458 2587 autem
468 2534 497 2587 in
507 2534 604 2587 studiis
616 2534 734 2587 aliorum
746 2535 848 2589 diutius
861 2540 968 2589 nonest
980 2536 1195 2602 immorandum,
1209 2535 1256 2590 sed
1270 2534 1361 2602 potius
1370 2533 1405 2587 ad

187 2633 197 2685 l
210 2632 290 2700 quod
302 2633 393 2687 facere
405 2634 598 2700 proposuimus
610 2633 764 2688 indubitata
775 2633 830 2687 tide
843 2648 960 2702 propere
970 2636 1124 2690 veniamus.

409 2835 540 2910 Incipit
559 2835 640 2897 vite
660 2836 760 2899 besti
781 2839 944 2899 Gendultl
964 2836 1158 2911 praesulis.

206 3031 275 3084 2-5.
288 3031 469 3098 Temporibus
480 3031 554 3086 becii
567 3031 741 3099 imperatoris
764 3032 951 3098 persecutio...
964 3032 1032 3101 (Act.
1055 3034 1112 3096 ss„
1126 3033 1196 3086 tom.
1219 3030 1267 3086 XI
1288 3029 1362 3097 oct,
1369 3044 1406 3099 p.

187 3131 291 3198 wi,
303 3143 392 3184 bum.
407 3132 476 3195 5-8.)

204 3230 240 3284 6.
253 3228 377 3283 Audiens
389 3235 482 3283 autem
494 3231 546 3283 boc
566 3229 679 3296 quidam
699 3232 792 3296 bomo,
815 3231 929 3284 nomine
950 3229 1109 3298 adibertus
1132 3230 1208 3285 uenit
1228 3230 1263 3284 ad
1281 3229 1407 3283 sanctum

187 3328 343 3382 'endulium
355 3335 382 3381 et
394 3328 494 3382 cecidit
505 3328 539 3381 ad
554 3328 637 3395 pedes
652 3330 721 3395 ejus,
734 3328 831 3382 dicens
844 3343 851 3381 :
869 3328 996 3383 Obsecro
1009 3331 1046 3397 te,
1060 3329 1193 3397 domine,
1207 3331 1242 3383 ut
1253 3329 1362 3384 oenias
1374 3329 1410 3382 in

187 3429 302 3482 limum
313 3441 415 3482 meam
434 3431 463 3482 et
477 3428 587 3481 liberes
605 3428 710 3496 filiam
723 3428 875 3482 meamab
897 3429 1087 3497 infirmitate
1107 3443 1168 3497 quo
1192 3429 1362 3483 detinetur.
1377 3428 1411 3482 Si

187 3530 260 3582 nim
272 3526 328 3582 boc
339 3527 462 3597 feceris,
476 3529 602 3581 credam
616 3528 651 3580 in
664 3529 761 3581 Deum
774 3530 874 3582 tuom,
888 3531 964 3582 Tunc
976 3529 1043 3582 abiit
1054 3535 1166 3582 sanctus
1177 3528 1329 3582 Gendulius
1345 3541 1409 3582 cum

187 3629 233 3695 lo,
242 3632 271 3681 et
282 3629 387 3681 sanavit
396 3626 480 3681 tiliam
494 3628 579 3693 ipsius
592 3628 621 3679 in
634 3628 746 3681 nomine
759 3627 984 3681 bominividens
993 3632 1085 3681 autem
1093 3634 1170 3694 pater
1180 3628 1265 3682 tiliam
1274 3633 1409 3694 sanatam,

187 3728 263 3794 oepit
286 3726 427 3795 deprecari
451 3728 561 3780 beatum
586 3726 753 3780 oenduttum
778 3732 807 3779 ut
830 3728 978 3793 baptizaret
1002 3741 1066 3780 eum
1089 3742 1151 3781 com
1176 3741 1264 3783 uxore
1287 3732 1314 3781 et
1344 3726 1409 3780 lilia.

187 3826 321 3880 udieutes
331 3826 424 3892 itaque
437 3826 515 3878 multi
526 3824 627 3877 infirmi
638 3825 769 3878 miracula
778 3838 850 3892 quae
861 3826 976 3878 iaciebat
986 3825 1148 3892 Gendullus,
1156 3831 1307 3892 coeperunt
1315 3826 1410 3881 venire

187 3925 202 3979 d
215 3937 294 3990 eum,
308 3927 339 3976 ut
351 3929 461 3977 sanaret
473 3937 531 3977 eos.
546 3926 578 3976 lt
590 3924 636 3977 ille
649 3925 763 3977 curabat
775 3937 823 3976 eos
836 3925 990 3978 innomine
1003 3926 1121 3979 bomini.

200 4022 272 4076 7-9.
288 4023 396 4076 interea
409 4036 471 4075 cum
484 4025 551 4075 haec
562 4028 752 4091 asserentum...
765 4025 847 4085 (tom.
859 4023 923 4090 cit,
930 4037 967 4090 p.
982 4025 1044 4090 793,
1057 4037 1142 4078 num.
1157 4026 1244 4090 9-tt.)

204 4117 259 4172 1⁰.
272 4122 369 4173 Postea
383 4119 543 4174 recedentes
555 4120 662 4173 inde...
676 4121 715 4173 ibi
725 4121 828 4173 servire
841 4122 895 4175 beo
909 4121 1084 4188 potuissent..
1097 4121 1232 4191 (ibid.,p.
1245 4124 1306 4191 tot,
1319 4135 1407 4177 num.

187 4221 214 4272 ’ὅ
227 4218 312 4284 init)

209 4321 259 4372 11.
272 4318 606 4386 Audientesquoqueviri
625 4319 744 4386 religiosi
766 4317 840 4385 quod
862 4320 976 4372 arduam
1000 4320 1174 4374 beatissimus
1195 4324 1235 4374 vir
1256 4321 1408 4374 Gendulius

187 4417 293 4470 coenat
312 4419 405 4484 vitam,
418 4419 566 4470 veniebant
586 4417 620 4469 ad
642 4431 716 4482 cum,
740 4417 878 4470 tradentes
898 4418 937 4470 illi
958 4433 1022 4472 suas
1044 4423 1242 4488 possessiones,
1256 4434 1365 4475 necnon
1383 4427 1410 4474 et

187 4529 283 4569 omem
295 4518 392 4583 capitis
404 4523 516 4583 propter
529 4530 631 4571 nomen
644 4517 751 4569 bomini
765 4516 867 4569 ibidem
885 4517 1066 4584 deponentes.
1081 4522 1241 4574 sicutenim
1262 4534 1344 4588 supra
1366 4521 1409 4573 in·

187 4620 274 4669 ertum
286 4621 338 4680 est,
351 4630 367 4668 a
380 4617 424 4670 die
438 4615 622 4670 ordinationis
636 4629 701 4668 suae
715 4628 804 4683 usque
825 4616 860 4669 od
873 4622 990 4670 mortem
1010 4619 1105 4673 uinum
1127 4633 1184 4674 non
1205 4619 1286 4687 bibit,
1307 4633 1406 4687 panem
