3316 5482
271 365 365 416 amn.
383 363 467 416 uur.
485 363 603 415 raam.
620 382 667 394 —
682 361 836 412 arreum.
855 361 902 410 an
918 359 996 410 oon.
1016 357 1092 408 5317.
1234 343 1298 409 135
1325 427 1328 433 Ι

91 517 255 592 ideii‘lznum
267 535 347 588 simul
359 547 423 588 cum
434 534 475 587 eis
486 533 577 600 adepti
590 536 666 586 sunt.
686 531 788 585 Deinde
810 531 891 584 simul
905 543 1002 583 omnes
1021 529 1054 583 ad
1076 530 1187 596 propria
1208 543 1297 583 reuer-

97 629 179 687 muns,
189 639 272 687 Secum
283 634 425 688 duxerunt
435 632 573 687 valerium
585 632 740 696 diaconem,
754 632 802 698 qui
815 636 841 684 ei
853 644 902 684 eos
915 630 1024 696 plenius
1046 635 1073 683 et
1093 630 1161 683 alios
1173 633 1298 683 errantes

10 736 12 749 ¹
57 724 60 729 “
99 721 200 780 doctriua
208 734 300 798 pariter
311 737 340 786 et
351 733 475 799 exemplo
487 745 537 786 suo
550 731 584 784 ad
597 730 681 785 iidem
695 731 795 783 Christi
807 734 989 784 converteret.

132 822 218 884 Mum
235 838 293 898 post
312 845 369 885 non
387 833 499 901 longum
520 831 652 897 temporis
673 830 790 897 spatium
813 830 956 897 religiosos
976 835 1054 883 actus
1073 830 1210 884 bonorum
1226 829 1297 882 lama

75 923 220 984 bdiilxiact
235 933 367 996 virorum,
387 933 422 985 ad
439 945 521 985 aures
539 932 674 998 principis
690 931 812 984 delatum
831 936 872 983 est
893 943 995 983 nomen
1015 930 1236 983 christianorum.
1258 928 1297 981 ld

103 1036 165 1091 dits,
174 1033 198 1083 ut
207 1037 265 1086 ante
277 1045 342 1086 eum
359 1031 487 1085 venirent
504 1036 585 1098 atque
604 1030 685 1085 idolis
703 1029 898 1095 sacrificarent,
913 1031 988 1083 misit
999 1029 1211 1097 Strotirogildum
1229 1030 1297 1084 vica-

100 1127 163 1182 iilm.
173 1132 239 1196 Quod
251 1146 314 1186 cum
334 1132 473 1199 perterriti
492 1132 644 1195 audissent,
658 1132 750 1185 omnia
769 1145 840 1198 quae
853 1132 992 1184 habebant
1006 1130 1197 1197 relinquentes
1209 1135 1236 1184 et
1251 1143 1296 1197 pa·

94 1224 166 1291 triam
177 1236 251 1284 nocte
263 1230 362 1284 eadem
375 1231 492 1283 latenter
509 1231 637 1298 sugerunt
654 1235 682 1284 et
693 1231 821 1284 exierunt
832 1230 867 1284 de
878 1235 951 1283 terra
972 1244 1031 1285 sua.
1045 1233 1076 1284 Bt
1087 1245 1160 1285 unus
1173 1230 1296 1298 quidem,

10 1382 12 1389 ,
86 1326 177 1383 scilicet
187 1330 310 1393 felicius,
323 1343 385 1382 cum
404 1329 511 1383 valerio
523 1329 640 1384 diacono
658 1330 772 1384 Galliam
785 1330 942 1398 repedavit3
956 1331 1025 1384 aiter
1042 1344 1117 1394 uero,
1131 1331 1213 1385 idest
1228 1333 1296 1384 llar-

43 1428 70 1481 lb
78 1428 165 1494 cellas,
176 1430 373 1499 Petragoricam
386 1430 527 1483 remansit.
538 1430 661 1496 indeque
673 1442 737 1483 cum
750 1442 836 1484 uxore
848 1443 907 1497 sua,
916 1429 1063 1483 Benedicta
1075 1430 1198 1495 nomine,
1207 1442 1296 1483 seces·

74 1528 106 1581 sit
117 1529 151 1582 ad
162 1528 252 1583 locum
268 1528 316 1596 qui
328 1533 441 1582 vocatur
452 1527 640 1594 Gemiliacum,
654 1527 701 1594 qui
719 1526 838 1580 distabat
856 1543 871 1582 a
889 1529 1012 1595 praelata
1030 1530 1098 1582 urbe
1117 1529 1230 1582 milibus
1248 1542 1296 1582 un-

69 1628 167 1692 decim,
178 1640 262 1696 agens
284 1627 321 1680 ibi
341 1627 423 1680 vitam
442 1632 566 1680 sanctam
583 1633 727 1694 artemque
745 1627 855 1694 qualem
873 1627 1008 1681 didicerat
1022 1629 1204 1682 :hortulanus
1221 1629 1296 1682 enim

64 1732 135 1781 crat.
148 1726 270 1791 Quadam
283 1727 366 1792 ipitur
377 1726 433 1793 die,
446 1725 514 1778 dum
527 1728 555 1779 in
569 1728 647 1780 lrorto
669 1739 746 1782 more
765 1728 845 1781 solito
858 1727 1004 1789 laboraret,
1018 1741 1051 1781 ex
1072 1729 1131 1795 ipso
1144 1729 1240 1783 labore
1257 1730 1295 1782 si·

62 1832 140 1882 ctum
156 1826 209 1881 sibi
221 1832 248 1880 et
259 1827 338 1880 uxori
351 1839 416 1879 suae
428 1828 597 1893 conquirens
609 1828 840 1896 qualemcumque
859 1834 959 1894 posset,
972 1829 1048 1882 venit
1066 1829 1100 1882 ad
1118 1843 1181 1882 eum
1199 1830 1295 1883 cadem

13 1930 44 1982 tt
60 1940 136 1982 uxor
152 1939 213 1992 sua,
226 1939 298 1993 quae
311 1926 382 1979 etde
399 1927 487 1992 primo
500 1933 580 1992 partu
591 1927 702 1995 gravida
720 1934 780 1980 erat
797 1929 941 1995 vicinaque
959 1929 1225 1994 permittendum
1243 1931 1294 1983 suli

58 2029 163 2083 arbore
181 2026 300 2094 quadarn
320 2026 462 2092 resideret,
476 2040 575 2093 sopore
595 2034 720 2094 correpta
737 2034 788 2082 est.
807 2032 929 2096 cumque
947 2044 1034 2097 paene
1053 2030 1231 2096 obdormiret,
1245 2044 1296 2085 uox

57 2125 95 2180 ad
104 2138 168 2180 eam
180 2124 301 2191 desuper
313 2127 395 2178 missa
405 2131 448 2178 est
457 2125 552 2179 dicens
563 2139 570 2178 τ
580 2127 785 2181 illucescente
795 2140 917 2181 aurora
926 2127 991 2181 diei
1001 2127 1178 2183 dominicae
1184 2129 1296 2196 paries

57 2226 181 2294 filium,
197 2225 367 2281 Benedicta
379 2237 388 2274 .·
401 2239 492 2294 quern
503 2239 575 2280 cnm
587 2227 620 2279 in
633 2226 752 2294 fontem
768 2227 856 2281 sacri
872 2227 1072 2295 baptismatis
1089 2229 1290 2297 immerseris,

58 2323 119 2379 ltoc
136 2323 265 2378 nomine
280 2337 352 2378 eum
368 2324 517 2380 vocitabis
531 2326 667 2394 :Bresioi
681 2325 807 2380 credis?
824 2329 853 2380 et
871 2326 937 2393 ipse
952 2326 1168 2393 respondebit:
1185 2327 1291 2382 Credo.

10 2425 42 2477 itt
59 2425 125 2477 lox
141 2423 329 2490 expergefacta
342 2424 441 2477 mulier
452 2426 573 2478 surrexit
584 2425 619 2478 de
629 2426 706 2491 loco;
723 2425 816 2478 retulit
827 2438 860 2478 ea
876 2438 947 2492 quae
959 2424 1084 2478 audierat
1096 2426 1153 2478 viro
1171 2439 1230 2480 suo.
1244 2427 1295 2490 Qui

60 2519 138 2574 dixit
154 2522 180 2574 ei
195 2542 201 2571 ι
214 2521 262 2576 Ne
271 2523 392 2589 creatas,
405 2523 522 2579 dilecta
543 2537 632 2590 mea,·
643 2525 697 2578 sed
709 2525 834 2591 sipnam
845 2527 974 2578 sanctae
990 2524 1095 2578 crucis
1106 2523 1208 2591 fronti
1221 2527 1296 2579 tuae

60 2619 164 2701 citius
185 2619 339 2689 imprime,
360 2635 401 2676 ne
420 2621 502 2689 forte
508 2621 685 2690 phantasia
696 2624 857 2678 daemonis
869 2623 982 2692 licerit,
1004 2624 1086 2678 sicut
1106 2624 1190 2677 discit
1201 2624 1293 2691 psal-

61 2719 162 2772 mista
175 2733 184 2763 -·
196 2718 221 2772 A
234 2719 344 2774 limare
363 2723 517 2775 nocturno
538 2725 566 2775 et
577 2735 598 2775 a
618 2722 736 2791 sapitta
748 2724 872 2777 volante
884 2723 918 2776 in
938 2723 997 2790 die,
1010 2736 1130 2778 alemeon
1146 2726 1176 2776 et
1187 2737 1208 2777 a
1226 2724 1296 2777 ciae-

61 2817 172 2873 monio
191 2818 377 2887 meridiana,
390 2821 545 2887 protectio
565 2822 619 2875 Dei
632 2822 775 2876 liberabit
786 2835 852 2877 nos.
866 2823 904 2876 ln
917 2823 1065 2890 proximo
1084 2826 1188 2877 tamen
1200 2823 1295 2877 domi·

10 2920 45 2972 Ἃ
62 2918 143 2972 nica
155 2917 223 2971 dces
238 2917 352 2985 futura
363 2922 419 2973 est.
427 2920 548 2974 Veritas
559 2920 656 2988 faciet
667 2921 754 2975 nobis
766 2923 869 2990 fidem.

98 3017 134 3069 6.
152 3018 236 3085 igitur
253 3016 417 3072 adveniente
435 3020 480 3072 die
503 3018 641 3071 dominica
659 3027 686 3072 et
704 3022 880 3075 illucescente
898 3035 997 3076 aurora
1015 3023 1100 3089 ipsius
1118 3023 1172 3076 dici
1191 3023 1299 3089 peperit

63 3117 156 3170 tilium
174 3115 263 3169 tidelis
280 3119 435 3184 Benedicta,
446 3131 527 3185 quem
546 3118 665 3172 infidelis
679 3122 735 3186 jam
754 3122 818 3174 olim
837 3126 1009 3188 conceperat.
1029 3125 1060 3174 Bt
1077 3123 1140 3188 quia
1159 3123 1202 3174 isti
1219 3122 1297 3176 valde

63 3218 166 3284 inopes
180 3221 259 3270 erant
270 3223 297 3270 et
314 3223 452 3283 tamquam
466 3217 535 3270 nillil
554 3220 662 3285 penitus
674 3220 815 3285 habentes,
830 3221 938 3273 accolae
958 3222 1010 3273 loci
1024 3221 1096 3273 illius
1113 3221 1298 3290 dedignaban-

63 3322 110 3370 tur
124 3317 181 3369 nati
201 3317 290 3383 pueri,
303 3317 427 3383 quamns
445 3319 540 3386 rogati,
554 3319 653 3384 patrini
672 3318 741 3371 lieri.
755 3321 831 3384 Quod
850 3334 912 3372 cum
931 3320 1051 3373 audisset
1069 3325 1145 3386 pater
1157 3322 1216 3388 ejus
1232 3325 1298 3375 llar-
1389 3329 1395 3340 '

11 3418 46 3471 ab
63 3415 166 3481 celius,
178 3414 253 3467 venit
265 3418 292 3468 et
310 3416 429 3467 narravit
446 3416 498 3469 lroo
515 3415 617 3469 domno
631 3418 752 3484 Eugenio
770 3420 941 3485 presbytero.
954 3421 1041 3484 Super
1059 3432 1113 3485 quo
1127 3419 1205 3473 valde
1223 3433 1293 3473 com·

66 3521 190 3584 punctus
210 3514 284 3568 idem
296 3516 437 3583 presbyter
449 3515 519 3569 dixit
530 3518 554 3570 ei
568 3517 674 3583 :Vada
689 3517 834 3586 virbone,
847 3521 876 3571 el
888 3518 1218 3586 afferpuernm.Qucm
1236 3534 1298 3573 cum

65 3615 212 3680 attulisset,
234 3615 393 3681 presbytero
414 3616 514 3668 iterum
541 3618 726 3684 interrogante
743 3631 798 3684 quo
823 3620 934 3671 nomine
952 3619 1035 3671 vellet
1054 3633 1117 3672 eum
1138 3620 1239 3683 vocari,
1259 3633 1299 3672 re-

65 3714 181 3783 spondit
192 3718 269 3781 pater
282 3731 289 3767 z
300 3715 428 3782 Quavis,
438 3715 558 3769 domne.
569 3716 639 3770 Nan
650 3729 720 3769 mea
731 3718 877 3771 volsinios
889 3719 942 3771 sed
955 3721 1010 3772 tna
1023 3720 1091 3787 fiat.
1103 3721 1133 3770 Bt
1144 3731 1206 3770 cum
1219 3719 1301 3771 vellet

66 3816 143 3868 idem
155 3815 292 3881 Bugonius
304 3827 405 3867 nomen
418 3828 498 3868 suum
517 3814 541 3867 ei
554 3815 704 3883 imponere,
719 3818 860 3882 respondit
871 3818 962 3870 inians
975 3832 982 3870 :
996 3818 1066 3872 Non
1077 3818 1134 3883 ita,
1146 3818 1200 3871 sed
1213 3818 1300 3871 Etesi-

14 3919 48 3970 35
64 3915 137 3970 cius
153 3913 215 3967 erit
234 3925 346 3967 nomen
362 3927 484 3979 meam;
496 3920 523 3967 et
543 3914 661 3981 amplius
679 3916 748 3968 nilril
765 3923 806 3969 est
825 3917 940 3970 locutus.
955 3920 1052 3971 Octava
1070 3923 1162 3971 autern
1178 3918 1300 3971 nativita-

66 4016 104 4067 tis
126 4014 187 4080 ejus
199 4012 259 4066 dies
276 4013 343 4065 llaec
355 4018 423 4066 erat.
437 4015 537 4066 Omnes
554 4027 620 4082 crgo
640 4016 688 4081 qui
706 4014 822 4068 aderant
839 4017 948 4069 stabant
965 4016 1108 4082 stupefacti
1127 4030 1211 4083 super
1222 4022 1299 4070 tanto

68 4111 212 4166 miraculo.
232 4112 369 4179 Eugenius
386 4118 477 4166 autern
495 4114 566 4165 sicut
582 4113 706 4168 audierat
728 4116 863 4167 concessit
883 4116 908 4167 ei
927 4128 1038 4169 nomen.
1057 4117 1192 4182 Baptizato
1209 4121 1300 4168 autem

68 4222 165 4277 puero,
178 4209 248 4261 aluit
264 4222 328 4261 cum
345 4216 422 4274 pater
434 4209 494 4277 ejus
506 4210 649 4263 llarcellus
668 4216 696 4263 et
708 4216 794 4263 mater
813 4225 862 4265 sua
880 4211 1038 4277 Benedicta,
1052 4214 1173 4280 Eugenio
1187 4212 1297 4278 presby·

67 4316 127 4363 tero
140 4310 316 4362 ministrante
334 4309 463 4375 quicquid
483 4310 634 4363 necessitas
646 4311 821 4376 deposcebat.
833 4312 922 4364 Crevit
936 4316 1025 4365 alitem
1044 4313 1124 4364 anuis
1144 4312 1232 4365 tribus
1244 4317 1302 4363 tan·

14 4415 50 4465 lb
67 4416 128 4463 tum
146 4423 216 4475 puer
228 4409 353 4461 Busicius
365 4415 498 4476 quantum
518 4411 586 4462 alter
604 4412 683 4462 aunis
701 4415 807 4476 septem
820 4417 846 4462 et
863 4411 943 4463 alitus
961 4413 1028 4463 cibis
1047 4410 1193 4478 regalibus.
1207 4411 1298 4463 Gratia

67 4510 144 4561 enim
162 4509 208 4562 Bel
227 4520 336 4573 semper
353 4514 412 4561 crat
431 4521 494 4560 cum
512 4522 556 4573 co,
573 4523 720 4576 perquam
737 4510 834 4561 virtute
853 4514 880 4561 et
900 4511 1033 4576 sapientia
1056 4510 1141 4577 magis
1162 4523 1193 4561 ac
1214 4509 1299 4576 magis

67 4607 229 4675 proficiebat
242 4609 271 4659 in
285 4607 411 4660 Bomiuo.
