3316 5482
208 344 275 409 442
549 360 674 411 cauno.
694 361 986 412 cobb.nnd10d1t.
1005 362 1087 413 nur.

207 530 343 583 desiderio
352 530 469 583 invicem
482 529 625 596 loquentes
637 531 753 583 multum
767 531 898 596 temporis
910 532 1079 598 pertransiit,
1092 537 1123 584 ut
1132 533 1191 599 jam
1205 534 1273 587 bora
1287 532 1420 586 reiectionis

207 629 357 696 praeterire
378 629 524 682 videretur.
547 633 641 696 ltaque
662 630 734 697 apud
753 629 852 683 iratres
872 631 935 698 edit,
961 632 1008 697 qui
1024 636 1130 684 tantum
1150 632 1244 700 gaudii
1268 633 1421 698 laetitiaeque

207 742 305 795 cepere
317 742 412 782 omnes
425 736 456 781 ur
466 730 552 796 ipsius
571 730 695 783 intuendi
708 742 790 795 eausa
801 742 890 796 paene
903 743 919 783 a
931 730 992 783 cibo
1005 730 1190 797 desisterent;
1209 730 1388 798 admiratique
1400 736 1422 783 et

206 828 307 895 dicere,
328 842 390 881 eum
411 829 559 882 maximum
583 829 722 897 religionis
745 829 829 883 decus
850 830 908 882 lore
931 830 1203 898 sacratissimumque
1224 831 1272 883 bei
1297 830 1422 889 cultorem,

207 927 326 994 denique
338 941 387 993 per
399 933 504 981 uastum
518 934 651 981 terrarum
664 930 757 983 orbem
780 929 961 983 clarissimum
971 930 1053 997 jubar
1070 930 1204 983 futurum.
1218 933 1285 983 Nam
1303 931 1364 998 quis
1379 928 1448 981 tauri
1488 936 1491 945 “

208 1026 346 1093 praeclaro
358 1033 385 1080 et
396 1027 495 1080 eximio
507 1028 565 1081 viro
578 1027 682 1095 aliquid
698 1028 844 1107 detrahere
862 1030 963 1082 velleii
982 1030 1067 1082 ilabet
1083 1029 1157 1082 enim
1176 1034 1286 1082 tantum
1297 1027 1426 1097 diguitatis

206 1127 308 1188 uultus,
321 1132 426 1180 tantum
439 1127 563 1180 ciborum
575 1129 767 1194 abstinentiae,
781 1133 886 1182 tantum
898 1129 1018 1195 denique
1031 1129 1159 1183 omnibus
1172 1129 1201 1180 in
1215 1129 1302 1182 rebus
1313 1129 1430 1195 patrimo

207 1225 280 1290 niae,
294 1231 324 1278 ut
345 1239 439 1279 omnes
458 1227 546 1293 ipsum
568 1232 671 1293 patrem
693 1228 892 1319 dominumque
909 1229 1054 1294 jactarent.
1069 1229 1094 1279 ls
1110 1228 1187 1280 enim
1207 1227 1345 1293 probitate
1362 1227 1432 1291 uitae,

207 1325 339 1391 moribus,
353 1327 400 1390 qui
413 1339 469 1379 non
483 1327 596 1380 minoris
609 1329 782 1381 existimandi
795 1335 869 1394 sunt,
884 1328 993 1393 pietate,
1007 1327 1078 1380 lama
1091 1334 1118 1380 et
1127 1327 1215 1394 gloria
1228 1340 1336 1391 rerum,
1348 1339 1435 1380 omnes

208 1424 330 1490 profecto
342 1425 530 1478 antecellebat.
549 1427 643 1492 Neque
656 1426 730 1478 enim
742 1425 839 1479 mundi
860 1426 941 1493 hujus
953 1426 1069 1489 fallacia,
1085 1424 1201 1491 perfidia
1213 1430 1298 1492 atque
1311 1424 1436 1492 improbi·
1450 1426 1473 1476 to

207 1527 249 1576 tas
265 1524 290 1576 ei
304 1524 394 1592 ignota
415 1531 503 1588 erant,
517 1538 656 1591 quamque
674 1527 834 1591 temporalia
855 1525 928 1578 tluxa
950 1531 1043 1578 essent
1061 1531 1142 1591 atque
1154 1528 1364 1587 momentanea,
1379 1523 1440 1576 iliud

207 1636 288 1689 saepe
306 1629 454 1689 repetens:
471 1624 581 1679 Omnia
588 1628 796 1692 praetereunt
801 1627 932 1692 praeter
947 1637 1058 1678 amore
1074 1625 1181 1678 Deum
1194 1626 1283 1687 Quam
1300 1636 1362 1676 rem
1380 1636 1439 1676 euru

207 1723 265 1790 ipse
286 1724 387 1789 optime
405 1725 589 1793 intellegeret,
612 1727 713 1792 quippe
733 1726 780 1792 qui
799 1732 825 1779 et
844 1723 959 1778 scientia
980 1730 1007 1778 et
1026 1724 1195 1791 experientia
1215 1724 1443 1790 comprobasset,

207 1823 334 1889 cupiebat
345 1838 374 1877 se
387 1825 420 1877 ad
434 1838 493 1878 eam
506 1826 587 1879 uitam
600 1831 806 1892 perventurum.

241 1924 272 1976 6.
284 1924 367 1990 Igitur
379 1925 474 1978 beatae
488 1938 519 1978 ac
531 1926 665 1994 gloriosae
678 1939 842 1993 semperque
854 1924 968 1994 vlrginis
979 1925 1079 1978 itariae
1092 1923 1216 1978 babitum
1228 1925 1284 1978 sibi
1296 1924 1447 1990 assumpsit
1462 1922 1488 1974 li

207 2036 281 2076 anno
296 2025 402 2078 bomini
414 2032 691 2090 bt⁰cc⁰xu1111⁰,octavo
704 2025 836 2080 kalendas
849 2026 1021 2092 septembris.
1033 2024 1136 2079 Eodem
1148 2030 1240 2077 autem
1252 2024 1300 2077 die
1312 2036 1371 2090 quo
1386 2023 1448 2090 piis·

207 2122 554 2191 simaclementissimaque
576 2125 654 2193 virgo
676 2124 706 2178 in
727 2125 833 2178 caelum
854 2131 993 2191 assumpta
1015 2129 1065 2191 est,
1080 2122 1220 2190 Philippus
1232 2135 1267 2176 cx
1280 2124 1334 2176 boc
1348 2122 1446 2175 labare

207 2222 312 2276 mundo
329 2222 362 2277 ad
382 2223 487 2276 beatam
501 2224 665 2292 felicemque
677 2225 792 2290 patriam
810 2225 942 2292 migravit.
955 2225 1043 2291 itque
1059 2223 1125 2277 olim
1149 2234 1230 2275 nemo
1249 2222 1300 2276 illo
1312 2222 1447 2287 sanctior,

208 2333 289 2375 nemo
303 2321 408 2387 melior,
422 2335 502 2375 nomo
521 2321 555 2374 ad
575 2322 757 2389 acquirendas
770 2323 875 2376 animas
890 2322 1051 2389 promptior,
1064 2333 1146 2374 nemo
1157 2319 1281 2386 denique
1299 2318 1335 2373 ad
1348 2332 1448 2373 omnes

208 2420 293 2473 animi
305 2421 418 2473 virtutes
431 2422 669 2476 accommodatior.
682 2425 747 2475 Nam
760 2422 796 2475 ob
808 2423 970 2474 immensam
983 2420 1144 2474 modestiam
1156 2420 1229 2472 inter
1240 2417 1405 2472 sacerdotes
1422 2422 1448 2471 et
1462 2418 1489 2470 ii

209 2520 254 2573 bei
268 2520 408 2573 ministros
421 2534 481 2573 esse
493 2521 646 2586 verebatur,
660 2528 687 2574 et
699 2534 731 2575 ex
743 2523 872 2575 omnibus
885 2521 1015 2574 iratribus
1034 2518 1159 2574 beneficii
1173 2519 1233 2572 loco
1251 2530 1319 2571 suaa
1330 2518 1448 2572 uirtutes

208 2619 389 2682 abscondens,
403 2618 496 2671 sedem
510 2619 582 2685 apud
596 2620 720 2673 infirmos
731 2625 825 2686 optare
837 2621 933 2673 solitus
946 2620 1102 2672 eratvitam
1114 2618 1188 2671 enim
1202 2629 1281 2669 suam
1294 2621 1372 2669 tauta
1385 2629 1447 2669 cum

210 2719 375 2772 abstinentia
397 2726 480 2786 atque
492 2721 643 2785 sanctitate,
662 2735 771 2788 semper
791 2721 926 2774 insomnis
946 2721 1068 2774 moribus
1085 2718 1317 2785 caerimoniisque
1334 2730 1446 2783 vacans,

208 2818 314 2885 agebat,
328 2832 427 2885 corpus
439 2831 616 2885 compescens
628 2834 658 2874 ac
673 2834 810 2887 premens.
824 2824 896 2885 Quae
908 2819 1019 2887 quidem
1041 2833 1085 2872 res
1103 2832 1151 2885 per
1163 2822 1246 2871 totam
1260 2817 1369 2871 ltaliam
1388 2818 1447 2882 ejus

211 2919 310 2971 samam
323 2919 484 2986 divulgarat.
1460 2917 1487 2968 ἴ)

241 3018 502 3071 7.1nteri1ndivim
525 3021 569 3073 bei
583 3021 754 3086 providentia
776 3023 873 3075 accidit
886 3025 915 3074 ut
932 3022 1068 3087 majorum
1087 3024 1233 3087 praecepto
1251 3020 1339 3070 Senas
1353 3030 1442 3083 usque

208 3130 270 3170 cum
283 3120 390 3186 comite,
403 3122 450 3187 qui
472 3122 554 3174 irater
567 3123 655 3174 i'ietor
675 3122 869 3188 appellabatur,
890 3124 942 3174 iter
963 3127 1078 3185 teneret,
1092 3133 1146 3187 quo
1165 3120 1252 3171 uirtus
1273 3125 1357 3185 atque
1375 3118 1441 3169 tanti

208 3216 257 3269 viri
274 3218 405 3282 sapientia
424 3220 458 3271 ad
482 3221 562 3272 totius
583 3221 687 3273 ordinis
700 3221 839 3286 specimen
858 3220 987 3273 omnibns
1008 3219 1094 3285 palam
1108 3221 1189 3270 esset.
1205 3217 1263 3268 bini
1277 3214 1345 3268 dum
1360 3216 1440 3271 irent.

209 3315 427 3369 Praedicatorum
440 3319 535 3372 fratres
545 3321 583 3372 eis
593 3327 789 3381 occurrerunt;
800 3321 847 3386 qui
858 3322 967 3372 beatum
978 3319 1131 3383 Philippum
1142 3316 1327 3382 comitemque
1340 3313 1441 3380 oppido

208 3416 328 3468 venerati
341 3424 420 3482 sunt;
431 3421 561 3484 <quoniam
575 3420 615 3471 uir
627 3422 672 3472 bei
687 3420 825 3485 Philippus
839 3421 923 3471 mirae
934 3418 1085 3483 sapientiae
1095 3430 1145 3469 nec
1158 3417 1273 3468 minoris
1285 3416 1439 3468 sanctitatis
1455 3415 1484 3464 id

208 3517 364 3580 apparebat.
379 3521 483 3570 Fratres
496 3532 559 3571 vero
573 3520 611 3571 illi
624 3520 730 3572 utulenti
749 3519 867 3586 quodam
885 3518 1022 3571 desiderio
1042 3531 1104 3570 curn
1123 3519 1201 3583 eujus
1219 3515 1328 3569 ordinis
1350 3522 1378 3569 et
1394 3515 1445 3568 sub

209 3628 262 3680 (qua
276 3616 368 3682 regula
383 3623 436 3668 tani
449 3618 604 3670 felicissime
617 3621 696 3671 uitam
711 3621 833 3672 viverent
845 3632 922 3672 orare
943 3619 1123 3671 conabantur.
1137 3619 1169 3669 At
1183 3617 1336 3683 Philippus,
1350 3616 1445 3669 diuino

210 3716 403 3781 omnipotentis
417 3720 461 3770 bei
474 3734 598 3785 munere,
612 3722 657 3773 ubi
677 3735 724 3773 eos
738 3728 791 3774 lam
810 3723 986 3774 veliementer
1004 3720 1132 3773 admirari
1145 3717 1351 3783 animadvertit,
1366 3719 1445 3771 hilari

209 3815 358 3869 admodum
370 3830 401 3870 ac
413 3831 511 3872 sereno
525 3820 598 3871 vultu
613 3821 662 3872 sari
675 3822 762 3886 coepit
779 3821 852 3887 quod
866 3822 904 3873 eis
918 3821 1040 3873 omnium
1054 3833 1144 3873 rerum
1158 3819 1352 3872 dulcissimum
1364 3818 1445 3873 exsti·

208 3916 248 3979 tit,
263 3916 331 3969 adeo
344 3924 373 3969 ut
386 3932 521 3970 summurn
541 3920 644 3972 bonurn
666 3934 855 3986 summamque
870 3919 964 3972 mundi
988 3920 1142 3972 felicitatem
1166 3920 1193 3970 in
1213 3931 1246 3970 eo
1269 3924 1336 3971 ante
1349 3920 1445 3971 omnia
1462 3920 1491 3970 w

209 4021 354 4081 ponerent,
367 4017 388 4067 si
402 4017 562 4084 lepidissimi
583 4021 789 4086 gratissimique
810 4020 858 4071 viri
880 4020 1020 4072 dumtaxat
1040 4018 1239 4072 consuetudine
1252 4017 1307 4070 frui
1321 4024 1446 4083 possent,

207 4119 265 4167 tum
277 4116 340 4180 quia
353 4117 470 4169 eundem
485 4118 606 4169 habiturn
626 4119 759 4185 ferebant,
773 4126 829 4172 tum
851 4120 892 4172 rel
905 4121 968 4186 quia
981 4119 1152 4185 exploratum
1167 4119 1206 4171 eis
1218 4123 1279 4178 erat
1291 4119 1368 4185 ipsos
1384 4134 1447 4186 per·

209 4220 303 4266 sancte
315 4215 395 4266 uitam
419 4215 569 4268 traducere.
584 4220 682 4272 Verum
703 4221 851 4285 enimuero,
866 4227 1010 4286 postquam
1032 4220 1104 4271 inter·
1124 4231 1171 4271 eos
1189 4218 1366 4273 luculentum
1390 4235 1446 4274 ser·

210 4326 321 4365 monem
343 4314 446 4380 babuit,
460 4315 623 4381 inquisicilit
645 4318 764 4379 domum,
786 4319 820 4371 de
839 4333 939 4385 genere
959 4332 994 4369 an
1015 4317 1050 4369 de
1072 4315 1232 4368 conditione
1254 4329 1354 4370 eorum
1373 4328 1447 4373 esset

210 4413 303 4478 petitio
318 4429 323 4464 :
338 4413 477 4479 digereres
489 4418 672 4483 exploratis,
687 4419 837 4483 originem
849 4431 889 4470 ear
904 4416 1064 4470 Florentio
1086 4415 1255 4468 tradimus.
1268 4418 1324 4470 Sin
1338 4424 1446 4474 aeirem
1466 4425 1487 4473 it

209 4510 414 4564 eoizditionem
436 4513 646 4581 irttesttgntis,
665 4517 779 4568 salutis
804 4517 936 4569 brittiani
956 4515 1078 4582 perceris
1103 4515 1216 4567 ricottis
1240 4519 1449 4589 ottrm'nrruqrte

209 4609 352 4676 fideliam
369 4612 436 4677 spei
458 4613 491 4664 in
512 4612 674 4667 viduitatis
694 4613 819 4680 signnm
839 4614 977 4668 hobitum
998 4614 1157 4679 perimos;
1178 4627 1274 4680 picam
1298 4622 1450 4685 inatrem,
