3316 5482
342 313 410 380 568
689 327 814 379 curm.
834 327 937 379 conn.
957 327 1133 378 meroen.
1151 326 1236 378 nar.

345 497 495 566 tissimus,
509 497 565 566 qui
581 497 683 551 moris
700 496 911 552 admirandus
921 496 956 562 (f)
974 495 1097 550 aderat.
1110 495 1158 548 ilic
1178 494 1281 550 emisso
1302 499 1367 550 roto
1379 494 1561 549 intercessione

345 597 374 651 s.
393 597 499 650 Martini
523 595 609 649 filium
628 597 792 663 impetrarit,
815 610 908 663 quem,
927 596 994 650 dum
1014 597 1112 666 agebat
1123 597 1218 650 aetatis
1239 609 1306 651 suae
1326 610 1433 651 annum
1454 603 1565 664 quanm

345 698 493 762 decimum,
506 694 656 751 Robertus
676 697 732 749 Dei
740 696 849 763 oratio
861 709 920 750 reor
931 695 1059 750 Siciliae
1069 695 1293 764 scutiferorum
1305 708 1441 751 summm
1452 697 1564 765 collegio

344 796 534 866 aggregavit.
547 795 763 849 admirandus
773 808 846 856 uero
858 798 998 850 statuam
1016 799 1201 864 argenteam
1213 796 1256 849 ati
1268 795 1335 864 filii
1345 796 1399 850 sui
1410 796 1566 864 imaginem

345 895 535 966 fabricatam
547 895 590 949 ad
601 895 765 949 secusiam
777 894 949 949 beatissimi
960 893 1094 949 Martini
1105 895 1284 949 destinauit.
1578 895 1591 946 b

380 995 447 1049 inde
467 995 580 1048 tandem
600 995 724 1061 procedit
737 996 858 1050 uusado
871 995 905 1049 ad
926 1009 1042 1063 eaquae
1062 997 1174 1063 propius
1195 995 1229 1049 ad
1249 995 1465 1049 translationum
1485 993 1569 1060 capitis

345 1096 372 1148 S.
386 1094 493 1149 Martini
507 1096 655 1162 spectant]

383 1195 412 1245 1.
430 1196 483 1247 Nec
495 1191 770 1259 praetermittendum
783 1197 824 1246 est
836 1187 910 1261 quod
922 1193 969 1247 ille
989 1193 1235 1248 christianissimus
1246 1193 1360 1248 inclitae
1372 1193 1520 1248 memoriae
1532 1204 1572 1244 rex

347 1294 498 1360 Philippus,
519 1292 566 1360 qui
591 1293 706 1347 Pulcher
726 1297 754 1347 et
774 1294 871 1348 merito
890 1299 1001 1361 propter
1018 1295 1077 1360 ejus
1097 1293 1332 1361 pulchritudinem
1354 1293 1514 1357 vocabatur,
1532 1291 1572 1345 bei

347 1392 510 1446 multociens
523 1397 648 1445 senserat
659 1392 790 1445 auxilium
803 1406 854 1460 per
864 1393 962 1447 merita
972 1393 1162 1462 gloriosissimi
1174 1392 1304 1446 antistitis
1315 1393 1438 1459 ifartini,
1451 1398 1530 1460 prout
1546 1391 1572 1442 iu
1585 1390 1607 1442 to

346 1505 376 1545 se
389 1492 448 1559 ipso
458 1491 561 1558 pluries
573 1477 601 1545 et
614 1492 642 1544 in
654 1492 791 1546 ludovico
804 1491 861 1547 tilio
874 1505 925 1547 suo
937 1493 1119 1561 primogenito
1131 1492 1295 1546 mirabiliter
1306 1498 1349 1546 est
1362 1497 1501 1558 expertus.
1514 1492 1572 1544 hun

346 1591 464 1659 quadam
484 1589 544 1645 rice
565 1590 638 1644 idem
660 1592 812 1645 budovicus
833 1593 1039 1660 primogenitus,
1053 1592 1143 1646 adhuc
1164 1593 1193 1644 in
1215 1592 1333 1660 pueritia
1356 1592 1573 1658 constituisset

346 1690 504 1745 infirmitate
523 1691 665 1758 praegravi
678 1691 728 1744 luit
749 1691 818 1744 adeo
830 1696 1007 1760 pergravatus
1027 1692 1147 1759 utquasi
1169 1695 1294 1745 mortuus
1314 1696 1488 1758 speraretur.
1506 1688 1573 1756 duod

346 1791 444 1845 videns
456 1804 505 1844 rex
518 1790 657 1856 Phiiippus
669 1797 746 1858 pater
758 1792 827 1858 ejus,
841 1792 912 1845 intra
934 1805 962 1845 se
974 1791 1096 1846 decrevit
1115 1793 1189 1860 quod
1202 1792 1370 1859 requirenda
1391 1796 1435 1844 est
1447 1790 1574 1846 medicim

347 1903 380 1943 ex
391 1890 505 1956 probato
525 1889 631 1942 medico
648 1894 674 1942 et
693 1887 777 1942 fideli.
791 1891 869 1943 Tunc
889 1889 1028 1957 quendam
1047 1890 1220 1955 capellanum
1233 1903 1313 1943 suurn
1333 1889 1487 1944 destinarit
1500 1903 1576 1959 quan
1590 1889 1612 1941 tt

347 1990 426 2044 citius
437 1988 472 2042 ad
485 1988 628 2042 ecclesiam
641 1989 790 2041 beatissimi
800 1990 918 2056 Martini,
928 2003 990 2043 cum
1001 1990 1161 2044 muneribus
1173 1987 1321 2044 offerendis
1330 1989 1448 2044 ibidem.
1461 1990 1512 2055 Qui
1520 2002 1576 2044 eum

348 2088 383 2142 ad
395 2088 538 2141 ecclesiam
550 2087 731 2153 pervenisset,
745 2087 836 2141 statim
857 2088 931 2142 clero
944 2089 1070 2155 exposuit
1081 2102 1152 2155 quae
1174 2093 1296 2156 exparte
1308 2089 1385 2156 regia
1398 2088 1512 2143 fuerant
1522 2100 1576 2154 pro

348 2185 485 2253 ponenda.
500 2188 577 2238 Tunc
588 2185 703 2238 clericus
724 2185 848 2252 eiusdem
861 2185 1003 2252 ecclesiae,
1017 2185 1161 2239 attendens
1181 2187 1355 2240 devotionem
1378 2187 1454 2254 regis
1470 2192 1500 2241 et
1510 2183 1576 2239 infir·

348 2288 471 2341 mitatem
483 2287 622 2354 patientis,
636 2287 747 2341 missam
760 2286 795 2340 de
816 2288 974 2341 beatissimo
985 2288 1099 2341 itartino
1112 2301 1174 2342 cum
1195 2288 1340 2342 devotione
1353 2288 1579 2353 celebrantem

348 2388 487 2442 celebrata
499 2387 624 2455 regisque
636 2385 774 2441 odertono
787 2387 888 2453 oblato,
902 2387 998 2441 eadem
1020 2388 1086 2441 hora
1098 2387 1251 2454 eodemque
1264 2393 1407 2442 momento
1429 2402 1510 2459 puer,
1521 2387 1615 2444 anteit

348 2489 466 2556 patiens,
479 2500 563 2540 sanus
573 2487 624 2540 fuit
636 2493 663 2539 et
671 2487 817 2540 incolumis
829 2492 856 2540 et
868 2487 902 2541 ab
912 2488 987 2541 omni
1001 2486 1160 2541 infirmitate
1171 2500 1221 2554 per
1234 2487 1330 2541 merita
1350 2487 1507 2542 beatissimi
1518 2486 1578 2542 auti·

350 2587 418 2639 stitis
430 2586 570 2639 liberatus.
584 2585 660 2639 Unde
671 2598 733 2638 cum
747 2585 819 2638 idem
832 2586 990 2652 capellanus
1003 2587 1128 2640 rediisset
1140 2586 1174 2639 ad
1187 2599 1279 2655 regern
1290 2591 1318 2640 et
1331 2586 1452 2642 vidisset
1469 2600 1579 2655 puerum

350 2699 448 2745 sanum
461 2690 488 2738 et
500 2684 676 2751 incolumem,
690 2698 772 2752 quem
794 2691 874 2738 antea
895 2686 1037 2739 dimiserat
1048 2685 1207 2740 infirmitate
1227 2686 1344 2740 maxima
1362 2693 1578 2756 praegravatum,

263 2781 268 2790 “
351 2785 429 2853 petiit
440 2783 477 2852 [a]
489 2785 733 2851 propinquioribus
746 2784 870 2851 ejusdem
883 2785 1000 2853 qualiter
1012 2786 1190 2839 convaluerat
1201 2786 1241 2838 sic
1253 2786 1282 2837 in
1295 2786 1382 2839 brevi.
1396 2786 1449 2850 Qui
1461 2786 1580 2840 dicentes
1654 2834 1656 2845 .

351 2886 377 2940 ei
390 2885 463 2937 diem
476 2885 620 2947 ethoram,
633 2884 733 2950 quibus
745 2884 834 2937 iuerat
845 2885 985 2947 liberatus,
1002 2885 1129 2952 cognorit
1140 2884 1213 2951 quod
1227 2884 1318 2936 inians
1327 2890 1443 2938 sanatus
1455 2885 1581 2940 literatos
1594 2882 1620 2935 it

351 2985 396 3038 die
410 2985 564 3052 cademque
577 2986 643 3037 hora
654 2984 755 3050 quibus
769 2985 849 3036 missa
862 2984 914 3037 fuit
931 2985 966 3038 de
978 2985 1058 3037 beato
1070 2985 1186 3038 itartino
1204 2983 1340 3037 celebrata
1353 2985 1384 3036 in
1396 2985 1458 3052 ejus
1474 2984 1583 3039 emlesia

352 3086 471 3153 propria,
485 3090 511 3136 et
531 3083 629 3137 ecclam
649 3089 787 3137 momento
808 3097 864 3151 quo
877 3085 936 3150 eius
957 3083 1126 3137 offertorium
1145 3084 1267 3137 oblatum
1289 3083 1378 3136 extitit
1400 3088 1466 3136 ante
1490 3097 1584 3151 corpus

352 3185 424 3237 beati
437 3183 613 3236 confessoris.
635 3183 726 3235 hictus
747 3197 857 3251 quoquc
880 3198 926 3237 rer
948 3184 1089 3249 Philippus
1111 3184 1313 3236 illustrissimus
1335 3184 1425 3237 trihus
1445 3183 1512 3237 filiis
1532 3183 1585 3238 suis

350 3283 496 3347 Ludovieo,
510 3281 643 3348 Philippo,
656 3282 746 3335 bonae
765 3283 922 3347 memoriae,
935 3282 1107 3349 postmodum
1128 3283 1236 3350 regibus
1250 3283 1380 3335 Francius
1393 3288 1421 3335 et
1438 3285 1583 3349 navarrae,

351 3395 382 3435 ae
394 3382 501 3445 Karolo,
513 3395 587 3434 nunc
597 3383 642 3434 bei
656 3382 741 3449 gratia
749 3382 885 3434 dictorum
894 3395 1041 3448 regnorum
1052 3383 1107 3449 regi
1121 3381 1315 3447 illustrissimo,
1327 3382 1394 3434 haec
1404 3383 1491 3436 verba
1502 3395 1580 3448 saepe
1597 3381 1625 3431 50

351 3486 378 3535 et
389 3482 497 3547 saepius
509 3482 653 3535 enarrabat
666 3498 672 3533 ε
695 3481 792 3548 Opilii
804 3481 1009 3545 dilectissimi,
1023 3495 1117 3548 quam
1128 3481 1294 3549 preciosus,
1308 3495 1407 3547 quam
1414 3484 1584 3550 proruptus

353 3582 481 3647 adjutor
500 3583 546 3634 est
566 3582 621 3634 ille
640 3580 826 3634 verterubilis
848 3580 903 3633 Dei
925 3579 1085 3648 confessor·
1106 3581 1275 3648 Mortiuus,
1296 3581 1352 3647 qui
1371 3582 1497 3634 cunctis
1522 3581 1585 3646 eius

353 3681 595 3749 implorantibus
607 3681 768 3733 aemilium
783 3679 986 3747 patrocinari
996 3693 1059 3733 uon
1081 3680 1213 3733 desistit.
1231 3681 1312 3733 Nam
1334 3693 1457 3748 semper
1480 3681 1584 3748 ipsum

264 3803 270 3816 ·
290 3842 296 3856 ⁸
356 3781 602 3849 ergoDomiuum
614 3780 719 3832 lesum
733 3778 889 3832 Christum
898 3778 1012 3832 mihiel
1021 3792 1117 3846 reparo
1126 3792 1193 3834 aueo
1196 3779 1374 3847 propitium
1383 3780 1481 3834 rentii
1489 3781 1499 3802 ·
1507 3792 1586 3847 prae

355 3881 473 3936 cumas
491 3879 566 3933 aliis
586 3878 770 3944 adiutorem.
784 3880 866 3945 Cujus
886 3879 1092 3932 instructionem
1114 3885 1141 3931 ct
1154 3879 1304 3933 doctrinam
1320 3877 1448 3932 cordium
1468 3893 1581 3934 suerrum
1598 3880 1628 3931 55

356 3981 508 4034 armarioiis
520 3978 703 4042 includentes,
716 3978 846 4045 genitoris
860 3979 901 4030 sui
914 3978 1032 4045 vestigiis
1044 3978 1237 4042 [inhaerendo]
1252 3979 1280 4030 in
1298 3977 1428 4031 habendo
1447 3980 1539 4045 ipsum
1558 3980 1585 4031 in

356 4079 448 4145 eorde,
462 4082 612 4144 coeperunt
623 4075 738 4142 diligere
750 4081 777 4128 ct
787 4077 816 4128 in
829 4076 957 4129 omnibus
968 4076 1025 4128 suis
1037 4077 1244 4130 necessitatibus
1256 4077 1396 4130 invocare.

387 4179 418 4231 2.
432 4182 494 4231 Post
506 4191 561 4230 non
575 4178 690 4230 multum
703 4190 766 4229 vero
775 4176 906 4242 temporis
918 4176 1066 4243 aegrotavit
1079 4176 1151 4228 idem
1166 4176 1369 4229 illustrissimus
1381 4190 1432 4229 rex
1448 4177 1586 4243 Philippus

358 4285 385 4332 et
397 4279 497 4332 relictis
509 4278 596 4329 trihus
609 4276 671 4327 filiis
683 4277 739 4328 suis
752 4275 867 4328 feliciter
880 4275 1003 4341 migrarit
1018 4276 1052 4326 ad
1066 4277 1222 4328 bominum.
1237 4274 1451 4342 Succedensque
1464 4277 1489 4329 ei
1501 4276 1586 4329 Ludo·

357 4379 433 4432 vicus
454 4374 652 4442 primogenitus
674 4374 745 4426 filius
764 4388 830 4427 suus
855 4387 939 4441 regna
960 4375 1031 4426 rexit
1053 4375 1184 4427 Francius
1206 4381 1232 4427 ct
1247 4378 1390 4428 liarurrae.
1409 4377 1461 4440 Qui
1476 4389 1540 4429 curu
1553 4376 1585 4429 ad
1601 4377 1628 4427 lb

389 4588 423 4651 (l)
441 4587 523 4654 Vulgo
535 4585 666 4640 Amiral.
