3316 5482
218 327 287 394 292
560 345 688 396 curun.
708 343 810 394 cono.
830 342 1004 394 unomen.
1025 341 1104 392 mr.

218 513 407 580 Advocataque
420 527 476 568 non
489 515 601 567 minima
614 515 681 568 cleri
701 519 787 581 parte,
807 513 880 581 quod
899 513 932 566 ab
950 526 998 566 ore
1016 511 1149 566 leonardi
1168 510 1304 564 didicerat
1312 509 1451 564 verbatim

219 613 347 667 omnibus
359 613 530 679 proferebat3
544 613 683 680 relatoque
701 626 766 666 suae
784 613 906 666 sanitatis
924 612 1052 677 termino,
1070 611 1134 664 vale
1152 611 1235 677 facto,
1247 608 1328 663 unde
1339 613 1456 662 venerat

28 712 115 768 'cod
127 711 201 766 odd.
220 713 359 767 remeavit.
380 713 474 767 clerus
494 717 585 766 autem
601 713 799 767 nobiliacensis
820 718 846 765 et
866 712 994 778 populus,
1015 709 1126 764 audita·
1147 710 1249 776 leprosi
1268 708 1454 776 revelatione,

88 791 148 845 Ῥω·
220 810 332 879 quidam
343 811 531 879 crediderunt,
544 811 655 878 quidam
667 824 743 879 vero,
764 811 835 864 sicut
851 824 911 864 mos
928 814 971 864 est
988 809 1203 875 incredulomm‚
1221 807 1343 863 credere
1361 807 1457 862 noluc-

216 914 281 964 runt
291 929 299 979 ;
310 917 402 965 tamen
419 924 515 965 omues
533 912 635 978 pariter
655 911 729 964 diem
748 910 960 964 determinatum
973 909 1175 976 exspectabant.
1187 909 1288 962 Verum
1305 908 1359 962 ubi
1372 908 1484 975 hujustt

219 1012 295 1065 verbi
306 1011 367 1064 dies
378 1016 548 1077 exspectatus
559 1010 680 1077 advenit,
693 1012 796 1080 legatos
807 1010 891 1065 celeri
909 1023 992 1063 cursu
1012 1008 1233 1069 transmisemnt,
1256 1008 1305 1075 qni
1327 1007 1458 1061 viderent

218 1111 283 1178 quid
298 1112 371 1163 circe
383 1112 521 1177 leprosum
533 1111 630 1164 beatus
642 1115 733 1179 egerat
744 1108 913 1164 leonardus.
927 1109 976 1173 Qui
988 1109 1139 1175 venientes,
1151 1112 1178 1161 et
1191 1108 1271 1160 illum
1283 1107 1315 1161 in
1328 1107 1458 1163 oratione

220 1215 384 1276 prostratum
396 1210 530 1276 videntes,
543 1211 588 1264 vix
600 1224 663 1264 eum
682 1214 880 1279 cognoremnt,
899 1210 936 1262 ita
955 1209 1086 1276 pristinae
1104 1208 1212 1262 sanitati
1225 1219 1291 1261 caro
1303 1208 1370 1274 ejus
1380 1208 1459 1262 resti·

220 1313 277 1363 tuta
288 1310 377 1363 fuerat
388 1316 415 1362 et
427 1311 498 1363 cutis
510 1315 650 1364 renovata.
664 1310 714 1374 Qui
733 1310 820 1363 veloci
839 1322 921 1364 cursu
941 1309 1114 1375 repedantes,
1127 1307 1259 1375 populum
1272 1306 1458 1376 adgregatum

220 1414 382 1476 repererunt
394 1413 420 1463 et
432 1410 457 1462 ei
470 1423 540 1476 quae
552 1409 679 1463 viderant
690 1411 897 1463 nuntiaverunt.
911 1409 1008 1463 clerus
1025 1421 1101 1475 vero,
1120 1407 1242 1461 accensis
1254 1407 1359 1474 cereis,
1381 1420 1458 1463 acce·
1474 1407 1505 1460 lo

221 1509 274 1576 ptis
285 1508 413 1562 crucibus
425 1513 451 1561 et
468 1509 606 1574 turibulis,
620 1522 681 1562 cum
695 1521 790 1578 magna
803 1509 981 1575 processione
997 1507 1130 1575 usquead
1148 1507 1239 1561 locum
1258 1506 1393 1573 cellulae,
1408 1508 1457 1562 ubi

222 1607 370 1661 Rainaldus
392 1609 420 1660 in
440 1609 563 1662 oratione
575 1609 683 1674 jacebat
694 1613 856 1675 prostratus,
876 1606 1009 1674 pervenit.
1029 1610 1113 1671 Quem
1132 1607 1283 1673 elevanteS,
1302 1610 1330 1659 ct
1348 1606 1458 1660 vultum

223 1707 297 1761 illius
310 1712 468 1761 renovatum
491 1708 640 1772 intuentes,
661 1721 724 1761 cum
744 1712 826 1761 centu
847 1705 1003 1772 hymnidico
1024 1719 1112 1772 usque
1134 1706 1169 1759 ad
1187 1706 1350 1772 sepulcrum
1368 1705 1458 1760 sancti

220 1807 355 1860 Leonardi
367 1806 530 1873 eduxerunt,
543 1806 639 1860 laudes
651 1806 802 1860 referentes
819 1807 1000 1872 omnipotenti
1019 1809 1084 1872 beo,
1097 1806 1144 1872 qui
1154 1810 1259 1859 tantum
1272 1818 1305 1860 ac
1316 1805 1376 1860 tale
1387 1818 1457 1873 ope·

220 1905 275 1959 rari
286 1906 413 1975 dignatus
425 1911 467 1959 est
480 1905 642 1960 miraculum
654 1919 703 1972 per
715 1919 795 1959 suum
808 1907 993 1960 confessorem
1006 1906 1225 1959 sanctissimum.
1475 1906 1506 1958 15

289 2118 469 2184 llmlcom
487 2115 519 2182 S.
541 2115 678 2182 Menum
695 2115 930 2183 Mtoucuurvcn
947 2114 1030 2201 (Cir.
1049 2135 1161 2201 supra,
1180 2135 1212 2201 p.
1231 2113 1315 2193 275,
1333 2112 1402 2202 7⁰).

255 2304 280 2357 1.
304 2301 376 2355 lllud
397 2301 558 2354 miraculum
580 2302 661 2355 etiam
682 2301 787 2354 cunctis
808 2302 1000 2368 peccatoribus
1019 2302 1065 2355 bei
1087 2300 1302 2355 misericordiam
1321 2312 1375 2367 per
1396 2312 1460 2354 eam

224 2402 434 2469 implorantibus
455 2401 512 2468 spei
535 2414 566 2454 ac
587 2399 702 2454 fiduciae
722 2401 871 2468 plurimum
893 2401 981 2470 alleri,
1003 2401 1077 2468 quod
1098 2414 1160 2454 cum
1180 2400 1292 2468 quidam
1309 2401 1461 2468 paenitens

223 2502 383 2555 vizeliacum
403 2501 527 2566 veniens,
549 2499 686 2567 quandam
707 2500 899 2569 s[cb]edulam‚
911 2502 938 2554 in
960 2514 1014 2568 qua
1034 2507 1145 2568 peccata
1166 2513 1215 2554 sua
1231 2501 1393 2569 scripserat,
1406 2501 1459 2554 sub

223 2601 295 2668 palla
307 2601 399 2654 altaris
411 2601 505 2654 beatae
518 2600 617 2653 llariae
636 2598 812 2667 llagdalcnae
830 2590 1029 2666 abscondisset,
1048 2605 1075 2654 et
1092 2600 1161 2654 sacta
1178 2600 1303 2654 oratione
1315 2599 1460 2654 rediturus
1474 2600 1506 2653 td

223 2701 354 2754 cartulam
368 2700 538 2766 inspexisset,
551 2700 682 2765 scriptum
695 2700 800 2753 invenit
812 2701 942 2753 deletum.
957 2703 989 2752 Et
1000 2701 1038 2753 sic
1056 2713 1090 2753 ex
1107 2713 1137 2753 rc
1156 2699 1301 2752 manifesta
1319 2698 1461 2754 intellexit

223 2800 341 2868 qualiter
352 2800 425 2867 apud
437 2800 582 2854 bominum
599 2802 684 2853 licum
700 2813 749 2866 per
761 2801 821 2866 ejus
833 2799 1007 2853 dilectionem
1029 2799 1224 2867 indulgentiam
1242 2798 1359 2865 adeptus
1371 2803 1459 2853 esset

255 2902 297 2953 11.
310 2901 378 2965 Quid
390 2904 481 2953 autem
495 2901 523 2952 in
535 2900 680 2966 Aquitania
701 2899 880 2953 admirandae
903 2907 930 2952 ct
947 2899 1148 2967 praedicandae
1165 2898 1272 2952 virtutis
1288 2911 1356 2967 erga
1368 2912 1460 2966 quen·

224 3000 287 3053 dam
299 3001 473 3067 peregrinum
486 3013 566 3052 suum
578 3006 684 3067 gestum
697 3001 740 3063 sit,
754 3001 831 3053 nefas
843 2999 973 3053 duximus
982 2998 1164 3053 reticendum.
1174 3000 1238 3051 lirat
1249 2997 1364 3065 quidam
1375 2999 1459 3052 miles

224 3101 281 3166 qui,
294 3101 364 3153 sicut
376 3100 461 3152 moris
482 3099 555 3151 illius
576 3104 665 3152 terrae
684 3099 772 3166 gentis
795 3104 848 3165 est,
866 3099 954 3166 ipsam
975 3099 1021 3152 liei
1043 3098 1212 3151 dilectricem
1225 3095 1457 3152 affectuosissime
1472 3096 1503 3150 23

224 3200 354 3268 diligebat
366 3203 392 3251 et
404 3199 559 3265 sepulcrum
571 3199 630 3265 eius
638 3200 694 3265 jam
708 3199 856 3265 aliquando
866 3199 1040 3252 devotissime
1050 3199 1212 3251 visitaverat.
1223 3199 1323 3250 verum
1336 3197 1370 3263 is,
1384 3199 1458 3252 beu!

222 3300 286 3352 dum
300 3297 448 3364 aliquando
461 3305 603 3365 pugnaret,
617 3298 759 3364 occiditur,
773 3305 942 3352 mortuorum
951 3312 1027 3350 more
1037 3298 1147 3351 sudario
1159 3297 1315 3362 involvitur,
1326 3310 1342 3349 a
1355 3311 1459 3364 paren·

221 3399 294 3452 tibus
306 3403 334 3451 et
346 3399 440 3452 amicis
452 3399 567 3453 testibus
581 3399 703 3451 excubiis
714 3398 884 3464 deploratur.
894 3401 1001 3451 lnterea
1021 3401 1126 3451 beatam
1148 3397 1259 3451 llariam
1274 3396 1459 3466 llagdalenae

219 3499 340 3566 querelis
352 3503 379 3550 et
399 3498 505 3565 magnis
526 3497 639 3549 vocibus
661 3497 844 3563 interpellare,
867 3499 918 3564 piis
938 3497 1175 3564 obiurgationibus
1192 3508 1314 3550 amorem
1329 3495 1457 3550 defuncti

220 3611 284 3667 erga
296 3611 355 3651 eam
369 3598 556 3662 rememorari,
570 3610 619 3650 cur
636 3599 811 3665 peregrinum
825 3612 904 3650 suum
924 3598 993 3651 mori
1006 3599 1066 3650 sinc
1079 3598 1254 3651 consessione
1263 3609 1295 3650 ao
1306 3599 1455 3664 paeniten·
1471 3597 1503 3648 3⁰

219 3698 256 3751 tia
268 3698 437 3764 permisisset
457 3701 608 3762 coeperunt
627 3698 732 3750 crebris
754 3698 994 3751 lamentationibus
1015 3711 1164 3765 opponere.
1186 3696 1307 3750 Tandem
1329 3696 1363 3751 ad
1377 3698 1453 3751 banc

220 3797 282 3851 ildei
295 3797 518 3850 inclamationem
530 3795 653 3849 defuncti
666 3810 766 3863 corpus
779 3798 880 3850 sensim
895 3799 1009 3862 moveri,
1029 3799 1136 3851 cunctis
1153 3796 1201 3866 qui
1214 3795 1332 3850 aderant
1344 3802 1461 3864 stupen-

218 3899 301 3961 tibus,
314 3897 443 3963 paulatim
454 3895 563 3948 videres
578 3896 656 3963 erigi,
669 3901 700 3948 ut
719 3898 753 3949 ab
771 3897 871 3961 institis
890 3898 1044 3950 solveretur
1062 3897 1165 3949 hortari
1179 3911 1186 3948 ε
1200 3910 1229 3949 se
1251 3908 1267 3947 a
1279 3897 1361 3949 beata
1373 3898 1461 3951 llaria

221 3995 596 4064 llagdalenae,cu1'usnomen
606 3996 1019 4062 imploraverant„confessionis
1029 4009 1060 4048 ac
1071 3996 1255 4062 paenitentiae
1267 3993 1365 4063 [gratia
1375 3996 1461 4060 vitae]

79 4097 166 4151 ‘cod
223 4096 369 4160 redditum,
382 4100 408 4146 ct
420 4094 509 4145 statim
522 4095 637 4160 sumptis
650 4095 831 4148 sacrosanctis
844 4095 977 4160 mysteriis
987 4108 1162 4147 reversurum
1171 4095 1190 4147 ·.
1202 4092 1312 4146 Solutus
1322 4106 1459 4161 namque,
1476 4093 1506 4146 bi

31 4176 200 4217 reversurus·
225 4199 252 4246 ct
265 4194 294 4245 in
305 4193 476 4246 consessione
497 4205 527 4244 ac
549 4193 715 4257 paenitentia
737 4205 753 4244 a
774 4193 940 4259 presbyteris
957 4196 1112 4257 susceptus,
1131 4192 1254 4257 corporis
1271 4196 1298 4244 et
1311 4193 1460 4261 sanguinis

225 4292 331 4345 bomini
343 4291 438 4343 viatico
451 4290 584 4355 munitus,
597 4290 688 4343 denuo
701 4290 783 4343 rebus
801 4291 918 4342 excessit
930 4291 1066 4342 humanis.
1086 4291 1168 4356 cujus
1187 4289 1312 4342 miraculi
1332 4295 1420 4344 testes
1433 4297 1462 4344 ct

224 4396 372 4444 assertores
386 4389 495 4455 plurimi
508 4390 636 4455 suerunt3
650 4402 768 4455 quorum
778 4389 889 4456 quidam
900 4389 1059 4441 Vizcliacum
1070 4394 1205 4441 venerunt
1216 4395 1243 4441 et
1263 4401 1358 4443 coram
1377 4391 1460 4443 innu-

225 4490 347 4560 merabili
362 4489 470 4554 populo,
484 4489 530 4555 qui
545 4502 579 4541 ex
599 4489 716 4542 diversis
733 4494 867 4541 terrarum
887 4489 1010 4554 partibus
1029 4488 1093 4539 illuc
1112 4494 1311 4556 convenerant,
1331 4502 1394 4542 rem
1414 4503 1461 4558 ge·

224 4594 293 4639 stam
306 4591 501 4653 exposuerunt.
517 4587 734 4640 ltesurrectionis
746 4587 900 4640 dominicae
921 4585 1056 4652 paschalis
1075 4586 1244 4638 sollemnitas
1261 4586 1409 4653 agebatur.
1423 4590 1461 4642 lie
1477 4590 1506 4641 td
