3316 5482
331 314 397 380 346
670 329 796 380 carru.
816 328 917 379 oonn.
936 328 1111 379 Haemon.
1130 328 1210 379 nar.

364 497 413 551 18.
435 499 549 563 Quidam
566 499 647 551 etiam
668 498 867 564 carpentarius,
881 496 1051 566 ingerbodus
1073 496 1195 563 nomine,
1209 510 1241 550 ex
1263 497 1368 551 familia
1388 499 1571 553 venetiensis

331 598 498 662 monasterii,
513 611 561 664 per
574 604 676 663 septem
698 610 786 650 annos
807 597 949 650 oculorum
969 596 1030 648 luce
1052 596 1184 662 privatus,
1198 609 1268 662 pane
1290 597 1408 650 fratrum
1422 598 1455 650 in
1469 598 1570 652 elemo-

331 710 397 764 syna
410 711 459 763 per
474 697 546 750 idem
560 703 666 762 tempus
687 697 777 749 luerat
790 700 967 749 sustentatus.
983 695 1030 747 ilie
1043 709 1092 761 per
1103 702 1229 748 sanetum
1243 696 1440 749 potentianum
1453 697 1570 751 audiens

330 800 404 846 tanta
417 794 533 847 infirmis
546 796 692 861 provenire
705 796 837 861 remedia,
851 795 1004 861 candelam,
1018 809 1100 861 quam
1113 795 1138 847 ei
1151 795 1280 861 deferret,
1295 796 1370 849 unde
1382 798 1476 864 potuit
1489 798 1570 865 impe·

328 896 418 961 travit,
434 909 519 975 seque
531 897 577 962 qui
598 895 633 947 ad
654 897 851 948 monasterium
872 895 945 948 illius
967 895 1130 961 perduceret
1148 895 1301 961 postulavit.
1317 897 1376 959 Quo
1394 910 1463 950 cum
1476 896 1601 964 perce-5
1640 900 1645 915 ¹

314 988 415 1073 'nisset
427 999 455 1047 et
466 995 611 1047 ecelesiam
624 997 763 1062 ingressus
776 995 879 1053 luisset,
894 1000 1017 1047 sanctum
1031 996 1077 1048 bei
1097 1000 1128 1047 ut
1140 995 1183 1047 sui
1206 995 1397 1062 misereretur,
1411 1002 1569 1064 prostratus

328 1093 357 1145 in
370 1099 481 1157 terram,
493 1095 632 1146 humiliter
643 1095 773 1155 exoravit,
784 1107 869 1160 seque
882 1107 916 1147 ex
930 1094 1081 1147 ministerio
1093 1094 1167 1161 quod
1179 1095 1313 1147 didicerat
1324 1095 1464 1162 quidquid
1477 1100 1570 1163 posset

328 1191 417 1243 eidem
431 1199 524 1245 sancto
538 1192 670 1244 coenobio
684 1192 757 1244 illius
770 1191 887 1245 fideliter
899 1192 1073 1259 collaturum,
1084 1193 1106 1243 si
1119 1192 1144 1244 ei
1157 1192 1305 1245 subvenire
1318 1192 1495 1260 dignaretur,
1509 1207 1571 1249 cum

328 1288 449 1342 lacrimis
462 1292 625 1356 repromisit.
641 1294 751 1343 Factum
764 1295 804 1343 est
817 1294 846 1343 ut
863 1290 937 1357 quod
960 1291 1144 1356 postulaverat
1161 1297 1298 1358 aegrotus,
1312 1298 1469 1358 praestaret
1490 1292 1573 1346 medi·

328 1402 376 1441 cus
388 1394 415 1442 et
435 1390 566 1443 orationis
580 1389 707 1443 allectum
719 1397 933 1456 prosequeretur
947 1391 1043 1442 salutis
1056 1389 1178 1443 effectus.
1192 1394 1253 1444 llox
1266 1391 1358 1457 itaque
1371 1404 1486 1456 caecus,
1499 1394 1571 1446 sicut
1589 1394 1619 1445 lb

328 1487 453 1555 petierat,
466 1490 558 1542 lumen
568 1492 680 1556 recepit,
693 1490 737 1542 via
749 1503 803 1556 qua
812 1497 924 1543 venerat
936 1489 1023 1543 laetus
1037 1489 1127 1553 rediit,
1141 1503 1172 1542 ae
1184 1496 1279 1542 saneto
1292 1492 1456 1545 Potentiano
1468 1492 1572 1561 gratias

328 1595 439 1642 acturus
452 1590 570 1642 eundem
583 1596 707 1642 sanctum
720 1590 810 1642 locum
825 1602 887 1642 cum
899 1590 992 1643 debito
1005 1589 1164 1656 frequenter
1177 1589 1286 1655 repetiit
1297 1596 1371 1644 voto.

363 1689 412 1742 19.
427 1692 534 1743 interea
556 1704 652 1758 magna
675 1694 835 1756 tempestate
856 1696 959 1756 exorta,
972 1690 1091 1743 instante
1110 1691 1166 1755 jam
1184 1694 1307 1756 ternpore
1327 1704 1384 1758 quo
1405 1691 1522 1745 laeuum
1542 1696 1572 1744 et

330 1792 435 1855 segetes
446 1788 536 1855 colligi
549 1787 691 1854 deberent,
705 1789 854 1841 multorum
867 1794 972 1855 segetes
984 1792 1011 1840 et
1028 1788 1124 1840 vineae
1141 1787 1276 1855 grandine
1292 1801 1443 1854 percussae
1455 1794 1525 1843 sunt
1541 1794 1570 1843 et

328 1884 364 1938 ad
377 1885 492 1939 nibilum
506 1886 640 1940 redactae.
654 1890 729 1940 Tunc
750 1886 847 1954 grandi
870 1887 1002 1940 miraculo
1015 1887 1095 1952 iacto,
1109 1899 1141 1938 ex
1154 1887 1279 1953 hisquae
1297 1887 1332 1940 ad
1354 1900 1438 1954 saepe
1457 1889 1567 1943 dictum
1588 1888 1619 1941 lb

328 1984 419 2037 locum
439 1987 525 2038 saneti
542 1987 693 2040 Potentiam
718 1986 902 2053 pertinebant,
915 1986 958 2039 vel
978 1999 1049 2051 quae
1062 1987 1113 2052 ipsi
1130 1985 1236 2053 iratres,
1250 1988 1297 2053 qui
1318 1987 1398 2040 illum
1418 1987 1514 2041 locum
1536 2001 1572 2041 ea

328 2099 411 2155 quam
424 2085 543 2139 diximus
555 2087 700 2139 devotione
713 2088 766 2140 beo
779 2090 806 2138 et
818 2085 907 2138 eidem
919 2092 1013 2138 saneto
1032 2086 1193 2139 Potentiano
1204 2086 1371 2152 dicaverant,
1386 2086 1428 2139 vel
1447 2099 1484 2140 ex
1496 2086 1569 2141 alto-

330 2160 376 2240 dio
389 2186 431 2239 vel
444 2199 478 2238 ex
491 2184 624 2240 beneflcio
643 2186 744 2238 babere
761 2185 934 2251 videbantur,
948 2185 1017 2236 nibil
1035 2186 1147 2238 omnino
1166 2186 1255 2251 periit,
1269 2186 1341 2238 ultra
1361 2186 1490 2253 citraque
1507 2192 1536 2240 et
1553 2200 1570 2240 a

328 2285 433 2339 dextris
445 2292 471 2338 et
483 2298 497 2337 a
511 2285 630 2336 sinistris
642 2285 790 2337 multorum
803 2284 942 2351 segetibus
952 2290 978 2336 et
990 2283 1086 2349 vineis,
1101 2288 1131 2335 ut
1141 2282 1272 2347 diximus,
1284 2285 1475 2350 pereuntibus.
1488 2285 1569 2338 llnde

328 2385 462 2439 veraciter
474 2385 617 2451 probatum
639 2382 773 2451 estquod
796 2384 833 2435 ibi
855 2383 931 2435 nulla
944 2384 1113 2449 tempestatis
1132 2384 1219 2449 possit
1239 2383 1398 2449 praevalere
1414 2383 1502 2437 ruina
1516 2384 1565 2438 ubi
1585 2386 1620 2437 20

329 2485 509 2553 reliquiarum
521 2484 607 2535 sancti
620 2482 773 2537 Potentiani
786 2495 848 2535 oum
861 2483 943 2550 digna
955 2482 1133 2536 veneratione
1146 2484 1261 2536 babetur
1273 2484 1367 2537 tutela.

363 2584 418 2636 20.
432 2583 616 2650 ingelburgim
629 2583 748 2650 denique
769 2582 907 2648 quandam
928 2582 1067 2648 feminam,
1081 2582 1115 2635 de
1127 2583 1239 2636 castello
1258 2583 1401 2651 censurio,
1415 2582 1569 2650 aliquando

329 2685 478 2737 daemones
490 2683 656 2735 invaserant.
666 2683 750 2745 Quam
771 2695 834 2733 eum
847 2686 974 2746 parentes
996 2681 1078 2746 illius,
1092 2685 1226 2748 quianon
1239 2683 1319 2749 longe
1331 2687 1390 2736 erat
1402 2695 1417 2736 a
1429 2688 1569 2737 monaste·

330 2784 380 2848 rio,
394 2784 484 2835 statim
496 2787 560 2834 ante
573 2787 698 2834 sanctum
712 2781 903 2833 potentianum
915 2780 1105 2846 adduxissent,
1116 2795 1179 2834 mox
1190 2782 1340 2835 daemones
1353 2782 1400 2848 qui
1413 2793 1474 2834 eam
1486 2795 1566 2835 rexa-

330 2884 396 2936 bant
405 2883 534 2934 dixerunt
548 2894 595 2946 per
608 2894 638 2932 os
651 2880 724 2932 illius
737 2893 766 2932 se
779 2880 807 2931 in
817 2892 849 2932 ea
859 2885 970 2945 propter
982 2884 1106 2932 sanctum
1117 2881 1308 2933 Potentianum
1320 2887 1393 2934 stare
1405 2894 1461 2934 non
1472 2893 1566 2947 posse,
1585 2883 1618 2935 2⁹)

330 2995 392 3035 mox
405 2995 435 3034 se
456 2992 616 3048 egressuros
637 2992 708 3043 esse,
722 2986 801 3031 antea
823 2985 914 3031 tamen
932 2979 1002 3032 illud
1024 2993 1071 3031 vas
1089 2980 1185 3033 inutile
1198 2981 1288 3032 lacere
1300 2985 1327 3032 et
1336 2982 1448 3046 penitus
1459 2982 1568 3035 conba-

329 3087 403 3134 ctum
413 3081 558 3133 dimittere.
573 3083 694 3145 Cumque
707 3092 767 3131 eam
789 3083 896 3144 praeter
917 3079 1026 3131 solitum
1039 3079 1195 3144 coepissent
1212 3078 1369 3144 discerpere
1381 3085 1408 3132 et
1419 3080 1567 3146 dilaniare,

329 3181 463 3247 compulsi
473 3185 538 3232 sunt
546 3180 620 3232 exire
633 3193 664 3231 ac
677 3178 806 3243 deinceps
820 3178 893 3229 illam
908 3191 963 3231 non
975 3185 1040 3230 sunt
1052 3179 1111 3229 ausi
1124 3184 1258 3243 repetere.
1269 3179 1327 3230 Tali
1340 3178 1424 3232 modo
1438 3180 1567 3233 etiamad

330 3279 455 3345 patriam,
474 3278 548 3331 unde
569 3283 783 3342 curtavenerat,
798 3282 869 3328 recta
891 3276 1030 3340 remeavit,
1045 3277 1178 3341 cujusque
1193 3276 1319 3341 precibus
1340 3278 1392 3330 boc
1414 3278 1568 3332 obtinuerit

329 3379 434 3431 civibus
449 3379 595 3431 nuntiavit.
1588 3380 1620 3431 30

361 3478 411 3530 21.
425 3482 461 3530 be
482 3479 610 3545 Eugenia,
624 3477 757 3529 Gertrude
778 3481 805 3527 ct
823 3479 900 3528 iluna
918 3477 986 3529 illud
1009 3491 1058 3530 nos
1080 3478 1183 3530 dixisse
1197 3477 1314 3531 sufficiat
1327 3479 1412 3544 quod,
1431 3480 1566 3532 membris

328 3583 456 3635 omnibus
469 3583 585 3648 paralysi
597 3583 746 3643 dissolutis,
758 3581 792 3633 dc
811 3582 917 3633 lectulis
940 3593 1114 3646 nequaquam
1136 3593 1277 3646 assurgere
1297 3584 1344 3631 aut
1356 3579 1462 3647 aliquid
1474 3582 1568 3647 operis

329 3693 457 3733 exercere
470 3681 604 3745 valebant,
619 3681 736 3746 piurima
752 3693 861 3746 quoque
882 3694 928 3744 spe
951 3679 1153 3743 recuperandae
1175 3677 1270 3728 salutis
1283 3677 1312 3728 in
1330 3677 1453 3730 medicos
1465 3690 1568 3744 expen-

329 3778 436 3847 derant,
448 3781 496 3832 scd
518 3781 620 3833 nuliam
642 3794 690 3844 per
710 3793 757 3832 eos
781 3779 898 3832 salutem
919 3778 1062 3844 acquirere
1084 3781 1218 3842 poterant.
1232 3778 1264 3827 iit
1280 3776 1328 3828 ubi
1340 3781 1468 3829 sanetum
1479 3778 1568 3843 ponti·

330 3877 408 3931 licem
421 3886 448 3932 et
460 3887 604 3946 martyrem
622 3879 749 3933 adeundo
771 3893 865 3943 preces
878 3885 905 3931 et
916 3883 978 3930 vota
990 3877 1160 3941 obtulerunt,
1174 3889 1238 3928 mox
1256 3875 1339 3927 totius
1352 3876 1503 3929 debilitatis
1521 3890 1566 3930 ex·
1583 3878 1615 3930 ὦ

329 3979 418 4047 pulsio
431 3985 458 4031 et
469 3986 609 4046 exoptatae
621 3981 768 4045 sospitatis,
783 3979 811 4031 in
830 3979 974 4045 pristinum
993 3982 1092 4029 statum
1112 3977 1290 4030 redeuntibus
1306 3977 1481 4043 corporibus,
1494 3977 1568 4031 tacta

332 4085 374 4132 est
386 4081 531 4145 reparatio.

362 4178 417 4230 22.
432 4180 562 4231 liartinus
574 4185 714 4246 praeterea
728 4179 810 4231 Britto
824 4178 896 4230 illius
910 4192 1037 4246 magnum
1052 4184 1178 4243 expertus
1191 4183 1231 4230 est
1253 4175 1430 4241 beneficium,
1443 4178 1489 4231 cui
1502 4178 1566 4231 diu-

330 4283 410 4331 turna
423 4278 564 4331 calamitas
576 4280 721 4331 contractis
736 4280 826 4330 nervis
838 4292 962 4344 gressum
975 4283 1120 4344 negaverat
1138 4291 1169 4329 ac
1182 4278 1318 4330 bonorum
1338 4277 1485 4330 bominum
1498 4279 1571 4345 stipe

329 4392 361 4432 ex
382 4380 463 4446 longo
487 4385 607 4445 tempore
627 4379 742 4431 vivebat.
757 4380 814 4442 iiio,
833 4380 962 4432 euntibus
983 4378 1075 4430 multis
1097 4377 1265 4430 brittonibus
1285 4378 1410 4444 liomam,
1423 4390 1489 4430 cum
1507 4380 1569 4445 ipse
1585 4381 1616 4431 to

330 4493 439 4547 ottoque
451 4480 524 4532 idem
538 4481 597 4540 iter,
611 4480 688 4530 sicuti
703 4479 825 4543 corporis
837 4479 956 4531 valitudo
975 4479 1092 4542 sinebat,
1107 4483 1231 4530 sanctum
1244 4477 1443 4543 deprecaturus
1456 4481 1569 4533 Petrum

330 4581 409 4636 utsui
420 4581 605 4645 misereretur,
615 4585 708 4632 tenere
717 4579 897 4645 vellet,credo
908 4580 962 4633 beo
971 4579 1080 4631 volente
1090 4584 1117 4629 et
1126 4582 1220 4630 sancto
1231 4578 1394 4630 Potentiano
1404 4579 1569 4647 miseraute,
