3316 5482
228 359 295 426 324
567 376 693 428 ouran.
714 377 815 428 conn.
836 377 1011 428 naerens.
1031 377 1112 428 ner.

264 546 315 599 10.
329 544 367 598 ld
380 546 448 599 baec
471 558 581 612 praeses
600 551 754 600 commotus
762 548 845 614 jussit
861 553 987 601 sanctum
1005 546 1167 601 Floscellum
1185 545 1261 600 mitti
1280 546 1311 599 in
1328 558 1468 600 earcemn

227 657 290 698 cum
303 644 393 712 leone,
407 651 506 711 putans
518 660 582 700 eum
594 646 637 699 vel
649 659 664 700 a
676 647 758 701 leone
770 645 886 701 interlici
905 660 994 714 posse.
1008 650 1077 714 llrgc
1089 660 1151 700 cum
1172 646 1249 700 intus
1261 650 1364 700 essent
1374 645 1467 699 antus

228 742 374 796 Floscellus
388 747 416 795 et
425 742 479 809 leo,
491 743 641 797 intendens
659 746 687 797 in
699 745 805 799 caelum
819 751 929 799 sanctus
942 745 1030 799 orauit
1041 743 1076 797 ad
1093 743 1240 799 bominum
1260 756 1329 797 eum
1347 742 1466 797 lacrimis

173 886 178 896 .
226 846 254 895 et
263 843 300 896 ait
312 858 318 894 :
332 842 470 910 Domine,
483 843 600 909 annon
611 856 668 909 me,
682 844 756 911 quin
763 845 874 910 pontu
885 856 927 898 es.
941 846 972 897 Et
983 844 1114 898 continuo
1126 843 1170 897 leo
1182 842 1285 896 cecidit
1297 848 1329 896 et
1343 846 1465 897 mortuus

226 946 276 995 est.
296 942 360 995 lirat
378 944 471 995 autem
489 941 563 995 solus
584 942 613 994 in
634 955 754 1010 earcere,
775 948 802 996 et
822 956 905 997 nemo
926 957 989 997 eum
1012 942 1207 997 consolabatur
1224 941 1398 1009 bominum
1418 938 1493 995 scd!

227 1041 341 1094 bomine
353 1054 416 1095 eum
428 1040 554 1095 visitante
566 1046 753 1109 apparuerunt
770 1043 808 1095 ibi
826 1047 932 1110 septem
950 1042 1115 1096 candelabra
1131 1040 1307 1096 lucidissime
1318 1053 1465 1097 curasan

151 1136 154 1141 '
224 1141 271 1208 tia,
283 1153 346 1194 curn
357 1142 442 1195 odore
455 1142 560 1196 incensi
573 1119 689 1211 magnae
707 1143 857 1212 suavitatis,
870 1147 897 1197 et
909 1156 972 1197 esca
990 1143 1097 1197 bomini
1110 1142 1138 1196 in
1156 1154 1271 1195 carcere
1282 1141 1346 1208 ipso
1360 1138 1463 1197 retooil·

225 1239 341 1295 labatur.

258 1343 304 1395 11.
317 1340 437 1395 Audiens
448 1345 539 1395 autem
554 1343 623 1397 baec
635 1342 669 1397 de
681 1343 790 1397 civitate
806 1342 928 1410 quidam,
942 1343 989 1411 qui
1011 1343 1129 1397 babebat
1141 1339 1227 1395 illium
1240 1353 1388 1397 annornm
1399 1340 1464 1395 dno·

224 1438 314 1494 decim
326 1453 446 1510 caecum,
461 1440 575 1496 surdum
588 1447 670 1510 atque
688 1447 803 1509 mutum,
817 1443 951 1497 intellexit
971 1456 1031 1497 esse
1048 1442 1096 1496 bei
1111 1442 1226 1512 gratiam
1242 1440 1320 1510 apud
1338 1444 1464 1496 saneim
1478 1438 1503 1492 lt

224 1541 313 1594 viram
325 1541 355 1593 in
376 1553 503 1607 carcere,
516 1545 543 1594 et
563 1542 677 1595 veniens
689 1541 725 1595 ad
745 1543 847 1596 ostium
870 1543 999 1609 carceris,
1012 1543 1117 1611 rogavit
1134 1555 1197 1596 cum
1210 1541 1336 1596 lacrimis
1352 1541 1464 1596 beatum

225 1640 397 1707 lloscellum‚
418 1639 516 1695 dicens
536 1657 544 1701 ;
563 1643 693 1696 Amator
719 1640 835 1696 Christi
855 1643 1015 1711 Floscclte,
1037 1643 1187 1710 deprecor
1206 1644 1236 1695 te
1255 1644 1295 1696 ut
1315 1652 1389 1696 cres
1403 1651 1464 1710 pro

219 1741 454 1808 pannoniam
466 1745 594 1794 sanctus:
609 1741 702 1796 cren
714 1740 750 1794 in
760 1754 831 1795 enm
842 1741 878 1795 in
892 1754 981 1808 quem
992 1741 1124 1795 credunt
1135 1738 1318 1809 christiani,
1330 1741 1363 1794 et
1374 1750 1464 1795 aam-

224 1839 308 1893 ln'tur
319 1839 407 1908 filius
420 1842 499 1892 tuus.
513 1839 545 1891 bt
556 1839 620 1893 ille:
639 1839 753 1907 Utique,
767 1839 899 1907 domins,
911 1840 1002 1895 credo
1015 1840 1050 1892 in
1062 1839 1253 1908 cruccifinum
1267 1835 1463 1905 Filiwulici,

228 1940 543 2006 quiereaoiteaetuin
562 1942 592 1992 et
613 1942 740 1993 ternam.
753 1942 786 1993 lit
806 1941 864 2006 ipsa
886 1941 962 2005 bora,
975 1941 1056 1994 beato
1081 1939 1464 2007 Floseelloorante,sanatut
1478 1936 1505 1990 lt

228 2042 270 2091 est
280 2052 358 2106 puer,
371 2040 418 2105 qui
430 2037 552 2105 videndi,
566 2038 698 2106 loquendi
710 2045 737 2092 et
748 2039 881 2092 audiendi
899 2051 983 2093 sensu
996 2038 1117 2093 nudatus
1130 2039 1229 2092 iuerat.

264 2138 314 2192 18.
335 2140 441 2191 interea
461 2150 570 2204 praeses
591 2138 729 2205 praecepit
749 2138 951 2205 apparitoribus
971 2139 1012 2192 ire
1030 2143 1057 2192 et
1076 2138 1170 2193 videre
1188 2138 1211 2191 si
1228 2139 1288 2204 jam
1311 2141 1428 2193 sanetus
1450 2149 1465 2190 a

229 2237 309 2292 leone
321 2238 418 2292 suisset
428 2238 583 2291 devoratus.
596 2239 644 2302 Qui
658 2237 723 2290 dum
737 2238 927 2304 peruenissent
939 2240 973 2292 ad
990 2251 1139 2304 carcerem,
1153 2237 1324 2304 aspicientes
1335 2236 1468 2293 viduant

229 2336 373 2391 luminaria
385 2351 482 2406 magno
494 2336 640 2404 splendore
651 2337 793 2405 fulgentia,
804 2350 943 2404 pavorque
955 2338 1037 2391 irruit
1049 2351 1131 2406 super
1143 2351 1210 2404 eos;
1232 2343 1259 2390 et
1271 2337 1358 2391 simul
1373 2336 1467 2392 audie·

227 2444 293 2491 runt
311 2443 435 2491 sanctum
448 2437 611 2490 Floseellum
631 2437 794 2502 psallentem
806 2438 835 2490 in
848 2437 938 2491 medio
951 2441 1079 2503 carceris,
1092 2437 1174 2491 leone
1195 2435 1329 2504 equidem
1342 2442 1463 2492 mortuo.
1478 2432 1505 2489 w

229 2540 302 2602 Quae
313 2551 376 2590 cum
397 2537 603 2590 renuntiassent
615 2536 744 2603 praesidi,
757 2538 795 2590 ait
807 2549 918 2604 praeses
932 2553 938 2589 :
956 2538 978 2590 0
994 2537 1151 2605 Floscelie,
1164 2538 1320 2604 qnantum
1331 2549 1467 2605 praeva-

230 2640 293 2692 ient
314 2635 472 2704 maleficia
490 2638 554 2690 tua.
567 2638 599 2688 lit
620 2636 759 2702 praecepit
778 2643 856 2690 extra
875 2637 1011 2690 ciuitatem
1029 2649 1125 2705 rogum
1144 2649 1273 2704 magnum
1292 2634 1366 2690 deri.
1380 2638 1465 2701 Quen

229 2751 291 2792 cnm
304 2737 433 2790 iecissent
444 2734 471 2789 et
482 2736 673 2789 adhibuissent
685 2735 822 2803 lignorum
840 2737 956 2804 copiam,
970 2736 1096 2803 sequenti
1109 2734 1154 2789 die
1165 2735 1289 2789 diluculo
1301 2749 1337 2790 ea
1354 2748 1468 2791 sueoen

229 2836 341 2890 derunt.
351 2838 384 2889 lit
395 2849 457 2889 cum
466 2836 545 2901 jussu
557 2834 691 2901 praesidis
703 2835 821 2887 ministri
834 2836 944 2889 beatum
957 2835 1121 2890 Floseellum
1130 2834 1164 2889 ad
1177 2835 1270 2904 ignem
1282 2834 1467 2890 cremandum

229 2937 371 2999 ducerent,
384 2934 453 2988 dixit
465 2935 536 2987 intra
547 2935 727 3000 semetipsum
739 2934 891 3002 :Domine
902 2935 945 2988 dn
955 2933 1035 2987 mihi
1045 2937 1077 2988 ut
1086 2933 1176 2988 atiud
1184 2934 1381 2999 martyrium
1390 2934 1468 2988 acci·
1480 2929 1506 2983 β

224 3035 391 3105 pisinni
408 3048 491 3088 nunc
506 3034 680 3102 perignem
699 3036 867 3101 transeam,
881 3036 916 3087 ut
933 3034 1060 3087 valeant
1071 3033 1106 3086 in
1119 3035 1148 3087 te
1167 3033 1330 3087 creamus
1343 3046 1465 3102 corpus

229 3136 333 3189 culum
353 3147 456 3189 meunt
476 3134 514 3187 nb
531 3134 601 3201 ipne
622 3133 905 3188 incontaminatum
923 3133 1038 3201 videre,
1061 3135 1214 3201 quatenus
1236 3132 1300 3200 ipsi
1321 3133 1390 3188 viso
1411 3132 1465 3187 hoc

230 3235 384 3289 retinaculo
396 3236 429 3287 in
442 3238 497 3288 tun
508 3235 571 3303 fide
580 3234 737 3288 venustius
747 3234 948 3301 corroborati,
960 3237 1056 3288 toturn
1069 3233 1353 3302 Constantinipnpi
1360 3235 1466 3302 (tipic-

231 3335 305 3401 bem,
317 3337 485 3402 inrepente,
499 3335 536 3387 ote
548 3334 680 3388 tenebris
691 3335 734 3387 ad
746 3335 845 3388 lucem
859 3337 945 3389 tunm
952 3335 1076 3402 possint
1088 3345 1244 3399 revocare,
1257 3345 1295 3387 nc
1304 3337 1466 3388 mereatur

232 3434 335 3501 ipsum
353 3445 474 3501 corpus,
483 3437 649 3501 postquam
660 3436 854 3501 segregatum
865 3433 903 3487 ab
925 3433 1034 3487 animo
1045 3430 1154 3501 fucrit,
1169 3432 1211 3484 nd
1221 3432 1397 3499 propriant
1409 3444 1466 3499 pu·
1481 3429 1506 3482 et

140 3582 146 3597 ,
175 3583 181 3594 ,
234 3533 331 3587 trion
339 3534 430 3599 nique
440 3531 621 3598 ad'papurn
625 3532 794 3599 proprium
803 3531 909 3585 redire
921 3532 976 3598 qui
989 3530 1108 3584 dicitur
1126 3530 1468 3585 communicandae

232 3646 265 3688 eo
278 3637 383 3698 orante,
397 3633 465 3685 lacta
486 3635 527 3685 est
538 3631 563 3684 ei
576 3644 630 3684 vox
649 3630 782 3695 decade,
795 3631 891 3684 dicens
905 3643 914 3683 :
926 3632 971 3685 Ne
990 3631 1110 3698 timeas,
1124 3630 1283 3699 Floscelte,
1296 3642 1355 3697 epo
1367 3633 1467 3685 unm

230 3746 309 3801 sune,
321 3730 510 3799 confortare.
525 3732 737 3799 properantibus
758 3745 822 3799 ergo
843 3732 883 3784 eis
904 3730 938 3783 ad
959 3732 1061 3799 ignem,
1074 3742 1182 3796 semper
1199 3729 1296 3782 beatus
1315 3730 1468 3784 Floseellus

231 3833 266 3886 ab
284 3831 380 3900 angelo
401 3832 496 3884 dextro
513 3832 714 3898 protegebatur.
732 3833 855 3898 cumque
872 3830 901 3884 in
924 3831 1014 3884 medio
1031 3830 1102 3896 ignis
1119 3831 1257 3895 projectus
1266 3829 1384 3898 jaceret,
1403 3831 1467 3885 ilico

232 3935 379 3998 tempestas
390 3930 478 3983 ualida
490 3930 525 3982 de
537 3929 612 3982 caelo
624 3931 739 3982 veniens
750 3931 840 3998 ignem
854 3930 991 3994 exstinxit,
1005 3930 1150 3995 ipsumque
1162 3927 1276 3994 angelus
1290 3927 1421 3982 illaesum
1433 3930 1469 3982 ab
1483 3929 1506 3981 ἓ

232 4032 295 4098 igne
315 4031 448 4083 liberavit.
469 4032 523 4082 Nee
543 4030 644 4081 mirum
665 4030 687 4081 si
706 4030 825 4083 exterius
844 4030 906 4097 igne
928 4030 1066 4096 lignorum
1079 4027 1203 4081 comburi
1216 4039 1273 4081 non
1286 4032 1407 4094 poterat,
1420 4029 1469 4096 qni

232 4136 287 4183 tam
300 4130 405 4183 sortiter
416 4130 479 4195 igne
491 4127 577 4180 sancti
587 4128 712 4194 Spiritus,
726 4128 774 4194 qui
787 4134 828 4180 est
840 4127 1046 4192 invictissimus,
1060 4126 1175 4180 interius
1188 4124 1312 4179 ardebat.

266 4230 316 4282 13.
329 4228 457 4282 videntes
470 4228 573 4281 interea
586 4228 704 4280 ministri
725 4241 796 4295 quae
814 4228 974 4296 agebantur,
988 4228 1131 4294 stupefacti
1150 4231 1325 4280 retruserunt
1339 4241 1407 4282 eum
1420 4230 1469 4282 ite·

233 4346 294 4386 rum
306 4332 335 4383 in
348 4343 495 4396 carcerem,
509 4330 686 4383 recordantes
707 4331 780 4397 quod
793 4330 851 4396 ipse
869 4333 931 4382 ante
945 4327 1065 4382 tribunal
1087 4327 1216 4394 praefecti
1229 4325 1340 4380 dixerat
1353 4342 1469 4397 praepa·

232 4438 321 4486 ratum
334 4431 386 4484 sibi
398 4429 490 4497 ignem
502 4442 558 4483 non
570 4442 600 4483 se
611 4442 671 4483 esse
684 4429 816 4483 visurum.
830 4431 863 4482 Et
881 4443 943 4483 curn
965 4429 1015 4482 boc
1029 4427 1164 4495 praelecto
1177 4425 1336 4481 nuntiatum
1356 4427 1467 4489 inisset.
1483 4429 1506 4481 it

264 4624 300 4693 (ll
317 4626 372 4679 cir.
385 4627 469 4693 Neget
480 4626 514 4680 de
526 4626 551 4681 la
563 4625 679 4694 coudre‚
693 4641 718 4694 p.
733 4631 800 4681 ili.
