3316 5482
233 334 297 402 164
581 351 708 403 esron.
727 352 829 404 oonn.
848 354 1020 406 nooman.
1041 353 1117 405 nor.

228 523 319 576 tuum
330 512 460 590 sonore3
473 527 502 577 et
514 523 693 593 ubicumque
703 526 826 580 sonitus
837 527 903 592 ejus
914 526 1013 595 suerit
1025 528 1059 580 in
1071 526 1209 582 circuitu
1220 540 1261 581 eu
1271 528 1361 582 omni
1367 531 1467 597 porte

228 622 366 690 auditus,
380 622 440 676 itta
452 623 496 677 sit
507 626 562 678 tum
574 626 662 678 terra
669 627 781 692 postea
799 626 834 678 in
844 624 1017 681 hereditate
1023 629 1190 694 perpetue.

262 721 456 776 torostoros
476 723 603 776 amiciet
622 728 749 789 parentes
769 724 844 778 iliius
863 723 995 792 hominis,
1009 726 1056 793 qui
1077 738 1127 792 pro
1148 726 1278 793 supernis
1300 738 1351 780 sua
1374 727 1465 781 tuerat

228 820 390 888 paralyticus
412 822 654 890 iactus,venerunt
673 823 707 877 ad
726 829 851 878 sanctum
872 825 1036 879 Leonorium
1057 837 1121 878 cum
1140 823 1284 880 honoratis
1303 831 1332 880 et
1353 828 1463 896 magnis

227 922 397 990 muneribus,
411 920 588 989 deprecantes
609 936 671 976 eum
684 928 714 977 ut
734 922 861 978 redderet
872 924 896 976 ei
918 936 1030 977 suorum
1048 924 1175 977 virtutem
1197 924 1309 990 pedum,
1322 929 1356 978 ut
1367 931 1463 993 posset
1478 927 1494 977 5

227 1019 368 1075 ambulare
379 1025 407 1074 et
419 1025 491 1074 stare
509 1035 592 1089 super
603 1022 687 1088 pedes
699 1023 769 1089 ejus,
782 1022 851 1075 sicut
866 1027 929 1076 ante
942 1027 1046 1089 poterat
1060 1035 1155 1076 sanus,
1168 1026 1284 1077 Sanctus
1305 1024 1461 1079 teonorius

226 1120 396 1187 respondens
406 1119 474 1173 dixit
485 1121 518 1174 ad
531 1121 593 1175 ilios
603 1137 611 1173 ε
621 1121 752 1175 Munera
763 1124 867 1176 oestro
879 1121 1033 1177 vobiscum
1044 1124 1222 1191 reportate3
1234 1123 1312 1190 quia
1323 1136 1460 1178 munera

221 1223 424 1288 peccatorum
435 1233 499 1276 non
510 1223 638 1289 accepte
650 1223 726 1277 sunt
737 1221 822 1289 apud
833 1221 1000 1276 Dominum
1012 1222 1079 1276 nisi
1084 1235 1146 1290 per
1157 1223 1406 1290 poenitentium.
1419 1224 1459 1278 In

226 1319 359 1376 ueritate
370 1319 439 1375 dieo
462 1319 555 1388 eoois,
567 1333 738 1388 numquam
758 1320 957 1389 recuperabit
976 1322 1147 1376 sanitatem
1166 1322 1343 1390 doneepost
1362 1335 1413 1377 me
1424 1323 1458 1377 in

225 1421 430 1475 Britanniam
442 1433 513 1476 cum
524 1419 670 1475 scabellis
682 1420 751 1475 ittis
763 1420 878 1475 exierit
890 1420 1053 1475 humiliter
1063 1439 1072 1487 ,·
1082 1421 1158 1489 quia
1169 1433 1223 1487 epo
1234 1434 1306 1476 eum
1317 1423 1457 1477 muttum
1473 1422 1494 1474 it

223 1522 411 1589 suppliciter
419 1521 603 1590 deprecatus
614 1534 684 1575 sum
691 1533 752 1588 per
760 1520 984 1589 memetipsum,
990 1534 1051 1589 per
1063 1524 1126 1575 tres
1135 1523 1236 1587 testes,
1243 1524 1457 1588 pereunetum

219 1622 373 1689 poputum
385 1621 455 1676 ittic
463 1621 650 1688 adstantem,
656 1633 716 1688 per
728 1620 982 1675 misericordium
991 1620 1117 1675 Domini
1124 1621 1227 1675 nostri
1237 1621 1313 1675 Jesu
1322 1619 1457 1687 christi,

220 1732 242 1774 o
255 1721 314 1775 Deo
326 1733 392 1775 uteo
404 1733 467 1774 non
481 1720 584 1786 potest
595 1731 784 1787 recuperare
801 1720 980 1786 sanitatem,
995 1723 1031 1773 ut
1049 1720 1130 1775 sciat
1147 1721 1178 1774 et
1200 1720 1364 1788 iutettepot
1383 1718 1457 1788 quio

222 1818 304 1872 Deus
315 1816 456 1886 superbis
476 1817 606 1885 resistit,
619 1814 791 1871 humilibus
811 1820 917 1871 eutem
937 1817 993 1871 det
1004 1818 1155 1884 pretium.
1168 1819 1202 1871 itt
1222 1819 1259 1870 ita
1282 1817 1387 1872 iactum
1406 1822 1456 1871 ast

223 1917 310 1970 Exivit
320 1918 367 1971 iile
376 1916 515 1971 humiliter
527 1930 589 1970 cum
598 1916 695 1984 grandi
704 1917 834 1970 comitatu
844 1921 906 1983 post
918 1921 1041 1970 sanetum
1052 1918 1216 1971 Leonorium
1228 1917 1256 1969 in
1267 1916 1452 1983 Britanniam
1471 1919 1494 1970 it

223 2016 280 2069 iilic
292 2017 395 2083 recepit
406 2015 548 2083 pristinam
562 2016 715 2069 sanitatem.
726 2017 840 2069 sanctus
852 2029 918 2070 vero
929 2016 1090 2083 Leonorius,
1104 2020 1215 2082 accepta
1227 2028 1243 2069 a
1256 2028 1319 2084 rege
1331 2015 1453 2082 licentia,

223 2128 287 2169 cum
298 2114 394 2185 grandi
407 2115 512 2168 honore
524 2114 558 2167 ad
571 2114 644 2168 iiiam
657 2114 732 2169 unde
744 2119 859 2169 venerat
871 2128 996 2168 reversus
1008 2121 1050 2168 est
1062 2116 1189 2182 patriam.

256 2217 312 2271 2⁰.
325 2221 400 2271 Unus
411 2229 477 2271 vero
488 2216 530 2270 vir
541 2216 641 2270 nobilis
653 2220 680 2269 et
691 2216 770 2269 valde
782 2215 867 2278 dives,
881 2216 993 2269 unicam
1005 2216 1110 2269 hahens
1122 2215 1217 2281 tiliam,
1232 2227 1304 2282 quae
1316 2227 1332 2269 a
1343 2213 1453 2269 daemo-

223 2318 270 2372 nio
279 2315 324 2371 die
333 2321 471 2384 noctuque
480 2316 638 2383 vexabatur,
648 2316 765 2369 multum
774 2314 936 2370 desiderans
945 2315 1092 2370 adrentum
1102 2317 1171 2382 ejus,
1182 2327 1259 2370 suam
1268 2315 1361 2369 attulit
1370 2313 1453 2369 tiliam

222 2421 409 2481 anteeum,et
428 2417 589 2483 deprecatus
611 2421 652 2469 est
672 2416 748 2469 ilium
761 2420 793 2469 ut
813 2415 846 2468 ab
868 2428 900 2468 ea
922 2416 1022 2469 eiceret
1037 2415 1224 2482 daemonium,
1246 2415 1411 2481 promittens
1428 2414 1453 2468 ei
1469 2413 1494 2465 st

223 2516 329 2570 diversa
341 2515 406 2569 dare
420 2527 544 2579 munero,
557 2513 687 2581 quicquid
700 2512 735 2567 ab
747 2526 780 2567 eo
800 2512 973 2580 postulasset,
986 2515 1042 2567 sire
1054 2526 1152 2567 aurum
1165 2514 1207 2567 rel
1219 2518 1374 2582 argentum,
1396 2513 1452 2567 sire

222 2615 381 2670 hereditatis
398 2627 463 2668 suae
483 2612 690 2667 dimidietatem.
711 2616 827 2666 Sanctus
843 2613 996 2667 Leonorius
1017 2614 1189 2680 respondens
1208 2613 1276 2666 dixit
1295 2613 1330 2666 ad
1351 2612 1450 2667 illum:

222 2714 463 2770 Nonestnostrt
482 2726 558 2767 usus
578 2726 695 2767 aurum
715 2714 765 2767 eet
785 2713 952 2779 arpentum
959 2713 1130 2781 possidere,
1144 2712 1198 2766 sed
1218 2713 1451 2778 terremotum

220 2826 277 2868 nos
288 2816 317 2868 et
329 2812 432 2868 nostri
439 2823 629 2868 successores
638 2812 768 2866 Domino
779 2813 853 2867 Jesu
867 2811 987 2866 christo
996 2813 1164 2866 servientes
1173 2811 1449 2879 oieerepossimus.

217 2914 254 2967 Et
273 2913 342 2967 ideo
353 2924 426 2980 rope
441 2914 479 2977 te,
500 2910 612 2979 frater,
626 2923 689 2978 pro
707 2911 834 2965 enimus
850 2912 923 2964 tuae
943 2913 973 2965 et
988 2912 1162 2978 parentum
1180 2912 1306 2965 tuorum
1323 2911 1444 2965 animo·
1464 2909 1492 2962 tt

214 3025 286 3066 rum
297 3011 446 3079 requieet
461 3023 521 3078 pro
538 3010 627 3077 filiae
638 3013 711 3065 tuoe
731 3011 865 3064 sanitate
878 3010 1008 3064 tertiam
1022 3012 1150 3077 partem
1163 3011 1237 3063 tuoe
1258 3007 1449 3066 hereditatis

220 3110 338 3166 Christo
351 3113 386 3163 ut
398 3108 478 3162 mitti
495 3108 616 3177 famulo
627 3122 684 3162 suo
691 3108 923 3176 perpetualiter
936 3107 1056 3162 tribuas
1069 3109 1179 3163 amodo
1194 3120 1293 3175 usque
1309 3108 1343 3160 in
1354 3109 1449 3176 finem

216 3211 424 3276 soeculorum,
437 3211 472 3261 ut
484 3208 542 3261 imi
553 3209 704 3263 Dominus
723 3222 811 3262 meus
830 3209 919 3263 Jesccs
932 3207 1127 3262 Christusne
1143 3207 1204 3261 itte
1222 3209 1310 3261 terro
1323 3209 1449 3275 portem

214 3309 351 3364 tribuere
366 3310 515 3377 dipnetur
532 3308 570 3362 de
590 3323 651 3376 qun
666 3307 824 3377 prophete
845 3309 892 3362 ait
911 3325 917 3362 :
941 3309 1035 3364 Oresio
1056 3309 1162 3363 videre
1177 3308 1259 3363 oona
1270 3309 1397 3363 Domini
1416 3311 1448 3362 in

214 3413 301 3463 terra
321 3407 499 3461 viventium.
513 3407 561 3459 lile
582 3411 682 3474 autem,
693 3407 791 3475 gratias
812 3420 895 3475 agens
907 3410 972 3474 Deo,
985 3408 1075 3461 iaetus
1098 3407 1253 3462 cumomni
1274 3408 1448 3462 testinatione
1460 3402 1494 3456 tt

212 3509 318 3562 tertiam
328 3512 432 3574 partem
446 3519 510 3560 suae
523 3506 682 3559 hereditatis
694 3519 756 3559 cum
766 3507 922 3572 juramento
936 3507 963 3559 in
985 3520 1068 3561 manu
1080 3508 1167 3561 sancti
1186 3507 1317 3562 Leonorii
1336 3507 1447 3562 tradidit

212 3613 293 3675 atque
305 3607 416 3660 donarit
427 3607 532 3673 absque
542 3606 598 3659 ulla
611 3607 825 3660 commutatione
836 3612 863 3660 et
884 3607 943 3660 sine
956 3607 1048 3674 aliqua
1062 3608 1200 3661 calumnia
1220 3621 1308 3674 usque
1320 3608 1349 3660 in
1361 3608 1446 3663 tinem

211 3707 322 3761 saeculi.
336 3710 450 3759 sanctus
461 3710 552 3759 autem
565 3707 726 3787 Leonorius,
737 3706 812 3759 illam
824 3709 964 3775 accipiens
977 3708 1005 3760 in
1019 3721 1101 3762 manu
1122 3714 1233 3774 terram,
1248 3707 1317 3760 dixit
1331 3708 1372 3761 ilii
1387 3724 1394 3760 z
1408 3709 1448 3762 In

211 3803 270 3860 noe
286 3809 453 3860 noctecum
464 3804 607 3859 omnious
618 3804 773 3873 fratribus
782 3806 859 3860 meis
876 3805 1012 3874 or‘pitubo
1023 3809 1053 3862 et
1069 3807 1210 3862 erastino
1222 3806 1445 3873 disjunctum,

208 3906 321 3959 etcum
333 3904 473 3960 omnious
485 3905 597 3959 amieis
617 3905 682 3958 tuis
694 3905 843 3959 similiter
860 3905 954 3973 cpite.
971 3905 1050 3966 outa
1062 3906 1212 3961 Dominus
1229 3908 1336 3960 noster
1353 3907 1444 3961 Iesus
1468 3895 1494 3947 5

213 4002 354 4059 Christus
363 4004 533 4072 discipulos
541 4016 615 4058 suos
624 4004 667 4057 ud
679 4017 777 4057 unum
786 4005 1023 4060 daemoniacum
1033 4005 1186 4060 nominem
1195 4006 1284 4060 misit
1293 4008 1329 4058 ut
1337 4005 1443 4061 diabo-

209 4103 275 4157 tum
286 4103 421 4158 eicerent
441 4102 479 4156 oo
502 4115 545 4168 eo,
559 4104 588 4156 et
600 4114 663 4156 non
679 4104 859 4169 potuerunt.
872 4104 1068 4158 Revertentes
1088 4104 1443 4172 interropuoemmteum

207 4202 361 4258 dicentes:
378 4204 481 4263 onore
491 4214 556 4256 non
573 4201 737 4269 potuimus
748 4214 820 4256 eum
837 4201 960 4257 eiceret
972 4203 1168 4269 Respondens
1189 4203 1277 4256 discit
1291 4203 1335 4256 od
1347 4203 1440 4258 illos:

208 4303 270 4357 Hoc
280 4315 378 4370 penus
390 4302 425 4354 in
441 4302 529 4356 nutto
536 4303 640 4368 potest
657 4300 757 4355 eicere
767 4301 833 4354 uisi
849 4301 884 4354 in
895 4301 1038 4356 oratione
1048 4304 1078 4356 et
1088 4303 1220 4369 jejunio.
1234 4303 1266 4355 iit
1283 4302 1322 4356 ita
1340 4303 1442 4358 iactum

206 4407 258 4466 est,
269 4402 490 4468 sicutiliejussit.
502 4401 763 4455 incrastinoautem
774 4401 913 4467 die,iaotis
930 4401 1028 4468 vigiliis
1046 4401 1294 4469 etjejuniisiinitis,
1312 4402 1440 4457 amiciet
1467 4402 1494 4439 Α

207 4507 335 4569 parentes
345 4502 418 4556 illius
430 4501 623 4556 daemoniacae
634 4502 751 4568 puellae,
762 4501 851 4569 ligatis
861 4514 877 4554 a
886 4504 961 4570 tergo
974 4502 1109 4568 manibus,
1119 4505 1184 4556 ante
1196 4507 1319 4556 sanmum
1330 4502 1439 4558 Lcono-

206 4603 278 4655 rium
290 4615 350 4656 eam
361 4600 543 4658 adduxerunt.
556 4603 671 4658 sanctus
683 4606 773 4656 autem
786 4601 945 4668 iconomus,
958 4600 1056 4655 videns
1073 4615 1133 4657 eam
1147 4603 1267 4670 ligatam,
1279 4601 1350 4656 dixit
1361 4602 1418 4657 iilis
1431 4619 1438 4657 :
