<?xml version="1.0" encoding="UTF-8"?>
<!DOCTYPE html PUBLIC "-//W3C//DTD XHTML 1.0 Transitional//EN"
    "http://www.w3.org/TR/xhtml1/DTD/xhtml1-transitional.dtd">
<html xmlns="http://www.w3.org/1999/xhtml" xml:lang="en" lang="en">
 <head>
  <title>
</title>
<meta http-equiv="Content-Type" content="text/html;charset=utf-8" />
  <meta name='ocr-system' content='tesseract 3.04.00' />
  <meta name='ocr-capabilities' content='ocr_page ocr_carea ocr_par ocr_line ocrx_word'/>
</head>
<body>
  <div class='ocr_page' id='page_1' title='image "./cataloguscodicu02manugoog_0306.png"; bbox 0 0 3316 5482; ppageno 0'>
   <div class='ocr_carea' id='block_1_1' title="bbox 442 110 1468 181">
    <p class='ocr_par' dir='ltr' id='par_1_1' title="bbox 442 110 1468 181">
     <span class='ocr_line' id='line_1_1' title="bbox 442 110 1468 181; baseline -0.002 -2"><span class='ocrx_word' id='word_1_1' title='bbox 442 128 537 180; x_wconf 79' lang='lat' dir='ltr'><strong><em>amn.</em></strong></span> <span class='ocrx_word' id='word_1_2' title='bbox 554 126 637 180; x_wconf 77' lang='lat' dir='ltr'><strong><em>uus.</em></strong></span> <span class='ocrx_word' id='word_1_3' title='bbox 655 128 774 181; x_wconf 77' lang='lat' dir='ltr'><strong><em>etms.</em></strong></span> <span class='ocrx_word' id='word_1_4' title='bbox 791 146 837 163; x_wconf 87' lang='lat'><strong><em>—-</em></strong></span> <span class='ocrx_word' id='word_1_5' title='bbox 852 127 1007 180; x_wconf 68' lang='lat' dir='ltr'><strong><em>menno.</em></strong></span> <span class='ocrx_word' id='word_1_6' title='bbox 1027 126 1075 178; x_wconf 79' lang='lat' dir='ltr'><strong><em>su</em></strong></span> <span class='ocrx_word' id='word_1_7' title='bbox 1091 124 1170 179; x_wconf 85' lang='lat' dir='ltr'><strong><em>oon.</em></strong></span> <span class='ocrx_word' id='word_1_8' title='bbox 1189 125 1265 178; x_wconf 81' lang='lat' dir='ltr'><strong><em>msr.</em></strong></span> <span class='ocrx_word' id='word_1_9' title='bbox 1404 110 1468 178; x_wconf 82' lang='lat'><strong><em>281</em></strong></span> 
     </span>
    </p>
   </div>
   <div class='ocr_carea' id='block_1_2' title="bbox 187 283 1483 4462">
    <p class='ocr_par' dir='ltr' id='par_1_2' title="bbox 187 283 1483 4462">
     <span class='ocr_line' id='line_1_2' title="bbox 243 283 1470 367; baseline -0.002 -14"><span class='ocrx_word' id='word_1_10' title='bbox 243 296 399 353; x_wconf 78' lang='lat' dir='ltr'><strong><em>modias-i</em></strong></span> <span class='ocrx_word' id='word_1_11' title='bbox 408 283 435 352; x_wconf 77' lang='lat' dir='ltr'><strong><em>n.</em></strong></span> <span class='ocrx_word' id='word_1_12' title='bbox 448 297 529 366; x_wconf 71' lang='lat' dir='ltr'><strong><em>mi,</em></strong></span> <span class='ocrx_word' id='word_1_13' title='bbox 540 297 679 367; x_wconf 86' lang='lat' dir='ltr'><strong><em>Domine,</em></strong></span> <span class='ocrx_word' id='word_1_14' title='bbox 690 296 750 367; x_wconf 73' lang='lat' dir='ltr'><strong><em>flat</em></strong></span> <span class='ocrx_word' id='word_1_15' title='bbox 760 297 932 353; x_wconf 82' lang='lat' dir='ltr'><strong><em>secuudum</em></strong></span> <span class='ocrx_word' id='word_1_16' title='bbox 942 295 1068 351; x_wconf 84' lang='lat' dir='ltr'><strong><em>uerbum</em></strong></span> <span class='ocrx_word' id='word_1_17' title='bbox 1085 308 1202 365; x_wconf 88' lang='lat' dir='ltr'><strong><em>eorum,</em></strong></span> <span class='ocrx_word' id='word_1_18' title='bbox 1224 298 1254 350; x_wconf 86' lang='lat' dir='ltr'><strong><em>et</em></strong></span> <span class='ocrx_word' id='word_1_19' title='bbox 1274 297 1349 364; x_wconf 90' lang='lat' dir='ltr'><strong><em>quia</em></strong></span> <span class='ocrx_word' id='word_1_20' title='bbox 1362 295 1470 352; x_wconf 89' lang='lat' dir='ltr'><strong><em>omnia</em></strong></span> 
     </span>
     <span class='ocr_line' id='line_1_3' title="bbox 238 395 1473 467; baseline -0.001 -16"><span class='ocrx_word' id='word_1_21' title='bbox 238 400 331 467; x_wconf 82' lang='lat' dir='ltr'><strong><em>potes,</em></strong></span> <span class='ocrx_word' id='word_1_22' title='bbox 343 398 383 452; x_wconf 87' lang='lat' dir='ltr'><strong><em>de</em></strong></span> <span class='ocrx_word' id='word_1_23' title='bbox 392 409 452 452; x_wconf 87' lang='lat' dir='ltr'><strong><em>sua</em></strong></span> <span class='ocrx_word' id='word_1_24' title='bbox 464 396 579 451; x_wconf 85' lang='lat' dir='ltr'><strong><em>uirtute</em></strong></span> <span class='ocrx_word' id='word_1_25' title='bbox 585 399 821 464; x_wconf 70' lang='lat' dir='ltr'><strong><em>praesumentes</em></strong></span> <span class='ocrx_word' id='word_1_26' title='bbox 834 396 977 451; x_wconf 74' lang='lat' dir='ltr'><strong><em>humilta.</em></strong></span> <span class='ocrx_word' id='word_1_27' title='bbox 995 397 1121 452; x_wconf 75' lang='lat' dir='ltr'><strong><em>donure</em></strong></span> <span class='ocrx_word' id='word_1_28' title='bbox 1129 395 1280 450; x_wconf 87' lang='lat' dir='ltr'><strong><em>uirtutem</em></strong></span> <span class='ocrx_word' id='word_1_29' title='bbox 1289 395 1429 461; x_wconf 86' lang='lat' dir='ltr'><strong><em>illorum,</em></strong></span> <span class='ocrx_word' id='word_1_30' title='bbox 1438 398 1473 450; x_wconf 89' lang='lat' dir='ltr'><strong><em>ut</em></strong></span> 
     </span>
     <span class='ocr_line' id='line_1_4' title="bbox 241 494 1473 565; baseline -0.002 -14"><span class='ocrx_word' id='word_1_31' title='bbox 241 496 363 551; x_wconf 72' lang='lat' dir='ltr'><strong><em>ducant</em></strong></span> <span class='ocrx_word' id='word_1_32' title='bbox 385 510 449 551; x_wconf 84' lang='lat' dir='ltr'><strong><em>non</em></strong></span> <span class='ocrx_word' id='word_1_33' title='bbox 461 495 676 564; x_wconf 71' lang='lat' dir='ltr'><strong><em>blasphemare</em></strong></span> <span class='ocrx_word' id='word_1_34' title='bbox 686 499 716 551; x_wconf 92' lang='lat' dir='ltr'><strong><em>et</em></strong></span> <span class='ocrx_word' id='word_1_35' title='bbox 728 496 910 565; x_wconf 84' lang='lat' dir='ltr'><strong><em>intetleqant</em></strong></span> <span class='ocrx_word' id='word_1_36' title='bbox 919 496 1044 551; x_wconf 84' lang='lat' dir='ltr'><strong><em>tandem</em></strong></span> <span class='ocrx_word' id='word_1_37' title='bbox 1053 496 1129 563; x_wconf 89' lang='lat' dir='ltr'><strong><em>quia</em></strong></span> <span class='ocrx_word' id='word_1_38' title='bbox 1149 494 1231 563; x_wconf 87' lang='lat' dir='ltr'><strong><em>quod</em></strong></span> <span class='ocrx_word' id='word_1_39' title='bbox 1244 494 1408 562; x_wconf 75' lang='lat' dir='ltr'><strong><em>infirmum</em></strong></span> <span class='ocrx_word' id='word_1_40' title='bbox 1427 497 1473 551; x_wconf 88' lang='lat' dir='ltr'><strong><em>est</em></strong></span> 
     </span>
     <span class='ocr_line' id='line_1_5' title="bbox 240 602 1474 673; baseline -0.001 -14"><span class='ocrx_word' id='word_1_41' title='bbox 240 604 296 659; x_wconf 80' lang='lat' dir='ltr'><strong><em>bei</em></strong></span> <span class='ocrx_word' id='word_1_42' title='bbox 306 603 424 672; x_wconf 74' lang='lat' dir='ltr'><strong><em>fortitu</em></strong></span> <span class='ocrx_word' id='word_1_43' title='bbox 436 606 480 659; x_wconf 91' lang='lat' dir='ltr'><strong><em>est</em></strong></span> <span class='ocrx_word' id='word_1_44' title='bbox 492 602 677 658; x_wconf 85' lang='lat' dir='ltr'><strong><em>bominibus.</em></strong></span> <span class='ocrx_word' id='word_1_45' title='bbox 700 604 770 658; x_wconf 87' lang='lat' dir='ltr'><strong><em>Non</em></strong></span> <span class='ocrx_word' id='word_1_46' title='bbox 789 602 886 673; x_wconf 87' lang='lat' dir='ltr'><strong><em>nobis,</em></strong></span> <span class='ocrx_word' id='word_1_47' title='bbox 910 602 1047 671; x_wconf 85' lang='lat' dir='ltr'><strong><em>Domine,</em></strong></span> <span class='ocrx_word' id='word_1_48' title='bbox 1069 602 1123 658; x_wconf 86' lang='lat' dir='ltr'><strong><em>sed</em></strong></span> <span class='ocrx_word' id='word_1_49' title='bbox 1139 602 1265 656; x_wconf 87' lang='lat' dir='ltr'><strong><em>nomini</em></strong></span> <span class='ocrx_word' id='word_1_50' title='bbox 1282 605 1335 658; x_wconf 83' lang='lat' dir='ltr'><strong><em>tuo</em></strong></span> <span class='ocrx_word' id='word_1_51' title='bbox 1341 616 1402 670; x_wconf 87' lang='lat' dir='ltr'><strong><em>per</em></strong></span> <span class='ocrx_word' id='word_1_52' title='bbox 1417 615 1474 658; x_wconf 90' lang='lat' dir='ltr'><strong><em>nos</em></strong></span> 
     </span>
     <span class='ocr_line' id='line_1_6' title="bbox 191 702 1472 772; baseline 0.002 -16"><span class='ocrx_word' id='word_1_53' title='bbox 191 703 225 756; x_wconf 68' lang='grc' dir='ltr'><strong>Β</strong></span> <span class='ocrx_word' id='word_1_54' title='bbox 241 717 345 759; x_wconf 85' lang='lat' dir='ltr'><strong><em>seruos</em></strong></span> <span class='ocrx_word' id='word_1_55' title='bbox 355 707 423 759; x_wconf 83' lang='lat' dir='ltr'><strong><em>tuos</em></strong></span> <span class='ocrx_word' id='word_1_56' title='bbox 435 703 529 758; x_wconf 84' lang='lat' dir='ltr'><strong><em>iilam</em></strong></span> <span class='ocrx_word' id='word_1_57' title='bbox 540 704 583 758; x_wconf 91' lang='lat' dir='ltr'><strong><em>da</em></strong></span> <span class='ocrx_word' id='word_1_58' title='bbox 594 703 741 772; x_wconf 87' lang='lat' dir='ltr'><strong><em>qloriam,</em></strong></span> <span class='ocrx_word' id='word_1_59' title='bbox 755 705 788 756; x_wconf 91' lang='lat' dir='ltr'><strong><em>ut</em></strong></span> <span class='ocrx_word' id='word_1_60' title='bbox 800 703 860 772; x_wconf 79' lang='lat' dir='ltr'><strong><em>sias</em></strong></span> <span class='ocrx_word' id='word_1_61' title='bbox 872 703 907 756; x_wconf 87' lang='lat' dir='ltr'><strong><em>in</em></strong></span> <span class='ocrx_word' id='word_1_62' title='bbox 919 705 1013 770; x_wconf 90' lang='lat' dir='ltr'><strong><em>caput</em></strong></span> <span class='ocrx_word' id='word_1_63' title='bbox 1024 702 1136 770; x_wconf 78' lang='lat' dir='ltr'><strong><em>anquis·</em></strong></span> <span class='ocrx_word' id='word_1_64' title='bbox 1155 702 1391 771; x_wconf 87' lang='lat' dir='ltr'><strong><em>incredulosque</em></strong></span> <span class='ocrx_word' id='word_1_65' title='bbox 1403 715 1472 758; x_wconf 85' lang='lat' dir='ltr'><strong><em>con·</em></strong></span> 
     </span>
     <span class='ocr_line' id='line_1_7' title="bbox 243 800 1475 872; baseline -0.002 -15"><span class='ocrx_word' id='word_1_66' title='bbox 243 807 355 871; x_wconf 82' lang='lat' dir='ltr'><strong><em>terens,</em></strong></span> <span class='ocrx_word' id='word_1_67' title='bbox 368 816 501 870; x_wconf 80' lang='lat' dir='ltr'><strong><em>maqnus</em></strong></span> <span class='ocrx_word' id='word_1_68' title='bbox 513 815 600 858; x_wconf 92' lang='lat' dir='ltr'><strong><em>mons</em></strong></span> <span class='ocrx_word' id='word_1_69' title='bbox 612 802 683 872; x_wconf 70' lang='lat' dir='ltr'><strong><em>flas,</em></strong></span> <span class='ocrx_word' id='word_1_70' title='bbox 691 815 780 856; x_wconf 88' lang='lat' dir='ltr'><strong><em>mons</em></strong></span> <span class='ocrx_word' id='word_1_71' title='bbox 792 802 827 856; x_wconf 92' lang='lat' dir='ltr'><strong><em>in</em></strong></span> <span class='ocrx_word' id='word_1_72' title='bbox 837 815 899 869; x_wconf 91' lang='lat' dir='ltr'><strong><em>quo</em></strong></span> <span class='ocrx_word' id='word_1_73' title='bbox 910 800 1141 869; x_wconf 87' lang='lat' dir='ltr'><strong><em>beneplacitum</em></strong></span> <span class='ocrx_word' id='word_1_74' title='bbox 1153 803 1200 855; x_wconf 87' lang='lat' dir='ltr'><strong><em>est</em></strong></span> <span class='ocrx_word' id='word_1_75' title='bbox 1210 802 1270 856; x_wconf 81' lang='lat' dir='ltr'><strong><em>Deo</em></strong></span> <span class='ocrx_word' id='word_1_76' title='bbox 1282 800 1428 856; x_wconf 84' lang='lat' dir='ltr'><strong><em>babitare</em></strong></span> <span class='ocrx_word' id='word_1_77' title='bbox 1439 800 1475 854; x_wconf 91' lang='lat' dir='ltr'><strong><em>in</em></strong></span> 
     </span>
     <span class='ocr_line' id='line_1_8' title="bbox 240 901 1472 972; baseline -0.001 -14"><span class='ocrx_word' id='word_1_78' title='bbox 240 916 284 958; x_wconf 88' lang='lat' dir='ltr'><strong><em>eo.</em></strong></span> <span class='ocrx_word' id='word_1_79' title='bbox 302 903 405 970; x_wconf 84' lang='lat' dir='ltr'><strong><em>Nunc,</em></strong></span> <span class='ocrx_word' id='word_1_80' title='bbox 415 903 553 969; x_wconf 86' lang='lat' dir='ltr'><strong><em>Domine,</em></strong></span> <span class='ocrx_word' id='word_1_81' title='bbox 564 905 600 956; x_wconf 90' lang='lat' dir='ltr'><strong><em>ut</em></strong></span> <span class='ocrx_word' id='word_1_82' title='bbox 615 903 753 972; x_wconf 87' lang='lat' dir='ltr'><strong><em>coepisti,</em></strong></span> <span class='ocrx_word' id='word_1_83' title='bbox 772 902 906 970; x_wconf 86' lang='lat' dir='ltr'><strong><em>impleas</em></strong></span> <span class='ocrx_word' id='word_1_84' title='bbox 923 901 1106 956; x_wconf 85' lang='lat' dir='ltr'><strong><em>uniuersam</em></strong></span> <span class='ocrx_word' id='word_1_85' title='bbox 1124 905 1254 971; x_wconf 87' lang='lat' dir='ltr'><strong><em>terram,</em></strong></span> <span class='ocrx_word' id='word_1_86' title='bbox 1273 905 1369 970; x_wconf 87' lang='lat' dir='ltr'><strong><em>atque</em></strong></span> <span class='ocrx_word' id='word_1_87' title='bbox 1387 903 1421 956; x_wconf 87' lang='lat' dir='ltr'><strong><em>iu</em></strong></span> <span class='ocrx_word' id='word_1_88' title='bbox 1434 903 1472 971; x_wconf 87' lang='lat' dir='ltr'><strong><em>te,</em></strong></span> 
     </span>
     <span class='ocr_line' id='line_1_9' title="bbox 240 1000 1475 1071; baseline -0.001 -15"><span class='ocrx_word' id='word_1_89' title='bbox 240 1015 377 1071; x_wconf 82' lang='lat' dir='ltr'><strong><em>moquus</em></strong></span> <span class='ocrx_word' id='word_1_90' title='bbox 392 1004 423 1057; x_wconf 88' lang='lat' dir='ltr'><strong><em>et</em></strong></span> <span class='ocrx_word' id='word_1_91' title='bbox 445 1003 634 1068; x_wconf 85' lang='lat' dir='ltr'><strong><em>immensus,</em></strong></span> <span class='ocrx_word' id='word_1_92' title='bbox 658 1014 763 1056; x_wconf 87' lang='lat' dir='ltr'><strong><em>omnes</em></strong></span> <span class='ocrx_word' id='word_1_93' title='bbox 782 1000 841 1054; x_wconf 75' lang='lat' dir='ltr'><strong><em>tibi</em></strong></span> <span class='ocrx_word' id='word_1_94' title='bbox 862 1001 1093 1069; x_wconf 84' lang='lat' dir='ltr'><strong><em>incorporando</em></strong></span> <span class='ocrx_word' id='word_1_95' title='bbox 1118 1001 1292 1070; x_wconf 85' lang='lat' dir='ltr'><strong><em>implearis,</em></strong></span> <span class='ocrx_word' id='word_1_96' title='bbox 1310 1001 1416 1057; x_wconf 88' lang='lat' dir='ltr'><strong><em>omnia</em></strong></span> <span class='ocrx_word' id='word_1_97' title='bbox 1439 1001 1475 1055; x_wconf 91' lang='lat' dir='ltr'><strong><em>in</em></strong></span> 
     </span>
     <span class='ocr_line' id='line_1_10' title="bbox 241 1101 1474 1171; baseline 0 -15"><span class='ocrx_word' id='word_1_98' title='bbox 241 1103 394 1157; x_wconf 71' lang='lat' dir='ltr'><strong><em>omnbus.</em></strong></span> <span class='ocrx_word' id='word_1_99' title='bbox 406 1102 565 1170; x_wconf 74' lang='lat' dir='ltr'><strong><em>Huiusmodi</em></strong></span> <span class='ocrx_word' id='word_1_100' title='bbox 575 1101 851 1156; x_wconf 86' lang='lat' dir='ltr'><strong><em>sermocinationibus</em></strong></span> <span class='ocrx_word' id='word_1_101' title='bbox 860 1102 941 1171; x_wconf 76' lang='lat' dir='ltr'><strong><em>longa</em></strong></span> <span class='ocrx_word' id='word_1_102' title='bbox 956 1103 1121 1169; x_wconf 82' lang='lat' dir='ltr'><strong><em>captiuitatis</em></strong></span> <span class='ocrx_word' id='word_1_103' title='bbox 1137 1102 1262 1158; x_wconf 83' lang='lat' dir='ltr'><strong><em>relevant</em></strong></span> <span class='ocrx_word' id='word_1_104' title='bbox 1280 1103 1409 1170; x_wconf 85' lang='lat' dir='ltr'><strong><em>lastidia;</em></strong></span> <span class='ocrx_word' id='word_1_105' title='bbox 1425 1102 1474 1157; x_wconf 91' lang='lat' dir='ltr'><strong><em>sed</em></strong></span> 
     </span>
     <span class='ocr_line' id='line_1_11' title="bbox 194 1195 1474 1270; baseline 0.004 -19"><span class='ocrx_word' id='word_1_106' title='bbox 194 1195 228 1254; x_wconf 74' lang='lat' dir='ltr'><strong><em>ib</em></strong></span> <span class='ocrx_word' id='word_1_107' title='bbox 242 1203 311 1256; x_wconf 89' lang='lat' dir='ltr'><strong><em>nibil</em></strong></span> <span class='ocrx_word' id='word_1_108' title='bbox 323 1204 362 1257; x_wconf 88' lang='lat' dir='ltr'><strong><em>ita</em></strong></span> <span class='ocrx_word' id='word_1_109' title='bbox 382 1201 473 1267; x_wconf 90' lang='lat' dir='ltr'><strong><em>dulce,</em></strong></span> <span class='ocrx_word' id='word_1_110' title='bbox 485 1203 521 1256; x_wconf 89' lang='lat' dir='ltr'><strong><em>ita</em></strong></span> <span class='ocrx_word' id='word_1_111' title='bbox 530 1200 694 1270; x_wconf 79' lang='lat' dir='ltr'><strong><em>jucundum,</em></strong></span> <span class='ocrx_word' id='word_1_112' title='bbox 713 1215 794 1270; x_wconf 86' lang='lat' dir='ltr'><strong><em>quam</em></strong></span> <span class='ocrx_word' id='word_1_113' title='bbox 813 1202 930 1256; x_wconf 80' lang='lat' dir='ltr'><strong><em>virtutes</em></strong></span> <span class='ocrx_word' id='word_1_114' title='bbox 948 1203 1035 1256; x_wconf 87' lang='lat' dir='ltr'><strong><em>sancti</em></strong></span> <span class='ocrx_word' id='word_1_115' title='bbox 1053 1201 1188 1256; x_wconf 79' lang='lat' dir='ltr'><strong><em>leonardi</em></strong></span> <span class='ocrx_word' id='word_1_116' title='bbox 1207 1203 1236 1256; x_wconf 89' lang='lat' dir='ltr'><strong><em>ln</em></strong></span> <span class='ocrx_word' id='word_1_117' title='bbox 1249 1203 1379 1257; x_wconf 87' lang='lat' dir='ltr'><strong><em>omnibus</em></strong></span> <span class='ocrx_word' id='word_1_118' title='bbox 1391 1203 1474 1257; x_wconf 89' lang='lat' dir='ltr'><strong><em>inter-</em></strong></span> 
     </span>
     <span class='ocr_line' id='line_1_12' title="bbox 242 1302 1471 1370; baseline -0.001 -13"><span class='ocrx_word' id='word_1_119' title='bbox 242 1303 344 1369; x_wconf 82' lang='lat' dir='ltr'><strong><em>calare,</em></strong></span> <span class='ocrx_word' id='word_1_120' title='bbox 356 1307 384 1356; x_wconf 90' lang='lat' dir='ltr'><strong><em>et</em></strong></span> <span class='ocrx_word' id='word_1_121' title='bbox 395 1302 514 1356; x_wconf 80' lang='lat' dir='ltr'><strong><em>vicissim</em></strong></span> <span class='ocrx_word' id='word_1_122' title='bbox 526 1302 555 1355; x_wconf 90' lang='lat' dir='ltr'><strong><em>in</em></strong></span> <span class='ocrx_word' id='word_1_123' title='bbox 567 1302 747 1357; x_wconf 82' lang='lat' dir='ltr'><strong><em>certissimam</em></strong></span> <span class='ocrx_word' id='word_1_124' title='bbox 760 1302 929 1357; x_wconf 79' lang='lat' dir='ltr'><strong>liberationis</strong></span> <span class='ocrx_word' id='word_1_125' title='bbox 942 1315 1018 1369; x_wconf 87' lang='lat' dir='ltr'><strong><em>spem</em></strong></span> <span class='ocrx_word' id='word_1_126' title='bbox 1032 1302 1215 1357; x_wconf 84' lang='lat' dir='ltr'><strong><em>boimundum</em></strong></span> <span class='ocrx_word' id='word_1_127' title='bbox 1227 1302 1332 1370; x_wconf 79' lang='lat' dir='ltr'><strong><em>erigere</em></strong></span> <span class='ocrx_word' id='word_1_128' title='bbox 1345 1315 1353 1354; x_wconf 75' lang='grc' dir='ltr'><strong><em>ε</em></strong></span> <span class='ocrx_word' id='word_1_129' title='bbox 1366 1303 1471 1370; x_wconf 90' lang='lat' dir='ltr'><strong><em>absque</em></strong></span> 
     </span>
     <span class='ocr_line' id='line_1_13' title="bbox 241 1401 1474 1473; baseline -0.002 -16"><span class='ocrx_word' id='word_1_130' title='bbox 241 1401 319 1457; x_wconf 87' lang='lat' dir='ltr'><strong><em>omni</em></strong></span> <span class='ocrx_word' id='word_1_131' title='bbox 337 1402 422 1457; x_wconf 89' lang='lat' dir='ltr'><strong><em>dubio</em></strong></span> <span class='ocrx_word' id='word_1_132' title='bbox 440 1409 565 1458; x_wconf 90' lang='lat' dir='ltr'><strong><em>sanctum</em></strong></span> <span class='ocrx_word' id='word_1_133' title='bbox 584 1402 759 1457; x_wconf 75' lang='lat' dir='ltr'><strong><em>leonardum</em></strong></span> <span class='ocrx_word' id='word_1_134' title='bbox 783 1416 908 1457; x_wconf 81' lang='lat' dir='ltr'><strong><em>veracem</em></strong></span> <span class='ocrx_word' id='word_1_135' title='bbox 932 1402 961 1456; x_wconf 90' lang='lat' dir='ltr'><strong><em>in</em></strong></span> <span class='ocrx_word' id='word_1_136' title='bbox 985 1403 1140 1470; x_wconf 82' lang='lat' dir='ltr'><strong>promissis,</strong></span> <span class='ocrx_word' id='word_1_137' title='bbox 1164 1401 1304 1457; x_wconf 82' lang='lat' dir='ltr'><strong><em>efficacem</em></strong></span> <span class='ocrx_word' id='word_1_138' title='bbox 1327 1401 1358 1455; x_wconf 92' lang='lat' dir='ltr'><strong><em>in</em></strong></span> <span class='ocrx_word' id='word_1_139' title='bbox 1376 1401 1474 1473; x_wconf 85' lang='lat' dir='ltr'><strong><em>iactis;</em></strong></span> 
     </span>
     <span class='ocr_line' id='line_1_14' title="bbox 200 1499 1475 1570; baseline -0.001 -15"><span class='ocrx_word' id='word_1_140' title='bbox 200 1557 205 1569; x_wconf 72' lang='grc'>,</span> <span class='ocrx_word' id='word_1_141' title='bbox 242 1502 405 1570; x_wconf 76' lang='lat' dir='ltr'><strong><em>pauentium</em></strong></span> <span class='ocrx_word' id='word_1_142' title='bbox 428 1502 457 1555; x_wconf 89' lang='lat' dir='ltr'><strong><em>in</em></strong></span> <span class='ocrx_word' id='word_1_143' title='bbox 481 1501 802 1556; x_wconf 89' lang='lat' dir='ltr'><strong><em>omnibusneeessariam</em></strong></span> <span class='ocrx_word' id='word_1_144' title='bbox 815 1513 886 1568; x_wconf 91' lang='lat' dir='ltr'><strong><em>esse,</em></strong></span> <span class='ocrx_word' id='word_1_145' title='bbox 900 1500 971 1555; x_wconf 87' lang='lat' dir='ltr'><strong><em>nibil</em></strong></span> <span class='ocrx_word' id='word_1_146' title='bbox 983 1501 1157 1568; x_wconf 88' lang='lat' dir='ltr'><strong><em>impatienter</em></strong></span> <span class='ocrx_word' id='word_1_147' title='bbox 1169 1500 1341 1569; x_wconf 89' lang='lat' dir='ltr'><strong><em>sustinendo,</em></strong></span> <span class='ocrx_word' id='word_1_148' title='bbox 1354 1501 1428 1568; x_wconf 90' lang='lat' dir='ltr'><strong><em>quod</em></strong></span> <span class='ocrx_word' id='word_1_149' title='bbox 1440 1499 1475 1555; x_wconf 85' lang='lat' dir='ltr'><strong><em>ad</em></strong></span> 
     </span>
     <span class='ocr_line' id='line_1_15' title="bbox 242 1599 668 1655; baseline -0.005 0"><span class='ocrx_word' id='word_1_150' title='bbox 242 1600 415 1655; x_wconf 88' lang='lat' dir='ltr'><strong><em>salutitemm</em></strong></span> <span class='ocrx_word' id='word_1_151' title='bbox 427 1599 522 1653; x_wconf 88' lang='lat' dir='ltr'><strong><em>tendat</em></strong></span> <span class='ocrx_word' id='word_1_152' title='bbox 532 1601 644 1654; x_wconf 87' lang='lat' dir='ltr'><strong><em>exitum.</em></strong></span> <span class='ocrx_word' id='word_1_153' title='bbox 665 1626 668 1631; x_wconf 92' lang='lat'><em>·</em></span> 
     </span>
     <span class='ocr_line' id='line_1_16' title="bbox 193 1694 1470 1769; baseline -0.002 -13"><span class='ocrx_word' id='word_1_154' title='bbox 193 1703 225 1756; x_wconf 86' lang='lat' dir='ltr'><strong><em>tt</em></strong></span> <span class='ocrx_word' id='word_1_155' title='bbox 272 1701 306 1756; x_wconf 76' lang='grc' dir='ltr'><strong><em>θ.</em></strong></span> <span class='ocrx_word' id='word_1_156' title='bbox 323 1700 444 1766; x_wconf 79' lang='lat' dir='ltr'><strong><em>Quadam</em></strong></span> <span class='ocrx_word' id='word_1_157' title='bbox 457 1701 538 1769; x_wconf 74' lang='lat' dir='ltr'><strong><em>igitur</em></strong></span> <span class='ocrx_word' id='word_1_158' title='bbox 550 1694 632 1754; x_wconf 87' lang='lat' dir='ltr'><strong><em>nocte</em></strong></span> <span class='ocrx_word' id='word_1_159' title='bbox 651 1705 762 1754; x_wconf 91' lang='lat' dir='ltr'><strong><em>sanctus</em></strong></span> <span class='ocrx_word' id='word_1_160' title='bbox 779 1699 949 1768; x_wconf 70' lang='lat' dir='ltr'><strong><em>leonardus,</em></strong></span> <span class='ocrx_word' id='word_1_161' title='bbox 972 1699 1124 1754; x_wconf 85' lang='lat' dir='ltr'><strong><em>boimundo</em></strong></span> <span class='ocrx_word' id='word_1_162' title='bbox 1145 1700 1174 1752; x_wconf 92' lang='lat' dir='ltr'><strong><em>in</em></strong></span> <span class='ocrx_word' id='word_1_163' title='bbox 1185 1699 1292 1754; x_wconf 81' lang='lat' dir='ltr'><strong>visione</strong></span> <span class='ocrx_word' id='word_1_164' title='bbox 1311 1710 1470 1767; x_wconf 79' lang='lat' dir='ltr'><strong><em>apparenss</em></strong></span> 
     </span>
     <span class='ocr_line' id='line_1_17' title="bbox 240 1799 1477 1869; baseline -0.002 -12"><span class='ocrx_word' id='word_1_165' title='bbox 240 1801 326 1867; x_wconf 87' lang='lat' dir='ltr'><strong><em>Noli,</em></strong></span> <span class='ocrx_word' id='word_1_166' title='bbox 338 1799 439 1868; x_wconf 87' lang='lat' dir='ltr'><strong><em>inquit,</em></strong></span> <span class='ocrx_word' id='word_1_167' title='bbox 452 1800 635 1868; x_wconf 77' lang='lat' dir='ltr'><strong><em>boimunde,</em></strong></span> <span class='ocrx_word' id='word_1_168' title='bbox 648 1800 826 1869; x_wconf 88' lang='lat' dir='ltr'><strong><em>desperare,</em></strong></span> <span class='ocrx_word' id='word_1_169' title='bbox 838 1801 909 1854; x_wconf 87' lang='lat' dir='ltr'><strong><em>noli</em></strong></span> <span class='ocrx_word' id='word_1_170' title='bbox 929 1800 1104 1855; x_wconf 79' lang='lat' dir='ltr'><strong><em>diuturnae</em></strong></span> <span class='ocrx_word' id='word_1_171' title='bbox 1114 1799 1311 1868; x_wconf 84' lang='lat' dir='ltr'><strong><em>captivitatis</em></strong></span> <span class='ocrx_word' id='word_1_172' title='bbox 1332 1811 1477 1854; x_wconf 68' lang='lat' dir='ltr'><strong><em>mamone</em></strong></span> 
     </span>
     <span class='ocr_line' id='line_1_18' title="bbox 240 1899 1476 1968; baseline -0.002 -12"><span class='ocrx_word' id='word_1_173' title='bbox 240 1899 466 1956; x_wconf 70' lang='lat' dir='ltr'><strong><em>amalabesoere.</em></strong></span> <span class='ocrx_word' id='word_1_174' title='bbox 478 1900 636 1967; x_wconf 73' lang='lat' dir='ltr'><strong><em>liloqeitat</em></strong></span> <span class='ocrx_word' id='word_1_175' title='bbox 646 1901 728 1954; x_wconf 86' lang='lat' dir='ltr'><strong><em>Deus</em></strong></span> <span class='ocrx_word' id='word_1_176' title='bbox 740 1912 861 1954; x_wconf 88' lang='lat' dir='ltr'><strong><em>omnem</em></strong></span> <span class='ocrx_word' id='word_1_177' title='bbox 869 1900 974 1968; x_wconf 78' lang='lat' dir='ltr'><strong><em>fliium</em></strong></span> <span class='ocrx_word' id='word_1_178' title='bbox 983 1911 1073 1967; x_wconf 77' lang='lat' dir='ltr'><strong><em>qaum</em></strong></span> <span class='ocrx_word' id='word_1_179' title='bbox 1084 1899 1207 1967; x_wconf 88' lang='lat' dir='ltr'><strong><em>recipit.</em></strong></span> <span class='ocrx_word' id='word_1_180' title='bbox 1217 1899 1369 1964; x_wconf 77' lang='lat' dir='ltr'><strong><em>Peccmtt,</em></strong></span> <span class='ocrx_word' id='word_1_181' title='bbox 1378 1899 1476 1967; x_wconf 83' lang='lat' dir='ltr'><strong><em>teqem</em></strong></span> 
     </span>
     <span class='ocr_line' id='line_1_19' title="bbox 242 1997 1476 2067; baseline -0.002 -12"><span class='ocrx_word' id='word_1_182' title='bbox 242 1999 372 2055; x_wconf 71' lang='lat' dir='ltr'><strong><em>Domim</em></strong></span> <span class='ocrx_word' id='word_1_183' title='bbox 399 1998 598 2067; x_wconf 74' lang='lat' dir='ltr'><strong><em>dereliquisti</em></strong></span> <span class='ocrx_word' id='word_1_184' title='bbox 616 2001 646 2053; x_wconf 88' lang='lat' dir='ltr'><strong><em>et</em></strong></span> <span class='ocrx_word' id='word_1_185' title='bbox 666 1998 899 2065; x_wconf 70' lang='lat' dir='ltr'><strong><em>justitiaeque</em></strong></span> <span class='ocrx_word' id='word_1_186' title='bbox 918 1997 1116 2067; x_wconf 76' lang='lat' dir='ltr'><strong><em>profanasti,</em></strong></span> <span class='ocrx_word' id='word_1_187' title='bbox 1137 2001 1167 2053; x_wconf 89' lang='lat' dir='ltr'><strong><em>et</em></strong></span> <span class='ocrx_word' id='word_1_188' title='bbox 1194 1998 1313 2053; x_wconf 80' lang='lat' dir='ltr'><strong><em>idcirco</em></strong></span> <span class='ocrx_word' id='word_1_189' title='bbox 1332 1998 1476 2053; x_wconf 73' lang='lat' dir='ltr'><strong><em>visitavit</em></strong></span> 
     </span>
     <span class='ocr_line' id='line_1_20' title="bbox 240 2098 1474 2167; baseline -0.002 -12"><span class='ocrx_word' id='word_1_190' title='bbox 240 2098 395 2155; x_wconf 83' lang='lat' dir='ltr'><strong><em>Dominus</em></strong></span> <span class='ocrx_word' id='word_1_191' title='bbox 414 2099 450 2152; x_wconf 92' lang='lat' dir='ltr'><strong><em>in</em></strong></span> <span class='ocrx_word' id='word_1_192' title='bbox 460 2098 639 2153; x_wconf 82' lang='lat' dir='ltr'><strong><em>verberibus</em></strong></span> <span class='ocrx_word' id='word_1_193' title='bbox 657 2098 855 2166; x_wconf 88' lang='lat' dir='ltr'><strong><em>captivitatis</em></strong></span> <span class='ocrx_word' id='word_1_194' title='bbox 861 2100 995 2167; x_wconf 88' lang='lat' dir='ltr'><strong><em>peccata</em></strong></span> <span class='ocrx_word' id='word_1_195' title='bbox 1017 2101 1091 2166; x_wconf 89' lang='lat' dir='ltr'><strong><em>tna‚·</em></strong></span> <span class='ocrx_word' id='word_1_196' title='bbox 1104 2098 1357 2153; x_wconf 88' lang='lat' dir='ltr'><strong><em>misericordiam</em></strong></span> <span class='ocrx_word' id='word_1_197' title='bbox 1368 2100 1474 2153; x_wconf 70' lang='lat' dir='ltr'><strong><em>auum</em></strong></span> 
     </span>
     <span class='ocr_line' id='line_1_21' title="bbox 187 2199 1475 2268; baseline -0.002 -11"><span class='ocrx_word' id='word_1_198' title='bbox 187 2204 220 2258; x_wconf 77' lang='lat' dir='ltr'><strong><em>ld</em></strong></span> <span class='ocrx_word' id='word_1_199' title='bbox 239 2212 337 2255; x_wconf 85' lang='lat' dir='ltr'><strong><em>suam</em></strong></span> <span class='ocrx_word' id='word_1_200' title='bbox 347 2213 368 2253; x_wconf 88' lang='lat' dir='ltr'><strong><em>a</em></strong></span> <span class='ocrx_word' id='word_1_201' title='bbox 380 2201 482 2254; x_wconf 86' lang='lat' dir='ltr'><strong><em>tenen</em></strong></span> <span class='ocrx_word' id='word_1_202' title='bbox 502 2199 667 2267; x_wconf 75' lang='lat' dir='ltr'><strong><em>disparari,</em></strong></span> <span class='ocrx_word' id='word_1_203' title='bbox 679 2200 733 2254; x_wconf 90' lang='lat' dir='ltr'><strong><em>sed</em></strong></span> <span class='ocrx_word' id='word_1_204' title='bbox 745 2200 818 2266; x_wconf 84' lang='lat' dir='ltr'><strong><em>jam</em></strong></span> <span class='ocrx_word' id='word_1_205' title='bbox 835 2212 856 2253; x_wconf 93' lang='lat' dir='ltr'><strong><em>a</em></strong></span> <span class='ocrx_word' id='word_1_206' title='bbox 873 2201 1073 2267; x_wconf 80' lang='lat' dir='ltr'><strong><em>tepescatum</em></strong></span> <span class='ocrx_word' id='word_1_207' title='bbox 1094 2200 1181 2252; x_wconf 90' lang='lat' dir='ltr'><strong><em>tuum</em></strong></span> <span class='ocrx_word' id='word_1_208' title='bbox 1204 2199 1380 2268; x_wconf 81' lang='lat' dir='ltr'><strong><em>transtulit,</em></strong></span> <span class='ocrx_word' id='word_1_209' title='bbox 1398 2199 1475 2255; x_wconf 86' lang='lat' dir='ltr'><strong><em>adeo</em></strong></span> 
     </span>
     <span class='ocr_line' id='line_1_22' title="bbox 207 2290 1477 2369; baseline -0.004 -13"><span class='ocrx_word' id='word_1_210' title='bbox 207 2346 215 2357; x_wconf 91' lang='lat'><strong><em>.</em></strong></span> <span class='ocrx_word' id='word_1_211' title='bbox 240 2303 278 2355; x_wconf 92' lang='lat' dir='ltr'><strong><em>ut</em></strong></span> <span class='ocrx_word' id='word_1_212' title='bbox 289 2298 522 2369; x_wconf 76' lang='lat' dir='ltr'><strong><em>superabundet</em></strong></span> <span class='ocrx_word' id='word_1_213' title='bbox 539 2299 710 2354; x_wconf 79' lang='lat' dir='ltr'><strong><em>conuolatio</em></strong></span> <span class='ocrx_word' id='word_1_214' title='bbox 722 2299 886 2353; x_wconf 86' lang='lat' dir='ltr'><strong><em>universas</em></strong></span> <span class='ocrx_word' id='word_1_215' title='bbox 906 2299 1104 2366; x_wconf 84' lang='lat' dir='ltr'><strong><em>captiuitatis</em></strong></span> <span class='ocrx_word' id='word_1_216' title='bbox 1115 2311 1298 2353; x_wconf 87' lang='lat' dir='ltr'><strong><em>aerumnas.</em></strong></span> <span class='ocrx_word' id='word_1_217' title='bbox 1312 2290 1392 2353; x_wconf 76' lang='lat' dir='ltr'><strong><em>biibi</em></strong></span> <span class='ocrx_word' id='word_1_218' title='bbox 1412 2298 1477 2367; x_wconf 88' lang='lat' dir='ltr'><strong><em>qui·</em></strong></span> 
     </span>
     <span class='ocr_line' id='line_1_23' title="bbox 240 2398 1479 2467; baseline -0.001 -12"><span class='ocrx_word' id='word_1_219' title='bbox 240 2399 403 2455; x_wconf 59' lang='lat' dir='ltr'><strong><em>oemdata</em></strong></span> <span class='ocrx_word' id='word_1_220' title='bbox 414 2402 459 2453; x_wconf 86' lang='lat' dir='ltr'><strong><em>est</em></strong></span> <span class='ocrx_word' id='word_1_221' title='bbox 467 2401 608 2467; x_wconf 83' lang='lat' dir='ltr'><strong><em>potestas</em></strong></span> <span class='ocrx_word' id='word_1_222' title='bbox 619 2402 695 2453; x_wconf 91' lang='lat' dir='ltr'><strong><em>tuae</em></strong></span> <span class='ocrx_word' id='word_1_223' title='bbox 708 2398 914 2466; x_wconf 78' lang='lat' dir='ltr'><strong><em>liberationis,</em></strong></span> <span class='ocrx_word' id='word_1_224' title='bbox 926 2399 980 2453; x_wconf 88' lang='lat' dir='ltr'><strong><em>sed</em></strong></span> <span class='ocrx_word' id='word_1_225' title='bbox 993 2402 1023 2453; x_wconf 93' lang='lat' dir='ltr'><strong><em>te</em></strong></span> <span class='ocrx_word' id='word_1_226' title='bbox 1033 2412 1097 2452; x_wconf 90' lang='lat' dir='ltr'><strong><em>non</em></strong></span> <span class='ocrx_word' id='word_1_227' title='bbox 1108 2398 1237 2467; x_wconf 79' lang='lat' dir='ltr'><strong><em>eapedit</em></strong></span> <span class='ocrx_word' id='word_1_228' title='bbox 1247 2399 1337 2454; x_wconf 88' lang='lat' dir='ltr'><strong><em>modo</em></strong></span> <span class='ocrx_word' id='word_1_229' title='bbox 1346 2399 1479 2454; x_wconf 77' lang='lat' dir='ltr'><strong><em>eoadem</em></strong></span> 
     </span>
     <span class='ocr_line' id='line_1_24' title="bbox 240 2496 1480 2567; baseline -0.003 -12"><span class='ocrx_word' id='word_1_230' title='bbox 240 2500 284 2555; x_wconf 86' lang='lat' dir='ltr'><strong><em>de</em></strong></span> <span class='ocrx_word' id='word_1_231' title='bbox 294 2499 440 2554; x_wconf 71' lang='lat' dir='ltr'><strong><em>vincula.</em></strong></span> <span class='ocrx_word' id='word_1_232' title='bbox 452 2499 578 2567; x_wconf 65' lang='lat' dir='ltr'><strong><em>amiso</em></strong></span> <span class='ocrx_word' id='word_1_233' title='bbox 591 2502 648 2553; x_wconf 91' lang='lat' dir='ltr'><strong><em>tua</em></strong></span> <span class='ocrx_word' id='word_1_234' title='bbox 659 2499 845 2553; x_wconf 86' lang='lat' dir='ltr'><strong><em>nullatenus</em></strong></span> <span class='ocrx_word' id='word_1_235' title='bbox 863 2499 924 2553; x_wconf 89' lang='lat' dir='ltr'><strong><em>erit</em></strong></span> <span class='ocrx_word' id='word_1_236' title='bbox 935 2498 1037 2566; x_wconf 89' lang='lat' dir='ltr'><strong><em>utilis,</em></strong></span> <span class='ocrx_word' id='word_1_237' title='bbox 1049 2498 1115 2552; x_wconf 85' lang='lat' dir='ltr'><strong><em>nisi</em></strong></span> <span class='ocrx_word' id='word_1_238' title='bbox 1127 2500 1156 2553; x_wconf 92' lang='lat' dir='ltr'><strong><em>te</em></strong></span> <span class='ocrx_word' id='word_1_239' title='bbox 1167 2497 1224 2552; x_wconf 86' lang='lat' dir='ltr'><strong><em>iile</em></strong></span> <span class='ocrx_word' id='word_1_240' title='bbox 1236 2496 1403 2553; x_wconf 78' lang='lat' dir='ltr'><strong><em>abstrahat</em></strong></span> <span class='ocrx_word' id='word_1_241' title='bbox 1423 2498 1480 2567; x_wconf 88' lang='lat' dir='ltr'><strong><em>qui</em></strong></span> 
     </span>
     <span class='ocr_line' id='line_1_25' title="bbox 241 2597 1475 2666; baseline -0.002 -11"><span class='ocrx_word' id='word_1_242' title='bbox 241 2602 274 2655; x_wconf 91' lang='lat' dir='ltr'><strong><em>te</em></strong></span> <span class='ocrx_word' id='word_1_243' title='bbox 285 2597 419 2654; x_wconf 87' lang='lat' dir='ltr'><strong><em>bobetin</em></strong></span> <span class='ocrx_word' id='word_1_244' title='bbox 426 2599 573 2654; x_wconf 85' lang='lat' dir='ltr'><strong><em>uinculis.</em></strong></span> <span class='ocrx_word' id='word_1_245' title='bbox 582 2598 673 2653; x_wconf 87' lang='lat' dir='ltr'><strong><em>Nunc</em></strong></span> <span class='ocrx_word' id='word_1_246' title='bbox 681 2611 754 2654; x_wconf 85' lang='lat' dir='ltr'><strong><em>nero</em></strong></span> <span class='ocrx_word' id='word_1_247' title='bbox 758 2598 921 2666; x_wconf 88' lang='lat' dir='ltr'><strong><em>patienter</em></strong></span> <span class='ocrx_word' id='word_1_248' title='bbox 929 2601 959 2653; x_wconf 91' lang='lat' dir='ltr'><strong><em>et</em></strong></span> <span class='ocrx_word' id='word_1_249' title='bbox 965 2599 1022 2653; x_wconf 86' lang='lat' dir='ltr'><strong><em>Dei</em></strong></span> <span class='ocrx_word' id='word_1_250' title='bbox 1031 2597 1284 2654; x_wconf 87' lang='lat' dir='ltr'><strong><em>misericordiam</em></strong></span> <span class='ocrx_word' id='word_1_251' title='bbox 1291 2600 1322 2652; x_wconf 91' lang='lat' dir='ltr'><strong><em>et</em></strong></span> <span class='ocrx_word' id='word_1_252' title='bbox 1330 2601 1475 2653; x_wconf 88' lang='lat' dir='ltr'><strong><em>nostram</em></strong></span> 
     </span>
     <span class='ocr_line' id='line_1_26' title="bbox 187 2697 1478 2767; baseline -0.001 -13"><span class='ocrx_word' id='word_1_253' title='bbox 187 2705 221 2759; x_wconf 75' lang='lat' dir='ltr'><strong><em>ist</em></strong></span> <span class='ocrx_word' id='word_1_254' title='bbox 242 2701 393 2767; x_wconf 58' lang='lat' dir='ltr'><strong><em>macta</em></strong></span> <span class='ocrx_word' id='word_1_255' title='bbox 398 2698 650 2767; x_wconf 86' lang='lat' dir='ltr'><strong><em>promissionem.</em></strong></span> <span class='ocrx_word' id='word_1_256' title='bbox 663 2697 713 2753; x_wconf 78' lang='lat' dir='ltr'><strong><em>Sic</em></strong></span> <span class='ocrx_word' id='word_1_257' title='bbox 723 2698 807 2752; x_wconf 89' lang='lat' dir='ltr'><strong><em>enim</em></strong></span> <span class='ocrx_word' id='word_1_258' title='bbox 830 2698 1013 2753; x_wconf 74' lang='lat' dir='ltr'><strong><em>iderandus</em></strong></span> <span class='ocrx_word' id='word_1_259' title='bbox 1025 2710 1057 2752; x_wconf 91' lang='lat' dir='ltr'><strong><em>es</em></strong></span> <span class='ocrx_word' id='word_1_260' title='bbox 1068 2701 1104 2751; x_wconf 90' lang='lat' dir='ltr'><strong><em>ut</em></strong></span> <span class='ocrx_word' id='word_1_261' title='bbox 1116 2697 1183 2767; x_wconf 84' lang='lat' dir='ltr'><strong><em>s&#39;pse</em></strong></span> <span class='ocrx_word' id='word_1_262' title='bbox 1199 2697 1375 2751; x_wconf 88' lang='lat' dir='ltr'><strong><em>Donisman</em></strong></span> <span class='ocrx_word' id='word_1_263' title='bbox 1391 2699 1478 2754; x_wconf 82' lang='lat' dir='ltr'><strong><em>ultro</em></strong></span> 
     </span>
     <span class='ocr_line' id='line_1_27' title="bbox 242 2797 1481 2868; baseline -0.002 -12"><span class='ocrx_word' id='word_1_264' title='bbox 242 2800 291 2856; x_wconf 84' lang='lat' dir='ltr'><strong><em>ad</em></strong></span> <span class='ocrx_word' id='word_1_265' title='bbox 305 2801 334 2854; x_wconf 86' lang='lat' dir='ltr'><strong><em>te</em></strong></span> <span class='ocrx_word' id='word_1_266' title='bbox 344 2798 459 2868; x_wconf 84' lang='lat' dir='ltr'><strong><em>veniat,</em></strong></span> <span class='ocrx_word' id='word_1_267' title='bbox 472 2800 558 2852; x_wconf 85' lang='lat' dir='ltr'><strong><em>uitro</em></strong></span> <span class='ocrx_word' id='word_1_268' title='bbox 571 2801 661 2853; x_wconf 89' lang='lat' dir='ltr'><strong><em>tuum</em></strong></span> <span class='ocrx_word' id='word_1_269' title='bbox 674 2799 872 2865; x_wconf 82' lang='lat' dir='ltr'><strong><em>adiutorium</em></strong></span> <span class='ocrx_word' id='word_1_270' title='bbox 883 2799 1048 2867; x_wconf 56' lang='lat' dir='ltr'><strong><em>imploret·</em></strong></span> <span class='ocrx_word' id='word_1_271' title='bbox 1060 2811 1117 2854; x_wconf 89' lang='lat' dir='ltr'><strong><em>nec</em></strong></span> <span class='ocrx_word' id='word_1_272' title='bbox 1137 2798 1228 2852; x_wconf 88' lang='lat' dir='ltr'><strong><em>atiud</em></strong></span> <span class='ocrx_word' id='word_1_273' title='bbox 1241 2797 1400 2866; x_wconf 80' lang='lat' dir='ltr'><strong><em>quodlibet</em></strong></span> <span class='ocrx_word' id='word_1_274' title='bbox 1411 2811 1481 2854; x_wconf 89' lang='lat' dir='ltr'><strong><em>oon·</em></strong></span> 
     </span>
     <span class='ocr_line' id='line_1_28' title="bbox 242 2897 1482 2968; baseline -0.002 -12"><span class='ocrx_word' id='word_1_275' title='bbox 242 2899 360 2956; x_wconf 89' lang='lat' dir='ltr'><strong><em>silium</em></strong></span> <span class='ocrx_word' id='word_1_276' title='bbox 371 2899 513 2954; x_wconf 82' lang='lat' dir='ltr'><strong><em>inuenire</em></strong></span> <span class='ocrx_word' id='word_1_277' title='bbox 526 2900 647 2968; x_wconf 87' lang='lat' dir='ltr'><strong><em>poterit</em></strong></span> <span class='ocrx_word' id='word_1_278' title='bbox 667 2899 706 2953; x_wconf 89' lang='lat' dir='ltr'><strong><em>de</em></strong></span> <span class='ocrx_word' id='word_1_279' title='bbox 725 2912 786 2953; x_wconf 87' lang='lat' dir='ltr'><strong><em>sua</em></strong></span> <span class='ocrx_word' id='word_1_280' title='bbox 805 2900 917 2967; x_wconf 90' lang='lat' dir='ltr'><strong><em>salute,</em></strong></span> <span class='ocrx_word' id='word_1_281' title='bbox 929 2898 996 2952; x_wconf 84' lang='lat' dir='ltr'><strong><em>nisi</em></strong></span> <span class='ocrx_word' id='word_1_282' title='bbox 1017 2901 1051 2953; x_wconf 88' lang='lat' dir='ltr'><strong><em>tu</em></strong></span> <span class='ocrx_word' id='word_1_283' title='bbox 1071 2911 1175 2954; x_wconf 84' lang='lat' dir='ltr'><strong><em>secum</em></strong></span> <span class='ocrx_word' id='word_1_284' title='bbox 1194 2897 1434 2966; x_wconf 79' lang='lat' dir='ltr'><strong><em>confoederatus</em></strong></span> <span class='ocrx_word' id='word_1_285' title='bbox 1451 2900 1482 2954; x_wconf 87' lang='lat' dir='ltr'><strong><em>ei</em></strong></span> 
     </span>
     <span class='ocr_line' id='line_1_29' title="bbox 244 2996 1478 3067; baseline -0.003 -12"><span class='ocrx_word' id='word_1_286' title='bbox 244 2999 378 3055; x_wconf 82' lang='lat' dir='ltr'><strong><em>studeas</em></strong></span> <span class='ocrx_word' id='word_1_287' title='bbox 389 2998 553 3053; x_wconf 75' lang='lat' dir='ltr'><strong><em>subtilium</em></strong></span> <span class='ocrx_word' id='word_1_288' title='bbox 564 2997 661 3066; x_wconf 80' lang='lat' dir='ltr'><strong><em>ferre.</em></strong></span> <span class='ocrx_word' id='word_1_289' title='bbox 675 3001 719 3053; x_wconf 87' lang='lat' dir='ltr'><strong><em>De</em></strong></span> <span class='ocrx_word' id='word_1_290' title='bbox 728 2999 861 3053; x_wconf 70' lang='lat' dir='ltr'><strong><em>secusia</em></strong></span> <span class='ocrx_word' id='word_1_291' title='bbox 872 3011 954 3066; x_wconf 85' lang='lat' dir='ltr'><strong><em>ocra,</em></strong></span> <span class='ocrx_word' id='word_1_292' title='bbox 968 3011 1062 3066; x_wconf 89' lang='lat' dir='ltr'><strong><em>quom</em></strong></span> <span class='ocrx_word' id='word_1_293' title='bbox 1074 2999 1110 3051; x_wconf 89' lang='lat' dir='ltr'><strong><em>in</em></strong></span> <span class='ocrx_word' id='word_1_294' title='bbox 1124 3011 1190 3052; x_wconf 92' lang='lat' dir='ltr'><strong><em>meo</em></strong></span> <span class='ocrx_word' id='word_1_295' title='bbox 1203 2996 1319 3053; x_wconf 86' lang='lat' dir='ltr'><strong><em>bonore</em></strong></span> <span class='ocrx_word' id='word_1_296' title='bbox 1330 2997 1478 3067; x_wconf 86' lang='lat' dir='ltr'><strong><em>initiasti,</em></strong></span> 
     </span>
     <span class='ocr_line' id='line_1_30' title="bbox 241 3097 1482 3169; baseline -0.002 -16"><span class='ocrx_word' id='word_1_297' title='bbox 241 3112 305 3169; x_wconf 81' lang='lat' dir='ltr'><strong><em>ape</em></strong></span> <span class='ocrx_word' id='word_1_298' title='bbox 315 3099 397 3167; x_wconf 86' lang='lat' dir='ltr'><strong><em>quod</em></strong></span> <span class='ocrx_word' id='word_1_299' title='bbox 407 3099 488 3166; x_wconf 88' lang='lat' dir='ltr'><strong><em>aqis,</em></strong></span> <span class='ocrx_word' id='word_1_300' title='bbox 501 3101 531 3153; x_wconf 87' lang='lat' dir='ltr'><strong><em>et</em></strong></span> <span class='ocrx_word' id='word_1_301' title='bbox 542 3098 802 3167; x_wconf 85' lang='lat' dir='ltr'><strong><em>quemadmodum</em></strong></span> <span class='ocrx_word' id='word_1_302' title='bbox 815 3097 969 3167; x_wconf 86' lang='lat' dir='ltr'><strong><em>incepisti,</em></strong></span> <span class='ocrx_word' id='word_1_303' title='bbox 981 3098 1134 3166; x_wconf 86' lang='lat' dir='ltr'><strong><em>usquead</em></strong></span> <span class='ocrx_word' id='word_1_304' title='bbox 1147 3098 1242 3166; x_wconf 81' lang='lat' dir='ltr'><strong><em>finem</em></strong></span> <span class='ocrx_word' id='word_1_305' title='bbox 1249 3097 1406 3165; x_wconf 72' lang='lat' dir='ltr'><strong><em>perticae</em></strong></span> <span class='ocrx_word' id='word_1_306' title='bbox 1415 3110 1482 3153; x_wconf 90' lang='lat' dir='ltr'><strong><em>non</em></strong></span> 
     </span>
     <span class='ocr_line' id='line_1_31' title="bbox 187 3196 1478 3267; baseline -0.001 -14"><span class='ocrx_word' id='word_1_307' title='bbox 187 3206 218 3261; x_wconf 79' lang='lat' dir='ltr'><strong><em>tu</em></strong></span> <span class='ocrx_word' id='word_1_308' title='bbox 240 3199 389 3266; x_wconf 63' lang='lat' dir='ltr'><strong><em>mutos,</em></strong></span> <span class='ocrx_word' id='word_1_309' title='bbox 400 3201 495 3267; x_wconf 90' lang='lat' dir='ltr'><strong><em>atque</em></strong></span> <span class='ocrx_word' id='word_1_310' title='bbox 505 3198 585 3252; x_wconf 86' lang='lat' dir='ltr'><strong><em>inibi</em></strong></span> <span class='ocrx_word' id='word_1_311' title='bbox 595 3199 768 3253; x_wconf 85' lang='lat' dir='ltr'><strong><em>secundum</em></strong></span> <span class='ocrx_word' id='word_1_312' title='bbox 786 3197 958 3266; x_wconf 79' lang='lat' dir='ltr'><strong><em>facultates</em></strong></span> <span class='ocrx_word' id='word_1_313' title='bbox 971 3200 1042 3251; x_wconf 87' lang='lat' dir='ltr'><strong><em>tuos</em></strong></span> <span class='ocrx_word' id='word_1_314' title='bbox 1054 3200 1084 3251; x_wconf 91' lang='lat' dir='ltr'><strong><em>et</em></strong></span> <span class='ocrx_word' id='word_1_315' title='bbox 1103 3196 1270 3251; x_wconf 84' lang='lat' dir='ltr'><strong><em>servitores</em></strong></span> <span class='ocrx_word' id='word_1_316' title='bbox 1281 3200 1311 3251; x_wconf 90' lang='lat' dir='ltr'><strong><em>et</em></strong></span> <span class='ocrx_word' id='word_1_317' title='bbox 1328 3197 1478 3253; x_wconf 86' lang='lat' dir='ltr'><strong><em>ecetesia-</em></strong></span> 
     </span>
     <span class='ocr_line' id='line_1_32' title="bbox 241 3295 1481 3366; baseline -0.002 -12"><span class='ocrx_word' id='word_1_318' title='bbox 241 3300 328 3354; x_wconf 70' lang='lat' dir='ltr'><strong><em>sima</em></strong></span> <span class='ocrx_word' id='word_1_319' title='bbox 335 3298 493 3366; x_wconf 86' lang='lat' dir='ltr'><strong><em>stipendia</em></strong></span> <span class='ocrx_word' id='word_1_320' title='bbox 501 3297 796 3352; x_wconf 84' lang='lat' dir='ltr'><strong><em>ordinarestudeas.</em></strong></span> <span class='ocrx_word' id='word_1_321' title='bbox 808 3300 914 3351; x_wconf 78' lang='lat' dir='ltr'><strong><em>Poterat</em></strong></span> <span class='ocrx_word' id='word_1_322' title='bbox 923 3297 1096 3351; x_wconf 87' lang='lat' dir='ltr'><strong><em>beatissimus</em></strong></span> <span class='ocrx_word' id='word_1_323' title='bbox 1105 3302 1182 3363; x_wconf 80' lang='lat' dir='ltr'><strong><em>pater</em></strong></span> <span class='ocrx_word' id='word_1_324' title='bbox 1190 3295 1351 3351; x_wconf 70' lang='lat' dir='ltr'><strong><em>leonardus</em></strong></span> <span class='ocrx_word' id='word_1_325' title='bbox 1368 3296 1481 3364; x_wconf 91' lang='lat' dir='ltr'><strong><em>quando</em></strong></span> 
     </span>
     <span class='ocr_line' id='line_1_33' title="bbox 240 3393 1478 3463; baseline -0.001 -13"><span class='ocrx_word' id='word_1_326' title='bbox 240 3395 327 3451; x_wconf 82' lang='lat' dir='ltr'><strong><em>vellet</em></strong></span> <span class='ocrx_word' id='word_1_327' title='bbox 338 3400 367 3449; x_wconf 87' lang='lat' dir='ltr'><strong><em>et</em></strong></span> <span class='ocrx_word' id='word_1_328' title='bbox 377 3394 514 3463; x_wconf 89' lang='lat' dir='ltr'><strong><em>quomodo</em></strong></span> <span class='ocrx_word' id='word_1_329' title='bbox 525 3395 608 3449; x_wconf 83' lang='lat' dir='ltr'><strong><em>vellet</em></strong></span> <span class='ocrx_word' id='word_1_330' title='bbox 618 3395 878 3463; x_wconf 87' lang='lat' dir='ltr'><strong><em>captivumliberare</em></strong></span> <span class='ocrx_word' id='word_1_331' title='bbox 889 3395 924 3448; x_wconf 90' lang='lat' dir='ltr'><strong><em>de</em></strong></span> <span class='ocrx_word' id='word_1_332' title='bbox 936 3394 1055 3460; x_wconf 83' lang='lat' dir='ltr'><strong><em>vinculo,</em></strong></span> <span class='ocrx_word' id='word_1_333' title='bbox 1067 3394 1115 3449; x_wconf 86' lang='lat' dir='ltr'><strong><em>sed</em></strong></span> <span class='ocrx_word' id='word_1_334' title='bbox 1128 3393 1217 3448; x_wconf 89' lang='lat' dir='ltr'><strong><em>noluit</em></strong></span> <span class='ocrx_word' id='word_1_335' title='bbox 1228 3395 1265 3447; x_wconf 81' lang='lat' dir='ltr'><strong><em>ita</em></strong></span> <span class='ocrx_word' id='word_1_336' title='bbox 1274 3407 1338 3448; x_wconf 91' lang='lat' dir='ltr'><strong><em>eum</em></strong></span> <span class='ocrx_word' id='word_1_337' title='bbox 1348 3395 1478 3449; x_wconf 89' lang='lat' dir='ltr'><strong><em>liberare</em></strong></span> 
     </span>
     <span class='ocr_line' id='line_1_34' title="bbox 241 3494 1474 3563; baseline -0.002 -12"><span class='ocrx_word' id='word_1_338' title='bbox 241 3501 277 3551; x_wconf 88' lang='lat' dir='ltr'><strong><em>nt</em></strong></span> <span class='ocrx_word' id='word_1_339' title='bbox 286 3496 381 3550; x_wconf 77' lang='lat' dir='ltr'><strong><em>amma</em></strong></span> <span class='ocrx_word' id='word_1_340' title='bbox 390 3497 450 3562; x_wconf 77' lang='lat' dir='ltr'><strong><em>ejus</em></strong></span> <span class='ocrx_word' id='word_1_341' title='bbox 467 3496 599 3563; x_wconf 70' lang='lat' dir='ltr'><strong><em>ligaretur</em></strong></span> <span class='ocrx_word' id='word_1_342' title='bbox 615 3495 745 3562; x_wconf 83' lang='lat' dir='ltr'><strong><em>perjurio.</em></strong></span> <span class='ocrx_word' id='word_1_343' title='bbox 759 3495 815 3548; x_wconf 84' lang='lat' dir='ltr'><strong><em>Tali</em></strong></span> <span class='ocrx_word' id='word_1_344' title='bbox 837 3495 910 3548; x_wconf 90' lang='lat' dir='ltr'><strong><em>enim</em></strong></span> <span class='ocrx_word' id='word_1_345' title='bbox 923 3494 1091 3561; x_wconf 86' lang='lat' dir='ltr'><strong><em>conditione,</em></strong></span> <span class='ocrx_word' id='word_1_346' title='bbox 1104 3499 1280 3549; x_wconf 90' lang='lat' dir='ltr'><strong><em>sacramento</em></strong></span> <span class='ocrx_word' id='word_1_347' title='bbox 1302 3495 1474 3562; x_wconf 80' lang='lat' dir='ltr'><strong><em>interposito,</em></strong></span> 
     </span>
     <span class='ocr_line' id='line_1_35' title="bbox 245 3595 1482 3661; baseline -0.002 -8"><span class='ocrx_word' id='word_1_348' title='bbox 245 3596 398 3653; x_wconf 74' lang='lat' dir='ltr'><strong><em>danisman</em></strong></span> <span class='ocrx_word' id='word_1_349' title='bbox 410 3597 593 3651; x_wconf 78' lang='lat' dir='ltr'><strong><em>boimundum</em></strong></span> <span class='ocrx_word' id='word_1_350' title='bbox 605 3596 701 3650; x_wconf 89' lang='lat' dir='ltr'><strong><em>babuit</em></strong></span> <span class='ocrx_word' id='word_1_351' title='bbox 712 3596 799 3650; x_wconf 84' lang='lat' dir='ltr'><strong><em>libem</em></strong></span> <span class='ocrx_word' id='word_1_352' title='bbox 810 3595 943 3661; x_wconf 86' lang='lat' dir='ltr'><strong><em>custodia,</em></strong></span> <span class='ocrx_word' id='word_1_353' title='bbox 961 3595 1088 3649; x_wconf 69' lang='lat' dir='ltr'><strong><em>uidelicet</em></strong></span> <span class='ocrx_word' id='word_1_354' title='bbox 1099 3600 1130 3649; x_wconf 90' lang='lat' dir='ltr'><strong><em>ut</em></strong></span> <span class='ocrx_word' id='word_1_355' title='bbox 1142 3609 1194 3649; x_wconf 92' lang='lat' dir='ltr'><strong><em>nec</em></strong></span> <span class='ocrx_word' id='word_1_356' title='bbox 1215 3609 1327 3649; x_wconf 89' lang='lat' dir='ltr'><strong><em>carcere</em></strong></span> <span class='ocrx_word' id='word_1_357' title='bbox 1340 3609 1393 3650; x_wconf 88' lang='lat' dir='ltr'><strong><em>nec</em></strong></span> <span class='ocrx_word' id='word_1_358' title='bbox 1410 3597 1482 3650; x_wconf 86' lang='lat' dir='ltr'><strong><em>tame</em></strong></span> 
     </span>
     <span class='ocr_line' id='line_1_36' title="bbox 187 3696 1482 3764; baseline -0.005 -7"><span class='ocrx_word' id='word_1_359' title='bbox 187 3704 227 3757; x_wconf 72' lang='lat' dir='ltr'><strong><em>bii</em></strong></span> <span class='ocrx_word' id='word_1_360' title='bbox 246 3712 301 3753; x_wconf 87' lang='lat' dir='ltr'><strong><em>nec</em></strong></span> <span class='ocrx_word' id='word_1_361' title='bbox 324 3697 385 3752; x_wconf 87' lang='lat' dir='ltr'><strong><em>aliis</em></strong></span> <span class='ocrx_word' id='word_1_362' title='bbox 405 3698 550 3752; x_wconf 89' lang='lat' dir='ltr'><strong><em>tormentis</em></strong></span> <span class='ocrx_word' id='word_1_363' title='bbox 570 3696 707 3751; x_wconf 79' lang='lat' dir='ltr'><strong><em>serviliter</em></strong></span> <span class='ocrx_word' id='word_1_364' title='bbox 726 3701 871 3763; x_wconf 83' lang='lat' dir='ltr'><strong><em>artaretur,</em></strong></span> <span class='ocrx_word' id='word_1_365' title='bbox 889 3701 971 3764; x_wconf 90' lang='lat' dir='ltr'><strong><em>atque</em></strong></span> <span class='ocrx_word' id='word_1_366' title='bbox 992 3697 1034 3750; x_wconf 90' lang='lat' dir='ltr'><strong><em>sui</em></strong></span> <span class='ocrx_word' id='word_1_367' title='bbox 1055 3697 1207 3762; x_wconf 87' lang='lat' dir='ltr'><strong><em>christiani,</em></strong></span> <span class='ocrx_word' id='word_1_368' title='bbox 1226 3697 1283 3750; x_wconf 87' lang='lat' dir='ltr'><strong><em>sive</em></strong></span> <span class='ocrx_word' id='word_1_369' title='bbox 1305 3696 1406 3750; x_wconf 89' lang='lat' dir='ltr'><strong><em>milites</em></strong></span> <span class='ocrx_word' id='word_1_370' title='bbox 1426 3697 1482 3750; x_wconf 81' lang='lat' dir='ltr'><strong><em>sive</em></strong></span> 
     </span>
     <span class='ocr_line' id='line_1_37' title="bbox 246 3794 1482 3864; baseline -0.001 -12"><span class='ocrx_word' id='word_1_371' title='bbox 246 3799 373 3864; x_wconf 84' lang='lat' dir='ltr'><strong><em>clientes,</em></strong></span> <span class='ocrx_word' id='word_1_372' title='bbox 393 3797 422 3849; x_wconf 91' lang='lat' dir='ltr'><strong><em>in</em></strong></span> <span class='ocrx_word' id='word_1_373' title='bbox 442 3797 501 3863; x_wconf 85' lang='lat' dir='ltr'><strong><em>ejus</em></strong></span> <span class='ocrx_word' id='word_1_374' title='bbox 521 3796 687 3863; x_wconf 86' lang='lat' dir='ltr'><strong><em>obsequium</em></strong></span> <span class='ocrx_word' id='word_1_375' title='bbox 708 3795 927 3861; x_wconf 86' lang='lat' dir='ltr'><strong><em>admitterentur,</em></strong></span> <span class='ocrx_word' id='word_1_376' title='bbox 950 3796 1078 3862; x_wconf 87' lang='lat' dir='ltr'><strong><em>quatinus</em></strong></span> <span class='ocrx_word' id='word_1_377' title='bbox 1100 3794 1173 3849; x_wconf 83' lang='lat' dir='ltr'><strong><em>idem</em></strong></span> <span class='ocrx_word' id='word_1_378' title='bbox 1194 3795 1361 3849; x_wconf 74' lang='lat' dir='ltr'><strong><em>boimundus</em></strong></span> <span class='ocrx_word' id='word_1_379' title='bbox 1378 3795 1482 3864; x_wconf 86' lang='lat' dir='ltr'><strong><em>absque</em></strong></span> 
     </span>
     <span class='ocr_line' id='line_1_38' title="bbox 245 3895 1481 3962; baseline -0.003 -10"><span class='ocrx_word' id='word_1_380' title='bbox 245 3895 427 3952; x_wconf 85' lang='lat' dir='ltr'><strong><em>banismanm</em></strong></span> <span class='ocrx_word' id='word_1_381' title='bbox 439 3895 620 3962; x_wconf 82' lang='lat' dir='ltr'><strong><em>permissione</em></strong></span> <span class='ocrx_word' id='word_1_382' title='bbox 633 3895 792 3949; x_wconf 88' lang='lat' dir='ltr'><strong><em>nullatenus</em></strong></span> <span class='ocrx_word' id='word_1_383' title='bbox 803 3896 837 3949; x_wconf 90' lang='lat' dir='ltr'><strong><em>de</em></strong></span> <span class='ocrx_word' id='word_1_384' title='bbox 849 3896 1002 3962; x_wconf 83' lang='lat' dir='ltr'><strong><em>captivitate</em></strong></span> <span class='ocrx_word' id='word_1_385' title='bbox 1023 3896 1161 3961; x_wconf 85' lang='lat' dir='ltr'><strong><em>evaderet,</em></strong></span> <span class='ocrx_word' id='word_1_386' title='bbox 1174 3895 1217 3949; x_wconf 88' lang='lat' dir='ltr'><strong><em>vei</em></strong></span> <span class='ocrx_word' id='word_1_387' title='bbox 1230 3908 1278 3961; x_wconf 85' lang='lat' dir='ltr'><strong><em>per</em></strong></span> <span class='ocrx_word' id='word_1_388' title='bbox 1299 3899 1384 3949; x_wconf 90' lang='lat' dir='ltr'><strong><em>beum</em></strong></span> <span class='ocrx_word' id='word_1_389' title='bbox 1402 3909 1481 3949; x_wconf 91' lang='lat' dir='ltr'><strong><em>suum</em></strong></span> 
     </span>
     <span class='ocr_line' id='line_1_39' title="bbox 247 3995 1482 4064; baseline -0.002 -11"><span class='ocrx_word' id='word_1_390' title='bbox 247 3997 292 4053; x_wconf 81' lang='lat' dir='ltr'><strong><em>rei</em></strong></span> <span class='ocrx_word' id='word_1_391' title='bbox 312 4009 362 4064; x_wconf 82' lang='lat' dir='ltr'><strong><em>per</em></strong></span> <span class='ocrx_word' id='word_1_392' title='bbox 378 3995 498 4062; x_wconf 87' lang='lat' dir='ltr'><strong><em>aliquem</em></strong></span> <span class='ocrx_word' id='word_1_393' title='bbox 519 4001 646 4049; x_wconf 90' lang='lat' dir='ltr'><strong><em>sanctum</em></strong></span> <span class='ocrx_word' id='word_1_394' title='bbox 666 3996 709 4049; x_wconf 83' lang='lat' dir='ltr'><strong><em>uel</em></strong></span> <span class='ocrx_word' id='word_1_395' title='bbox 730 4008 780 4062; x_wconf 83' lang='lat' dir='ltr'><strong><em>per</em></strong></span> <span class='ocrx_word' id='word_1_396' title='bbox 800 3996 929 4049; x_wconf 91' lang='lat' dir='ltr'><strong><em>amicum.</em></strong></span> <span class='ocrx_word' id='word_1_397' title='bbox 942 3997 1058 4048; x_wconf 62' lang='lat' dir='ltr'><strong><em>&amp;nctus</em></strong></span> <span class='ocrx_word' id='word_1_398' title='bbox 1077 3995 1124 4048; x_wconf 89' lang='lat' dir='ltr'><strong><em>bei</em></strong></span> <span class='ocrx_word' id='word_1_399' title='bbox 1136 3995 1296 4048; x_wconf 78' lang='lat' dir='ltr'><strong><em>leonardus</em></strong></span> <span class='ocrx_word' id='word_1_400' title='bbox 1315 4008 1378 4048; x_wconf 87' lang='lat' dir='ltr'><strong><em>cum</em></strong></span> <span class='ocrx_word' id='word_1_401' title='bbox 1391 3996 1482 4063; x_wconf 85' lang='lat' dir='ltr'><strong><em>hujus·</em></strong></span> 
     </span>
     <span class='ocr_line' id='line_1_40' title="bbox 247 4093 1483 4161; baseline 0 -12"><span class='ocrx_word' id='word_1_402' title='bbox 247 4095 323 4150; x_wconf 87' lang='lat' dir='ltr'><strong><em>modi</em></strong></span> <span class='ocrx_word' id='word_1_403' title='bbox 343 4095 435 4149; x_wconf 80' lang='lat' dir='ltr'><strong><em>verbis</em></strong></span> <span class='ocrx_word' id='word_1_404' title='bbox 454 4095 639 4161; x_wconf 80' lang='lat' dir='ltr'><strong><em>compeditum</em></strong></span> <span class='ocrx_word' id='word_1_405' title='bbox 660 4094 828 4148; x_wconf 90' lang='lat' dir='ltr'><strong><em>consolando</em></strong></span> <span class='ocrx_word' id='word_1_406' title='bbox 849 4094 883 4148; x_wconf 91' lang='lat' dir='ltr'><strong><em>de</em></strong></span> <span class='ocrx_word' id='word_1_407' title='bbox 905 4108 954 4147; x_wconf 90' lang='lat' dir='ltr'><strong><em>sua</em></strong></span> <span class='ocrx_word' id='word_1_408' title='bbox 979 4093 1142 4147; x_wconf 77' lang='lat' dir='ltr'><strong><em>certificaret</em></strong></span> <span class='ocrx_word' id='word_1_409' title='bbox 1163 4093 1334 4160; x_wconf 88' lang='lat' dir='ltr'><strong><em>liberatione,</em></strong></span> <span class='ocrx_word' id='word_1_410' title='bbox 1357 4095 1483 4149; x_wconf 82' lang='lat' dir='ltr'><strong><em>boimun-</em></strong></span> 
     </span>
     <span class='ocr_line' id='line_1_41' title="bbox 192 4192 1481 4263; baseline -0.002 -13"><span class='ocrx_word' id='word_1_411' title='bbox 192 4198 228 4251; x_wconf 87' lang='lat' dir='ltr'><strong><em>to</em></strong></span> <span class='ocrx_word' id='word_1_412' title='bbox 245 4194 310 4262; x_wconf 89' lang='lat' dir='ltr'><strong><em>dus,</em></strong></span> <span class='ocrx_word' id='word_1_413' title='bbox 323 4208 389 4261; x_wconf 84' lang='lat' dir='ltr'><strong><em>prae</em></strong></span> <span class='ocrx_word' id='word_1_414' title='bbox 401 4192 503 4263; x_wconf 75' lang='lat' dir='ltr'><strong><em>gaudio</em></strong></span> <span class='ocrx_word' id='word_1_415' title='bbox 524 4192 693 4261; x_wconf 89' lang='lat' dir='ltr'><strong><em>lacrimatus,</em></strong></span> <span class='ocrx_word' id='word_1_416' title='bbox 706 4194 778 4247; x_wconf 89' lang='lat' dir='ltr'><strong><em>circa</em></strong></span> <span class='ocrx_word' id='word_1_417' title='bbox 791 4207 821 4247; x_wconf 90' lang='lat' dir='ltr'><strong><em>se</em></strong></span> <span class='ocrx_word' id='word_1_418' title='bbox 840 4192 1009 4247; x_wconf 90' lang='lat' dir='ltr'><strong><em>dormientes</em></strong></span> <span class='ocrx_word' id='word_1_419' title='bbox 1030 4194 1159 4247; x_wconf 86' lang='lat' dir='ltr'><strong><em>excitavit</em></strong></span> <span class='ocrx_word' id='word_1_420' title='bbox 1177 4193 1311 4258; x_wconf 87' lang='lat' dir='ltr'><strong><em>suspiriis,</em></strong></span> <span class='ocrx_word' id='word_1_421' title='bbox 1326 4193 1481 4261; x_wconf 80' lang='lat' dir='ltr'><strong><em>gemitibus,</em></strong></span> 
     </span>
     <span class='ocr_line' id='line_1_42' title="bbox 241 4291 1481 4364; baseline -0.002 -15"><span class='ocrx_word' id='word_1_422' title='bbox 241 4295 420 4364; x_wconf 77' lang='lat' dir='ltr'><strong><em>singultibus.</em></strong></span> <span class='ocrx_word' id='word_1_423' title='bbox 432 4295 509 4346; x_wconf 80' lang='lat' dir='ltr'><strong><em>Tunc</em></strong></span> <span class='ocrx_word' id='word_1_424' title='bbox 521 4292 634 4359; x_wconf 88' lang='lat' dir='ltr'><strong><em>quidam</em></strong></span> <span class='ocrx_word' id='word_1_425' title='bbox 654 4293 799 4358; x_wconf 88' lang='lat' dir='ltr'><strong><em>accedens,</em></strong></span> <span class='ocrx_word' id='word_1_426' title='bbox 813 4292 890 4346; x_wconf 90' lang='lat' dir='ltr'><strong><em>molli</em></strong></span> <span class='ocrx_word' id='word_1_427' title='bbox 913 4297 986 4345; x_wconf 89' lang='lat' dir='ltr'><strong><em>tactu</em></strong></span> <span class='ocrx_word' id='word_1_428' title='bbox 1006 4305 1038 4345; x_wconf 91' lang='lat' dir='ltr'><strong><em>ac</em></strong></span> <span class='ocrx_word' id='word_1_429' title='bbox 1053 4305 1129 4359; x_wconf 88' lang='lat' dir='ltr'><strong><em>voce,</em></strong></span> <span class='ocrx_word' id='word_1_430' title='bbox 1142 4300 1172 4346; x_wconf 89' lang='lat' dir='ltr'><strong><em>ut</em></strong></span> <span class='ocrx_word' id='word_1_431' title='bbox 1192 4292 1264 4345; x_wconf 87' lang='lat' dir='ltr'><strong><em>circa</em></strong></span> <span class='ocrx_word' id='word_1_432' title='bbox 1277 4291 1403 4346; x_wconf 89' lang='lat' dir='ltr'><strong><em>dominos</em></strong></span> <span class='ocrx_word' id='word_1_433' title='bbox 1422 4306 1481 4347; x_wconf 91' lang='lat' dir='ltr'><strong><em>mos</em></strong></span> 
     </span>
     <span class='ocr_line' id='line_1_43' title="bbox 239 4384 1480 4462; baseline -0.002 -12"><span class='ocrx_word' id='word_1_434' title='bbox 239 4384 428 4462; x_wconf 65' lang='lat' dir='ltr'><strong><em>estexcitare</em></strong></span> <span class='ocrx_word' id='word_1_435' title='bbox 449 4393 567 4459; x_wconf 81' lang='lat' dir='ltr'><strong><em>incepit3</em></strong></span> <span class='ocrx_word' id='word_1_436' title='bbox 580 4391 627 4445; x_wconf 92' lang='lat' dir='ltr'><strong><em>sed</em></strong></span> <span class='ocrx_word' id='word_1_437' title='bbox 650 4393 740 4446; x_wconf 92' lang='lat' dir='ltr'><strong><em>altiori</em></strong></span> <span class='ocrx_word' id='word_1_438' title='bbox 761 4392 877 4447; x_wconf 90' lang='lat' dir='ltr'><strong><em>consilio</em></strong></span> <span class='ocrx_word' id='word_1_439' title='bbox 900 4392 935 4446; x_wconf 90' lang='lat' dir='ltr'><strong><em>ab</em></strong></span> <span class='ocrx_word' id='word_1_440' title='bbox 947 4390 1007 4447; x_wconf 86' lang='lat' dir='ltr'><strong><em>aliis</em></strong></span> <span class='ocrx_word' id='word_1_441' title='bbox 1028 4396 1169 4459; x_wconf 83' lang='lat' dir='ltr'><strong><em>correptus</em></strong></span> <span class='ocrx_word' id='word_1_442' title='bbox 1186 4391 1221 4445; x_wconf 91' lang='lat' dir='ltr'><strong><em>ab</em></strong></span> <span class='ocrx_word' id='word_1_443' title='bbox 1242 4391 1351 4460; x_wconf 86' lang='lat' dir='ltr'><strong><em>incepto</em></strong></span> <span class='ocrx_word' id='word_1_444' title='bbox 1364 4392 1480 4447; x_wconf 88' lang='lat' dir='ltr'><strong><em>destitit.</em></strong></span> 
     </span>
    </p>
   </div>
   <div class='ocr_carea' id='block_1_3' title="bbox 0 0 1674 5482">
    <p class='ocr_par' dir='ltr' id='par_1_3' title="bbox 0 0 1674 5482">
     <span class='ocr_line' id='line_1_44' title="bbox 0 0 1674 5482; baseline 0 0"><span class='ocrx_word' id='word_1_445' title='bbox 0 0 1674 5482; x_wconf 95' lang='lat' dir='ltr'><strong><em> </em></strong></span> 
     </span>
    </p>
   </div>
  </div>
 </body>
</html>
