3316 5482
432 405 525 457 amr..
544 403 628 455 sar.
647 402 765 453 11115.
783 421 829 432 -
844 401 998 453 anenno.
1018 403 1065 453 tn
1081 402 1159 454 con.
1179 403 1254 452 saca.
1396 389 1458 456 431

223 589 323 630 coram
337 589 367 629 se
378 589 442 629 cum
454 575 647 640 luminaribus,
661 574 785 641 nihilque
802 573 899 627 rolens
912 573 951 626 eis
971 579 1036 627 tunc
1056 573 1158 641 dicere,
1171 575 1241 643 signi
1263 575 1461 644 significatione

222 676 310 744 jussit
322 681 353 728 ut
364 675 400 729 ad
411 680 494 728 strata
507 688 556 728 sua
568 673 701 740 redirent,
711 679 740 726 et
752 673 809 740 ipse
822 672 894 740 quod
908 673 1042 741 reliquum
1056 674 1144 727 noetis
1156 674 1207 727 fuit
1219 675 1374 729 insomnem
1385 676 1463 730 duxit

226 789 294 830 cum
306 776 405 830 timore
419 781 447 830 et
458 775 561 831 dolore.
575 779 653 829 itane
674 774 859 840 antoniano,
873 787 935 828 cum
954 775 1020 828 hora
1040 775 1172 842 loquendi
1183 777 1305 831 venisset
1325 783 1352 832 et
1364 791 1461 832 omnes

225 877 258 930 in
269 890 360 930 unum
380 877 584 942 convenissent,
606 875 674 928 dixit
695 875 748 928 illis
761 890 768 926 :
782 874 951 942 Inanlpeat
961 874 1052 942 vobis,
1066 872 1197 944 fratres,
1210 877 1300 944 Deus,
1318 877 1399 944 quoa
1412 890 1460 931 me

226 973 351 1043 11111111
364 977 428 1029 tam
440 973 558 1030 acriter
577 973 738 1028 rerbemri
749 971 808 1027 hac
825 975 921 1027 nocte.
941 972 995 1040 Ite,
1017 972 1179 1028 decantate
1196 974 1364 1029 historiam
1380 976 1463 1030 sicta

223 1074 365 1144 pernas.
379 1073 461 1128 Nam
472 1073 565 1128 celim
575 1073 674 1128 nolim
685 1071 850 1127 concedere
860 1051 1045 1139 me‘oporteh
1055 1085 1094 1126 ne
1105 1073 1221 1127 lteram
1230 1073 1372 1128 verberer
1381 1074 1464 1129 sicat

230 1173 389 1230 haenocte
397 1173 557 1242 vapulavi,
570 1175 601 1227 et
609 1172 746 1241 forsitan
763 1174 953 1240 multoplns.
970 1173 1126 1240 nepertia
1135 1173 1219 1228 enim
1230 1188 1301 1228 snm
1309 1173 1464 1229 11111111

230 1273 433 1341 qaiadaram
442 1274 487 1327 est
496 1274 605 1327 contra
616 1271 781 1326 stimulam
792 1271 971 1326 calcitrare.
981 1273 1048 1325 Tum
1061 1270 1101 1325 illi
1110 1285 1172 1325 curn
1182 1273 1325 1327 immensis
1338 1274 1463 1341 precibus

231 1385 332 1442 rogare
343 1377 493 1439 coeperunt
511 1376 542 1425 ut
561 1371 601 1425 eis
622 1376 746 1426 narraret
757 1371 824 1439 quid
844 1370 955 1426 vidisset
975 1371 1078 1438 etquid
1099 1386 1194 1438 passus
1212 1372 1316 1427 luisset.
1340 1373 1388 1428 ille
1399 1386 1463 1428 vero

187 1472 214 1526 to
232 1472 363 1540 precibus
375 1485 470 1526 eorum
480 1472 670 1539 acquiescens,
681 1472 800 1527 narrarit
810 1471 850 1525 eis
860 1472 951 1526 omnia
962 1471 1145 1538 perordinem
1159 1472 1228 1526 sicut
1237 1486 1319 1539 supra
1328 1471 1463 1541 digestum

234 1575 333 1627 est.1it
353 1573 562 1641 probamentum
574 1571 665 1626 serbis
683 1571 815 1636 adiciens,
837 1571 996 1639 exspoliavit
1016 1585 1045 1626 se
1064 1585 1156 1626 coram
1177 1573 1293 1656 cunctis,
1315 1573 1465 1628 ostendens

233 1672 348 1727 dorsum
362 1685 443 1725 suum
462 1671 621 1725 verberibus
643 1670 830 1725 dilaceratum.
844 1675 919 1724 Tunc
937 1671 976 1723 illi
996 1671 1120 1725 videntes
1132 1671 1209 1739 haec,
1223 1672 1252 1725 in
1272 1672 1368 1726 laudes
1380 1673 1426 1726 liei
1439 1677 1466 1726 et

234 1773 277 1826 sui
290 1771 408 1840 piissimi
420 1772 587 1826 contessoris
599 1771 720 1825 Nicbolai
741 1771 845 1826 diutius
856 1785 919 1825 curn
932 1771 1051 1826 lacrimis
1063 1771 1196 1826 demorati
1210 1776 1284 1837 sunt,
1296 1772 1465 1827 celebrantes

234 1872 296 1940 ejus
308 1871 483 1926 testivitatem
496 1885 559 1925 cum
571 1871 647 1926 omni
666 1871 766 1940 gaudio
777 1875 804 1925 et
815 1872 926 1941 laetitia,
941 1871 1120 1926 decantantes
1140 1871 1282 1926 historiam
1295 1871 1365 1927 sicut
1385 1873 1465 1940 petie

192 1970 221 2025 tt
236 1975 308 2025 rant.
331 1971 484 2026 testivitate
504 1976 649 2040 transacta,
672 1973 792 2037 perrexit
811 1970 887 2038 prior
907 1984 969 2025 cum
982 1970 1121 2039 aliquibus
1143 1970 1271 2025 tratribus
1291 1970 1326 2025 ad
1346 1971 1467 2038 priorem

235 2083 318 2125 saum
334 2070 490 2134 Girardum,
503 2075 530 2124 et
549 2070 665 2124 veniens
685 2075 748 2123 ante
765 2083 839 2137 eum,
853 2071 998 2136 prostravit
1015 2084 1045 2124 se
1063 2070 1097 2125 ad
1116 2069 1200 2137 pedes
1216 2071 1285 2139 ejus.
1303 2070 1351 2124 cui
1370 2071 1464 2138 prior:

239 2169 435 2237 anteperire
447 2169 496 2223 lile
506 2169 545 2223 ait
557 2184 563 2222 :
578 2169 652 2223 Peto
663 2181 684 2223 a
695 2171 798 2224 vestra
808 2169 917 2238 pratia
929 2173 965 2224 nt
977 2183 998 2224 a
1005 2170 1158 2238 prioratu
1177 2169 1237 2223 isto
1257 2182 1306 2224 me
1319 2168 1465 2223 liberetis.

236 2269 271 2322 it
280 2269 357 2335 prior
368 2268 497 2322 Girardus
510 2283 518 2321 r
531 2268 597 2328 011
608 2267 729 2323 causat
740 2271 772 2321 Et
784 2268 848 2322 illes
861 2267 940 2329 Onia
952 2271 1073 2337 tratres
1085 2268 1188 2322 nostri
1203 2280 1252 2322 me
1263 2267 1382 2322 aeriter
1391 2265 1468 2334 fece·

235 2365 484 2420 rnntoerberari
495 2365 672 2433 aquodam.
685 2365 724 2419 ld
743 2368 809 2420 haee
830 2367 944 2420 nimium
964 2372 1116 2421 commotus
1128 2365 1204 2434 prior
1224 2367 1353 2421 Girardus
1373 2365 1464 2420 dixit:

187 2466 221 2519 iti
237 2465 278 2520 ia
287 2464 358 2532 1111
369 2477 468 2519 ansus
479 2461 544 2532 fuit
565 2467 688 2519 tantam
699 2464 966 2521 inordinationem
986 2464 1114 2535 facere?
1125 2465 1164 2519 ld
1185 2466 1258 2533 quod
1268 2465 1398 2520 monachi
1419 2465 1467 2532 qui

237 2568 377 2619 venerunt
387 2563 590 2632 responderunt
610 2581 618 2618 ε
637 2565 752 2620 Damae
758 2565 861 2634 prr‘or,
881 2565 950 2621 noli
960 2565 1157 2634 perturbari,
1174 2577 1274 2633 nsque
1291 2566 1367 2619 dam
1384 2564 1467 2620 scias

237 2664 307 2732 quis
318 2676 390 2719 eum
401 2663 610 2718 verberaverit
620 2666 651 2718 ei
668 2678 733 2731 qna
752 2660 950 2720 caracallam
969 2664 1108 2731 eirardus,
1126 2664 1223 2718 videns
1240 2677 1287 2720 eos
1305 2664 1343 2717 nil
1363 2664 1469 2719 timoris

238 2763 351 2830 babere,
364 2769 395 2817 ut
406 2765 514 2831 sapiens
534 2763 586 2831 111,
599 2763 760 2832 intellegens
781 2765 892 2831 aliquod
905 2771 1041 2818 secretum
1059 2777 1129 2833 esse,
1139 2764 1221 2832 jussit
1231 2764 1316 2831 priori
1334 2769 1365 2818 ut
1376 2776 1468 2818 coram

239 2864 370 2919 omnibus
387 2863 510 2918 ediceret
520 2864 583 2932 quis
603 2878 665 2918 eum
684 2864 837 2918 verberavit
856 2869 884 2918 et
896 2878 950 2932 qua
970 2878 1063 2918 causa.
1076 2866 1108 2917 111
1128 2864 1175 2918 1111
1189 2882 1196 2917 :
1209 2865 1349 2931 Sanctus,
1370 2864 1470 2932 inquit,

187 2963 222 3018 11
237 2963 410 3019 Nicholaas
425 2964 668 3018 verberavitme.
693 2965 795 3019 011111
815 2977 895 3032 qnae
914 2963 1015 3032 fuerit
1033 2965 1147 3019 dicam.
1172 2967 1248 3018 Tunc
1270 2965 1359 3031 coepit
1375 2976 1469 3042 coram

240 3064 372 3119 omnibus
381 3076 493 3118 narrare
502 3077 561 3117 rem
569 3069 683 3132 gestam.
694 3064 771 3117 Prior
782 3063 922 3131 Girardus,
931 3064 1071 3118 admirans
1083 3065 1230 3118 novitatem
1240 3063 1289 3132 rei,
1301 3076 1357 3117 non
1367 3067 1472 3130 poterat

241 3163 366 3227 credere,
378 3163 426 3216 sed
434 3163 606 3216 existimabat
615 3161 770 3216 fabulosum
783 3175 842 3216 esse
854 3163 927 3230 quod
937 3163 1075 3217 audiebat.
1086 3165 1157 3216 Tum
1167 3164 1242 3229 prior
1251 3162 1314 3216 ille:
1331 3162 1367 3216 Ut
1377 3161 1470 3229 sciar,

242 3261 356 3316 domne
369 3262 473 3330 prior,
495 3261 572 3329 qaia
589 3274 698 3314 veram
718 3262 857 3329 estquod
877 3261 1009 3329 audisti,
1024 3261 1211 3330 probatione
1228 3261 1389 3316 ostendam
1406 3259 1471 3314 abi.

243 3364 314 3414 'lum
326 3374 418 3416 coram
431 3362 477 3416 illo
489 3366 517 3415 et
533 3362 662 3416 omnibus
674 3362 720 3429 qui
731 3361 874 3416 adstabant
891 3362 1052 3429 exspoliavit
1070 3376 1110 3429 se,
1133 3366 1161 3415 et
1181 3360 1303 3415 ostendit
1322 3360 1434 3414 dorsum
1446 3362 1475 3412 et

188 3463 226 3518 tto
243 3461 370 3528 scapulas
381 3461 498 3515 nimium
510 3461 635 3516 livientes
645 3462 770 3515 verbere.
780 3461 881 3515 videns
894 3463 945 3515 hoc
958 3442 1032 3529 prior
1045 3459 1184 3527 Girardus,
1198 3473 1264 3527 prae
1273 3459 1373 3529 gaudio
1386 3459 1475 3525 coepit

246 3559 324 3627 dere,
333 3564 361 3613 et
372 3559 401 3613 in
412 3559 520 3614 laudem
534 3560 727 3627 omnipotentis
740 3560 786 3613 bei
794 3565 821 3613 et
830 3560 873 3614 sui
881 3559 996 3627 piissimi
1009 3559 1173 3614 contessoris
1183 3556 1305 3612 llicbolai
1316 3569 1474 3624 erumpens,

245 3660 335 3725 coepit
346 3659 492 3713 decantare
504 3658 681 3725 antiphonam
699 3659 722 3713 O
734 3657 849 3714 Christi
855 3659 969 3728 pietas.
981 3659 1084 3713 beinde
1092 3659 1174 3724 jussit
1185 3663 1216 3712 ut
1227 3670 1277 3725 per
1285 3670 1381 3711 omnes
1393 3656 1476 3710 cellas

245 3760 300 3813 sibi
310 3761 446 3828 subjectas
458 3759 641 3826 supradictam
659 3760 801 3814 historiam
813 3759 1000 3826 decantarent,
1013 3758 1117 3813 habens
1129 3758 1258 3825 deinceps
1281 3757 1309 3810 in
1330 3756 1476 3811 maximam

247 3860 453 3914 venerationem
467 3860 627 3913 memoriam
638 3860 724 3926 ipsius
736 3860 832 3926 saneti,
845 3860 970 3927 quamvis
982 3864 1010 3912 et
1021 3863 1101 3913 antea
1113 3857 1262 3925 plurimum
1274 3856 1422 3911 habuisset.

194 3961 231 4013 ³5
282 3957 336 4011 85.
361 3961 391 4011 ln
409 3957 522 4012 castello
539 3959 613 4025 quod
641 3958 743 4011 dicitur
771 3959 937 4012 blontelortis
957 3962 999 4012 est
1017 3958 1151 4025 quaedam
1173 3956 1278 4024 capella
1295 3956 1324 4008 in
1345 3956 1475 4009 honorem

249 4057 399 4110 beatissimi
411 4057 592 4112 1111111111
604 4070 686 4124 quam
698 4058 816 4111 unasice
825 4057 959 4125 quaedam
973 4058 1072 4111 mulier
1082 4055 1247 4125 paupercula
1259 4056 1335 4110 venit
1345 4055 1477 4109 orationis

249 4157 345 4224 gratia,
356 4160 383 4209 et
390 4168 475 4223 super
484 4155 570 4209 altare
578 4168 662 4208 unam
672 4154 815 4209 candelam
825 4156 915 4222 posuit
928 4156 964 4211 ob
972 4156 1147 4209 devotionem
1156 4154 1252 4207 sancti.
1267 4156 1351 4218 Quam
1363 4152 1479 4206 clericus

251 4256 372 4322 ejusdem
384 4255 517 4309 ecclesiae
529 4254 596 4308 alias
617 4257 739 4308 intentus
751 4255 851 4308 oblitus
865 4261 906 4309 cst
918 4269 1001 4322 super
1018 4256 1103 4308 altare
1115 4255 1267 4308 ardentem.
1282 4256 1344 4307 Post
1355 4253 1478 4320 aliquan·

251 4352 338 4406 tulum
350 4365 415 4407 vero
428 4352 658 4417 rediens,invenit
671 4357 754 4405 totam
763 4350 906 4406 candelam
919 4359 1108 4419 consumptam
1121 4353 1155 4405 ab
1168 4353 1231 4420 igne
1242 4358 1270 4404 et
1281 4350 1385 4404 favillas
1397 4364 1480 4417 super

193 4455 233 4507 so
251 4451 334 4506 altare
355 4452 426 4506 sieut
445 4452 473 4504 in
492 4451 603 4520 longum
624 4452 711 4518 posita
733 4452 830 4518 111111,
853 4452 1011 4506 linteamina
1030 4465 1095 4506 vero
1119 4452 1212 4505 altaris
1236 4451 1348 4505 omnino
1373 4451 1477 4518 integra
1551 4467 1557 4472 ·

251 4551 286 4604 ab
304 4552 374 4620 igne.
388 4552 438 4616 Qui
451 4551 567 4603 nimium
587 4550 727 4604 admirans
744 4555 850 4605 tantum
868 4551 1041 4618 miraculum,
1060 4552 1165 4605 vocavit
1182 4551 1274 4617 plures
1291 4549 1326 4604 de
1343 4548 1431 4603 officio
1450 4555 1478 4603 et

250 4650 370 4705 ostendit
380 4651 421 4705 eis
431 4649 507 4718 quod
519 4650 621 4703 lactum
637 4649 734 4716 luerat,
747 4651 861 4716 cupiens
873 4664 921 4705 eos
934 4651 1035 4706 habere
1047 4656 1128 4705 testes
1140 4651 1207 4705 tanti
1219 4647 1356 4705 miraculi.
1371 4624 1374 4628 Α
