3316 5482
219 325 287 394 272
565 341 692 393 cerm.
711 342 813 392 cono.
833 341 1007 392 usercen.
1026 341 1107 391 uir.

218 510 368 566 babebitis
375 512 571 577 potestatem.
583 511 624 565 id
635 525 718 579 quem
737 513 834 565 iratres
846 510 1045 578 respondentes
1066 508 1220 561 dixerunt:
1251 507 1356 562 Valde
1375 506 1458 562 nobo

217 610 391 665 timendum
401 613 457 679 eat,
468 610 696 677 plorioetcstme
707 611 891 679 imperator,
911 613 976 665 tarn
997 606 1248 676 incomparabile
1269 606 1458 662 thesaurum

217 711 319 766 alicui
328 710 555 765 commendare.
563 713 640 764 Tunc
648 711 796 779 imperator
801 724 856 764 una
865 724 927 766 cum
937 713 1008 764 linea
1020 710 1150 776 episcopo
1164 720 1216 762 nco
1228 719 1290 761 uon
1300 708 1457 762 llossatenu‘

216 811 326 879 abbate,
337 816 369 865 ut
380 810 616 865 uiannaloiienses
638 824 750 866 securos
768 811 926 877 redderent,
944 823 1029 877 super
1048 809 1118 863 loiri
1139 807 1257 875 apostoli
1279 807 1416 862 altarium
1432 812 1457 862 et

212 911 353 979 evangelia
365 916 393 964 et
403 923 486 978 supra
498 911 570 965 beati
583 912 668 965 ilauri
681 925 781 979 corpus
793 910 1063 966 Glannaloliensibus
1075 909 1182 976 absque
1194 908 1273 962 omni
1287 913 1451 962 controver·
1463 908 1478 961 i

213 1008 404 1063 sladeeodem
413 1022 528 1076 corpore
539 1009 680 1064 reddendo
693 1023 868 1078 quocumque
877 1007 1156 1077 temporerepetiturn
1173 1005 1454 1073 iireriijurejurando

215 1121 246 1162 se
257 1108 486 1162 constrinxerunt
497 1122 529 1162 ac
538 1122 568 1162 se
579 1123 701 1177 suosque
713 1114 838 1176 posteros
849 1115 949 1164 contra
960 1110 1013 1163 boc
1024 1108 1066 1162 ire
1084 1110 1249 1174 temptantes
1262 1105 1456 1161 indissolubili

213 1208 388 1263 anathemate
399 1208 591 1275 obligaremnt
601 1226 609 1274 ;
621 1211 769 1278 posuitque
780 1223 864 1277 snpra
875 1210 947 1264 beati
966 1209 1053 1263 iiauri
1065 1207 1196 1274 reliquias
1207 1205 1293 1274 pallia
1307 1207 1455 1274 pretiosis·

216 1307 285 1361 sima
297 1301 361 1374 duo,
375 1313 403 1361 ct
413 1307 453 1361 sic
466 1308 495 1361 in
507 1310 663 1363 Fossatensi
675 1309 811 1364 coenobio
827 1308 1016 1376 supradictum
1029 1308 1189 1361 thesaurum
1202 1318 1266 1359 curn
1279 1305 1359 1361 beati
1367 1305 1454 1360 lauri

215 1417 331 1472 corpore
349 1406 573 1461 commendatum
595 1415 646 1462 est.
666 1411 700 1461 rit
721 1422 772 1463 nos
792 1410 913 1476 optando
936 1407 991 1462 iinc
1012 1406 1179 1461 narrationis
1199 1406 1284 1472 hujus
1299 1403 1455 1470 gaudentes
1470 1406 1491 1456 li

214 1505 314 1559 Cbristi
328 1506 548 1561 misericordiam
561 1521 610 1574 per
623 1509 695 1562 beati
704 1510 789 1563 ilauri
799 1509 980 1576 imploramus
987 1505 1124 1576 suiiragia,
1137 1510 1168 1559 ut
1176 1504 1224 1573 qui
1234 1504 1378 1560 incultiori
1389 1504 1455 1559 iicet

214 1604 288 1671 stilo,
302 1603 355 1658 ilde
367 1611 460 1660 tamen
473 1606 588 1675 integra,
602 1609 702 1661 seriem
715 1610 797 1675 irnjns
810 1609 941 1663 historiae
952 1607 1090 1675 prosecuti
1102 1618 1209 1672 sumus,
1222 1604 1341 1658 vinculis
1350 1617 1452 1671 pecca·

215 1708 306 1758 torum
319 1704 432 1758 solviab
453 1705 551 1759 eodem
572 1720 728 1761 mercamur
747 1708 941 1775 Redemptum,
963 1712 1198 1773 aeternommque
1217 1702 1326 1772 gaudiis
1343 1703 1451 1769 perimi

214 1802 353 1857 valeamus
364 1804 560 1872 praemiorum,
571 1805 659 1872 juncti
671 1807 700 1859 in
712 1806 876 1861 caelestibus
887 1807 1034 1860 consortiis
1046 1805 1218 1874 angelorum.
1231 1804 1328 1858 Arnen.

404 2213 611 2303 GGGXXV.
635 2215 763 2304 Godcx
782 2217 974 2329 signatus
994 2242 1106 2306 num.
1133 2217 1259 2306 5345.

245 2426 381 2482 Foliorum
393 2429 436 2495 88,
449 2430 513 2495 maj.
527 2430 617 2495 (0¹¹¹,i6
632 2438 658 2489 ><
673 2431 769 2496 ⁰508),
783 2431 919 2485 columnis
932 2432 1016 2495 binis,
1031 2436 1158 2484 exaratus
1171 2441 1244 2484 saec.
1257 2430 1312 2493 iili.

311 2525 349 2600 i⁰
380 2524 555 2605 Fulberti
588 2526 835 2607 Cornotensis
865 2528 1039 2630 episcopi
1070 2528 1148 2607 vita
1165 2526 1271 2605 beati
1289 2524 1443 2627 Aegidii

357 2648 510 2728 abbatis
528 2650 605 2751 (fol.
627 2652 767 2752 i‘·5¹i.*

307 2778 347 2855 2⁰
363 2780 448 2859 Vita
465 2780 569 2859 beati
589 2781 749 2859 Ethbini
768 2782 1003 2863 confessoris
1020 2783 1099 2884 (iol.
1120 2782 1237 2884 lif-tii).

242 2913 290 2968 bd.
305 2915 371 2968 Act.
384 2915 441 2983 SS,
455 2914 530 2967 add.
547 2918 577 2968 iu
589 2918 658 2981 Oct,
674 2923 740 2970 torn.
754 2919 820 2984 vili,
834 2932 860 2985 p.
874 2920 979 2972 lei-88.

307 3012 347 3089 3⁰
365 3014 497 3092 Passio
515 3023 669 3092 sanctae
688 3014 904 3094 Christinee
921 3015 1083 3117 virginis
1099 3015 1177 3116 (fol.
1198 3014 1368 3115 diditi*

306 3136 347 3212 4⁰
364 3136 449 3215 Vita
466 3147 620 3218 sanctae
637 3137 776 3217 Mariae
795 3139 1042 3241 Magdalenae
1060 3138 1142 3240 (iol.
1165 3139 1334 3240 iil-liii).

242 3270 350 3323 Scilicet
362 3272 394 3334 a)
406 3271 537 3339 Prologus
548 3272 634 3326 Licet
641 3273 846 3339 plerisque...
868 3273 1005 3339 sufficiat
1025 3273 1068 3326 ed.
1083 3287 1128 3338 ap.
1150 3272 1265 3338 Faiiion,
1286 3278 1353 3325 torn.
1366 3273 1399 3336 ll,
1413 3285 1443 3337 p.

207 3370 257 3422 ltu
269 3368 342 3423 med.
356 3387 363 3435 ;
375 3369 402 3433 b)
414 3371 526 3424 initium
539 3372 675 3425 sermonis
687 3373 714 3424 S.
728 3372 828 3425 0donis
840 3372 924 3437 (Fuit
937 3372 1079 3439 igitur...
1097 3371 1156 3430 Qui
1172 3369 1253 3424 milti
1271 3370 1439 3424 ministrat

208 3481 257 3521 me
267 3470 435 3535 aequatur),
449 3469 493 3522 ed:
508 3470 586 3535 ibid,
600 3485 626 3536 p.
640 3472 689 3524 560
702 3472 833 3525 exin-iiiii
844 3477 914 3524 extr.
927 3490 934 3535 ;
947 3473 973 3535 c)
985 3472 1059 3525 Post
1068 3471 1247 3525 dorntoicoe
1266 3470 1368 3537 igitur
1377 3471 1443 3537 glo·

207 3567 293 3620 riam
313 3568 589 3623 resurrectionis...
611 3570 738 3636 ut-ibid.‚
752 3585 780 3636 p.
802 3572 958 3637 ibe-best)
978 3570 1259 3639 appropinquante
1274 3582 1349 3624 vero
1368 3572 1444 3623 teto·

204 3679 324 3735 peren„
338 3668 395 3720 lere
407 3671 438 3719 ut
449 3668 527 3734 ibid,
540 3683 568 3734 p.
580 3671 630 3722 lli
641 3671 781 3723 exin-ild
799 3670 872 3723 med.

306 3765 346 3841 5⁰
364 3764 579 3843 Translatio
599 3766 734 3845 beatae
753 3768 894 3846 Mariae
924 3767 1172 3869 Magdalenae
1203 3767 1255 3845 ad
1271 3767 1442 3846 Vicelia-

354 3911 445 3966 cum
462 3890 699 3969 coenobium
717 3891 794 3992 (iol.
818 3892 983 3994 liu-idq

241 4024 308 4074 i'ere
320 4026 352 4074 ut
362 4020 441 4085 ibid..
454 4036 481 4088 p.
496 4025 599 4075 titt-ua.
612 4024 741 4090 Sequitur
752 4023 784 4091 a)
803 4026 927 4079 Narratio
947 4025 991 4078 ed.
1014 4037 1096 4091 supra
1117 4038 1150 4078 ex
1163 4025 1224 4078 cod.
1239 4026 1316 4090 bibi,
1335 4028 1439 4093 torni,

206 4135 235 4187 p.
247 4122 306 4188 590,
321 4134 348 4173 n.
364 4123 395 4187 i;
409 4119 436 4185 b)
446 4120 503 4174 Sed
514 4123 544 4175 et
558 4121 643 4175 illud
652 4123 774 4177 interea
787 4125 1137 4179 commemorandum...
1146 4126 1336 4192 sanctaeque
1346 4125 1441 4178 iltius

205 4220 350 4289 famulae
361 4221 484 4276 Mariae
495 4222 705 4290 Magdotenae
716 4224 913 4280 devotissime
921 4225 1032 4280 obtulit
1052 4226 1178 4292 (Faillom
1191 4231 1258 4278 tom.
1277 4225 1336 4292 cit,
1349 4240 1378 4292 p.
1390 4228 1440 4280 'lbi

206 4323 346 4387 extr.·¹lii,
359 4319 408 4373 lin.
424 4322 473 4386 ll).

304 4419 343 4496 6⁰
361 4418 445 4497 Vita
474 4420 777 4521 gloriosissimae
807 4423 977 4502 Marthae
1012 4422 1154 4501 Christi
1190 4423 1385 4524 hospitae,
1414 4446 1436 4501 a

354 4542 465 4621 beatu
483 4543 653 4621 Marcilla
684 4548 766 4645 ejus
797 4544 941 4623 famula
970 4555 1009 4624 et
1038 4546 1159 4623 liliola
1195 4546 1235 4622 in
1263 4546 1465 4627 hebraeo
