3316 5482
535 284 542 317 l

421 361 513 413 ema.
533 361 616 412 aar.
636 361 753 413 sams.
771 381 818 394 -
833 362 989 414 seruus.
1009 360 1056 411 au
1073 360 1151 412 con.
1170 356 1247 411 5317.
1389 344 1454 410 173

251 532 373 584 summu
383 529 574 599 incipiamus
585 544 653 586 esse
664 531 744 600 quod
763 545 826 586 non
843 544 963 601 samias,
985 531 1105 587 Christo
1122 532 1290 585 attestante
1310 529 1364 597 qui
1382 528 1452 582 ait:

255 625 364 685 Qtimtt
374 630 561 698 uenirepost
572 644 629 699 me,
645 631 772 700 aoneqet
789 632 988 699 semetipsum
1005 635 1035 686 et
1058 631 1151 686 tollat
1172 642 1296 686 crucem
1312 640 1404 683 suam
1421 630 1454 683 et

250 730 371 793 maur
380 743 438 785 nse.
450 731 531 799 arpo
542 744 631 785 omne
641 731 754 786 bonum
765 731 801 785 in
811 744 931 786 summo
946 733 1003 786 Deo
1015 731 1207 799 mnndum
1218 731 1274 784 est.
1287 729 1359 782 Ideo
1370 727 1449 793 copi·

250 824 327 881 mum
342 841 459 898 seraper
478 831 627 885 ultimum
647 831 750 885 nostri
769 830 870 886 obitus
890 831 982 900 diem,
1006 843 1152 886 ommmns
1176 831 1272 899 finem
1293 831 1448 895 nostrum,

222 920 440 993 5t⁰ttporsamus
460 930 558 985 uitam
578 931 730 999 suestram,
752 933 782 986 et
803 933 957 999 quantum
976 931 1091 986 incerti
1105 944 1214 985 samus
1235 929 1335 983 dedic
1349 928 1451 984 obitus

248 1027 466 1096 aucupantem
481 1030 597 1098 parati
616 1030 715 1084 simus
736 1031 771 1084 in
782 1031 1012 1099 enspeetaume
1029 1031 1129 1098 iltius,
1142 1031 1179 1084 nt
1195 1029 1453 1098 quandocumque

245 1127 347 1197 umuli,
359 1130 485 1197 eoiqilet
496 1130 575 1199 fides
586 1133 707 1197 nostra,
720 1131 909 1198 oiqilantiae
924 1130 1106 1199 praemium
1117 1130 1155 1184 de
1166 1130 1296 1184 Domino
1316 1130 1453 1195 receptu·

244 1234 285 1276 ra.
297 1227 519 1283 domideremus
538 1231 568 1283 et
583 1243 752 1298 pensemus
772 1231 926 1298 qnantum
937 1230 1103 1284 districtus
1114 1230 1268 1283 venturus
1288 1232 1334 1283 est
1347 1227 1454 1294 judea

244 1327 335 1396 mter,
346 1329 473 1396 quinon
484 1330 586 1384 solum
598 1342 727 1397 operum
739 1330 793 1385 sed
809 1329 1035 1398 recitationum
1047 1331 1187 1385 exactor'
1198 1327 1373 1397 apparebit.
1392 1327 1449 1381 Sed
1501 1330 1511 1350 ·
1525 1329 1591 1383 cod.

203 1422 231 1474 ¹⁰
246 1433 405 1493 mansuer
424 1428 591 1483 Dominum
610 1433 646 1482 ut
666 1429 709 1483 ad
729 1428 842 1483 donum
862 1429 1043 1497 faciundam
1064 1440 1201 1484 crescere
1219 1441 1272 1482 aas
1290 1427 1402 1496 faciat,
1415 1428 1449 1480 nt
1479 1399 1616 1449 mum·

242 1528 388 1593 emperia
404 1529 683 1599 metiusproficere
702 1531 847 1598 canatis,
859 1532 889 1584 et
901 1531 957 1599 qui
969 1530 1055 1584 dedit
1074 1528 1159 1583 uobis
1179 1529 1308 1583 initium
1329 1539 1451 1584 conaer-

238 1619 329 1695 sionis,
339 1627 406 1696 ipse
417 1627 556 1682 tribuere
566 1629 994 1698 diqneturperseuerantiam
1011 1628 1152 1696 actionis,
1170 1629 1246 1696 quia
1263 1641 1353 1683 omne
1372 1639 1451 1696 opus

239 1717 333 1779 bouum
341 1727 374 1780 in
383 1727 447 1795 fine
454 1728 607 1783 consistit.
617 1729 688 1784 Non
697 1731 829 1785 latescat
840 1741 999 1797 munuera
1009 1742 1071 1784 nou
1081 1728 1223 1783 turbetur
1239 1729 1450 1793 coroestrum,

239 1816 358 1880 viriliter
368 1826 463 1895 avite,
475 1830 505 1882 et
516 1828 623 1882 omnia
632 1831 737 1883 vestra
748 1842 821 1885 cnm
831 1829 967 1885 caritate
977 1829 1068 1897 fiant.
1081 1827 1236 1882 Laborate
1247 1827 1282 1880 in
1294 1828 1449 1894 qnantum

196 1916 358 1988 ¹5P0tettts‚
379 1925 456 1994 quia
481 1939 545 1982 non
565 1927 678 1982 dedetis
695 1930 844 1983 aratrum
864 1930 998 1983 umentes
1016 1929 1102 1982 retro
1121 1925 1285 1995 respicere,
1308 1925 1342 1978 id
1362 1927 1409 1979 est
1430 1937 1450 1979 a

242 2025 334 2079 sancta
355 2025 467 2091 reputa
488 2026 531 2080 ad
547 2028 714 2094 peccatum
734 2030 898 2082 reuertere.
919 2029 999 2095 arpo
1018 2026 1191 2095 optandum
1210 2024 1294 2080 nobis
1314 2026 1360 2079 est
1379 2037 1451 2080 cnm

242 2123 529 2180 nundinantium
539 2126 582 2179 cd
594 2128 724 2181 caeleste
735 2139 867 2194 requam
879 2125 1042 2196 festinare,
1057 2126 1092 2179 in
1108 2138 1168 2193 quo
1179 2137 1283 2180 uocem
1295 2123 1451 2179 desidera-

242 2209 315 2275 bilem
325 2223 441 2278 audem
451 2225 646 2293 mereamini,
659 2227 697 2280 de
708 2239 769 2293 qua
782 2227 934 2281 Dominus
946 2226 1024 2280 dicit
1039 2225 1168 2292 :Venite,
1179 2223 1330 2279 benedicti
1342 2223 1451 2278 Patris

241 2320 297 2388 mei,
303 2323 455 2391 percipite
465 2337 597 2391 requam
608 2327 689 2393 qnod
700 2326 784 2380 nolis
789 2328 945 2394 paratum
956 2328 1002 2380 est
1013 2325 1052 2379 ab
1064 2325 1188 2394 oriqine
1204 2323 1326 2378 mnndi.

203 2408 230 2460 ²⁰
264 2416 310 2474 80.
328 2422 376 2475 llis
386 2422 466 2476 dictis
478 2430 505 2478 et
524 2425 656 2479 tratribus
676 2425 841 2493 instructis,
854 2426 925 2480 laeto
946 2425 1038 2480 animo
1051 2438 1136 2478 cursu
1155 2425 1227 2477 vitae
1240 2437 1305 2477 suae
1327 2422 1449 2490 impleto,
1504 2417 1614 2498 'cod‘

240 2520 364 2588 completis
376 2523 504 2576 omnibus
516 2525 660 2578 virtutibus
670 2538 738 2592 quas
748 2538 797 2591 per
808 2526 886 2578 illum
898 2525 1029 2579 Dominus
1041 2536 1155 2591 operare
1167 2522 1293 2592 dignatus
1305 2526 1356 2588 est,
1368 2522 1450 2591 longo
1468 2489 1640 2540 emmens·

237 2622 882 2692 vetustatisscniotessus,leliciremeatu,cunctis
890 2639 922 2680 ac
930 2625 1040 2680 famulis
1049 2626 1175 2678 lacrimas
1183 2622 1450 2679 unaetfundentibus

234 2720 295 2774 etad
306 2725 408 2775 terram
420 2722 545 2777 similiter
556 2725 803 2790 prosternentibus,
815 2725 922 2779 beamm
935 2725 1055 2778 animam
1072 2723 1147 2777 unde
1159 2728 1281 2789 venerat,
1295 2721 1340 2775 die
1358 2722 1450 2776 kalen·

230 2815 318 2873 darum
333 2820 405 2888 julii,
418 2821 537 2888 impletis
550 2828 661 2878 centum
681 2824 841 2892 quindecim
853 2825 942 2890 antris,
954 2824 989 2878 ad
1006 2823 1124 2878 caeleste
1145 2835 1260 2892 regnum
1281 2835 1344 2876 cum
1361 2822 1448 2876 beatis

187 2895 212 2956 Β
230 2921 339 2988 meritis,
349 2927 431 2989 quae‘
440 2923 470 2975 in
478 2924 530 2977 hoo
539 2924 649 2979 saeculo
659 2937 709 2991 pro
719 2925 805 2979 nimio
815 2924 909 2978 labore
919 2925 1079 2992 promeruit,
1090 2923 1202 2977 tradidit
1213 2924 1243 2975 in
1259 2935 1358 2975 manus
1366 2934 1447 2989 ange·
1503 2931 1591 2987 ⁶00q,

227 3017 320 3074 lorum.
334 3022 418 3087 cujus
429 3023 621 3089 corpusculum
634 3025 663 3076 in
684 3029 779 3078 sancto
791 3026 958 3078 monasterio
970 3025 1022 3078 sub
1043 3038 1091 3091 spe
1109 3025 1216 3077 futurae
1239 3021 1447 3076 resurrectionis
1508 3011 1587 3065 ΨΜ·

225 3119 340 3184 positum
353 3125 404 3174 est.
421 3124 451 3174 ln
463 3135 517 3189 quo
530 3123 591 3177 loco
611 3124 716 3176 meritis
728 3124 802 3177 illius
815 3127 886 3178 Deus
906 3124 1092 3191 omnipotens,
1105 3124 1152 3190 qui
1171 3129 1300 3190 operatur
1311 3122 1403 3175 omnia
1420 3121 1448 3173 in

224 3219 360 3286 omnihus,
373 3220 589 3275 innumerabiles
601 3224 713 3276 virtutes
725 3222 892 3290 adimplevit.
906 3222 960 3276 Sed
972 3222 1129 3276 mirandum
1147 3220 1226 3275 valde
1243 3227 1285 3274 est
1296 3233 1348 3288 qua
1366 3220 1450 3274 felici·

222 3323 275 3373 tate
295 3322 387 3374 anima
399 3324 459 3388 ejus
477 3323 645 3377 ascendebat
654 3324 684 3377 in
705 3325 821 3391 caelum,
835 3325 872 3378 ita
883 3327 914 3377 ut
926 3325 1025 3378 tratres
1046 3325 1106 3390 elus
1126 3322 1285 3390 sepulturae
1305 3321 1451 3388 obsequias

187 3408 197 3456 ὓ
221 3425 414 3486 praeparantes
426 3422 577 3477 audiebant
594 3425 693 3478 choros
712 3425 873 3494 angelorum
886 3430 912 3479 et
924 3424 1152 3492 archangelorum
1171 3424 1287 3489 hymnos
1299 3423 1328 3475 in
1341 3421 1451 3475 excelso

221 3515 399 3575 decantantes
411 3534 467 3575 una
478 3536 556 3589 soce,
569 3536 624 3577 una
637 3523 835 3591 modulatione,
848 3537 906 3580 uno
924 3528 1070 3587 concentu,
1084 3524 1204 3576 animam
1217 3523 1276 3590 ejus
1287 3525 1450 3577 venerantes

221 3615 278 3670 sine
297 3617 514 3685 intermissione,
534 3634 677 3689 quousque
694 3623 723 3675 in
746 3622 852 3677 caelum
871 3623 1051 3676 intraverunt.
1077 3625 1184 3675 Fratres
1204 3634 1269 3675 vero
1294 3618 1449 3683 audientes,

221 3717 317 3780 gmoas
330 3721 385 3773 lteo
398 3719 564 3784 referebant,
579 3719 722 3775 dicentesr
739 3721 926 3776 Benedictus
944 3721 1105 3789 Dominus,
1118 3719 1174 3788 qui
1187 3719 1330 3773 animam
1348 3717 1451 3773 nostri

217 3815 355 3878 pastoris
367 3828 440 3872 cum
460 3815 585 3883 hymnis
596 3820 626 3871 et
638 3817 741 3873 choris
753 3821 783 3873 et
793 3819 929 3875 canticis
940 3817 1142 3886 spiritalibus
1153 3817 1291 3885 recipere
1301 3816 1450 3883 dianatus

187 3902 200 3954 ἱ
224 3915 309 3968 estin
326 3918 461 3971 caelum.
474 3918 506 3970 tlt
518 3931 568 3972 nos
586 3920 645 3972 sine
660 3918 744 3973 dubio
765 3918 961 3974 madescimus
979 3917 1122 3986 quod·ille
1143 3918 1307 3971 intercessor
1328 3916 1379 3969 erit
1400 3924 1449 3981 pro

226 4014 295 4067 nolis
306 4016 341 4069 ad
354 4016 511 4084 Dominum,
531 4019 575 4072 cui
587 4024 629 4072 est
648 4020 736 4074 honor
757 4018 891 4086 etqlorla
912 4021 1033 4085 potestas
1055 4022 1081 4072 et
1099 4015 1246 4084 imperium
1268 4029 1316 4082 per
1337 4011 1446 4066 infinita

227 4116 390 4172 saeculorum
403 4116 522 4171 saecula.
534 4119 632 4172 tmen.
