3316 5482
218 359 285 426 234
557 371 686 423 aaran.
704 372 807 423 oonn.
826 372 1000 425 murone.
1020 373 1102 426 aar.

217 544 346 600 videlicet
363 544 447 598 lixum
467 548 494 597 et
514 542 672 597 inviolabile
694 541 792 596 foedus
813 542 955 597 inanimo
978 548 1181 610 perseverante,
1202 548 1258 599 tam
1279 536 1450 620 venerabiW

217 645 343 699 monachi
364 656 446 711 qnam
466 643 586 711 religiosi
604 655 699 696 eorum
721 642 793 709 laici,
807 643 890 696 malle
911 656 942 697 se
963 643 1019 712 pati
1032 642 1118 697 satius
1137 643 1261 712 quidque
1279 645 1413 712 penuriae
1428 632 1457 685 ⁶

161 748 164 753 '
215 758 265 799 sun
277 748 376 798 cuncta
388 742 545 810 expendere
557 747 639 809 atque
651 741 686 796 ad
698 746 844 809 egestatem
857 742 958 810 redire,
971 743 994 795 si
1007 742 1041 797 ad
1053 744 1163 811 propria
1176 756 1233 799 non
1245 748 1361 811 possent
1371 744 1463 813 τορθ

215 845 291 911 dare,
307 857 389 911 quam
402 847 450 897 aut
460 843 568 896 comitis
581 842 706 909 potestati
718 846 766 895 aut
779 841 915 908 pontilicis
927 843 1090 910 subjectioni
1103 856 1132 897 se
1145 842 1286 898 traderent
1298 844 1470 913 morenos·

213 945 291 999 veriti
308 942 419 1011 quidem
436 956 480 1009 ne,
500 947 644 1010 postquam
666 942 757 1008 lupata
778 946 938 1008 paterentur
958 942 1046 1010 trena,
1069 955 1132 996 cara
1151 948 1311 998 sanctorum
1332 927 1487 1015 pignori

214 1049 376 1112 raperentur
388 1056 483 1097 eorum
497 1043 557 1095 sine
569 1043 688 1096 lieentia.
698 1043 792 1109 ltaque
805 1054 922 1109 propere
934 1047 1032 1097 euntes
1044 1040 1074 1095 in
1089 1046 1254 1097 tirannorum
1264 1046 1487 1114 regnaturo

213 1145 270 1198 lum
284 1144 493 1197 serenissimum
504 1141 632 1195 adierunt
643 1155 745 1210 regern.
759 1145 844 1207 Quem
856 1146 926 1195 nutu
946 1142 992 1196 bei
1004 1142 1166 1209 placabilem
1184 1148 1269 1211 atque
1289 1142 1487 1200 benivoluffl

214 1243 395 1308 invenientes,
408 1242 434 1295 ei
455 1241 585 1295 dixerunt
608 1254 638 1295 se
658 1242 686 1293 in
707 1239 798 1308 aliqua
821 1242 899 1307 regni
920 1241 981 1308 eius
993 1246 1069 1308 parte
1080 1242 1151 1296 velle
1170 1243 1253 1297 vitam
1265 1243 1378 1313 degere,
1390 1243 1487 1314 poss

216 1347 301 1397 beum
314 1344 429 1409 ejusque
448 1346 556 1395 sanctos
576 1342 604 1393 in
619 1342 680 1408 ejus
691 1338 832 1394 dumtaxat
849 1342 944 1394 tutela.
959 1342 1062 1405 Quibus
1081 1342 1161 1396 hilari
1182 1342 1259 1396 vultu
1282 1345 1427 1412 respondit

211 1443 322 1498 Libens
341 1443 424 1496 certe
443 1442 524 1509 qaod
548 1439 633 1495 vobis
652 1453 775 1495 neeesse
795 1439 895 1510 faerit
914 1440 1127 1495 amicabiliter
1153 1441 1342 1513 impertiar,
1365 1446 1396 1499 et
1412 1454 1487 1500 ss

213 1555 304 1611 anem
315 1540 399 1596 vobis
411 1539 546 1618 habilem
565 1539 684 1594 nostris
696 1540 730 1593 in
743 1539 859 1609 finibus
871 1540 960 1595 nacti
975 1540 1051 1594 estis
1064 1540 1276 1609 incommodis
1288 1542 1487 1601 intimate*-

214 1643 247 1696 tJt
258 1641 336 1709 copia
357 1640 432 1695 tandi
445 1640 508 1695 data
529 1646 579 1705 est,
593 1655 685 1695 coram
699 1641 898 1708 respondentes
919 1640 1047 1694 dixerunt
1059 1641 1105 1694 ei:
1123 1642 1215 1696 oren
1234 1641 1487 1697 serenissime*

210 1754 271 1810 per
281 1743 398 1807 napata
416 1741 533 1795 itinera
540 1741 634 1809 passi
653 1754 764 1795 samus
784 1742 898 1795 malta.
910 1741 988 1795 Inde
1007 1741 1064 1793 oia
1074 1742 1183 1808 erepti,
1195 1752 1253 1795 nos
1264 1741 1348 1795 Deris
1358 1728 1487 1797 misi&

214 1841 256 1895 ad
267 1854 329 1909 oos,
341 1854 397 1895 nee
408 1840 526 1895 mimas
535 1841 636 1893 oestro
649 1840 793 1894 dedecori
803 1851 909 1907 repno.
919 1839 1064 1893 Venimus
1074 1852 1095 1893 a
1101 1839 1225 1909 patria,
1234 1852 1300 1894 non
1310 1843 1487 1909 efferente

214 1953 271 1995 rrec
287 1940 378 2008 foeda
396 1940 496 1995 coacti
502 1940 652 2007 penaria,
664 1941 719 1994 sect
737 1940 840 1994 nimia
852 1938 1101 2008 frequentatione
1116 1939 1219 2006 pentir
1238 1940 1487 1997 Nortmanno‘

215 2051 289 2093 ram
309 2042 450 2094 emtorres
465 2053 576 2094 sancies
595 2039 741 2106 expulsi,
753 2041 847 2106 atque
866 2052 930 2092 aaa
947 2038 1106 2094 nobiscnm
1120 2037 1295 2106 deserimus
1314 2040 1487 2095 mach-⁴

216 2140 315 2193 simas
334 2142 427 2207 atque
446 2139 538 2194 valde
555 2139 740 2194 carissimas
752 2140 808 2192 Dei
826 2139 992 2206 penitricis
1005 2138 1141 2206 cirpinis
1157 2138 1280 2192 Mariae
1291 2137 1487 2207 reliquias*

200 2253 388 2309 ‚corpusque
403 2240 508 2294 sancti
527 2239 710 2309 Pbiliberti,
731 2252 812 2307 qnae
834 2240 891 2293 or'n
911 2239 1108 2307 rapuimnsa
1128 2237 1321 2293 volventibus
1340 2240 1445 2293 atrata

214 2340 381 2407 calipinem
400 2341 603 2407 flammarum
621 2339 784 2393 incendiis.
798 2340 903 2407 Iaitar
921 2339 1076 2407 supplices
1097 2351 1226 2393 orans-ns
1245 2341 1283 2406 te,
1296 2337 1445 2393 mamere

213 2439 359 2509 fatipatis
378 2452 438 2507 per
457 2441 572 2494 maltos
592 2452 693 2493 anctos
712 2439 827 2508 positis
847 2440 881 2492 in
905 2442 948 2494 tot
967 2451 1076 2493 reram
1093 2439 1259 2507 periculis,
1280 2438 1443 2493 consolare

212 2539 410 2608 christicolis,
423 2540 553 2595 eorwede
566 2541 667 2594 merem
682 2540 775 2593 lassis
787 2538 883 2593 nimis
894 2538 1040 2607 fatipatis
1051 2552 1073 2592 a
1085 2539 1180 2593 terres
1187 2537 1333 2607 propriis
1345 2538 1442 2592 invite

212 2638 325 2707 mactis,
335 2639 377 2693 eta
390 2640 492 2694 sedem
500 2638 697 2707 pascentibus
709 2638 864 2706 reliqniis.
874 2639 957 2692 Nam
969 2640 1050 2693 Dens
1062 2641 1092 2692 te
1103 2638 1137 2692 in
1148 2640 1214 2692 atto
1226 2638 1356 2705 imperii
1365 2637 1442 2707 sepi

211 2736 409 2803 mineposait
429 2741 568 2791 criseam
590 2738 751 2791 exaltares
771 2736 932 2791 ecclesiam
952 2738 982 2789 et
1001 2736 1062 2789 sibi
1075 2735 1241 2803 praeberes
1253 2734 1440 2791 nonoremet

210 2836 284 2889 taae
297 2835 446 2889 utilitatis
463 2836 496 2888 tn
509 2835 621 2903 salaro
638 2834 1034 2902 reciperesptoriam.1aeo
1055 2837 1083 2888 te
1096 2848 1151 2889 sno
1172 2834 1332 2889 exaltavit
1349 2834 1442 2902 impe·

210 2935 268 3003 rio,
287 2937 321 2988 nt
341 2938 375 2988 ta
397 2936 431 2988 in
452 2936 519 3002 aas
539 2938 703 3002 corispectn
724 2934 854 2988 tramitis
875 2948 1056 3001 appareres.
1079 2935 1181 3001 Huius
1201 2934 1315 2988 mandi
1334 2931 1481 3002 ploriass

210 3034 483 3102 einsqnepatentia
494 3034 614 3088 labitur
622 3033 785 3088 subitanea
794 3036 823 3087 et
831 3034 1064 3109 sailsecatorene
1073 3035 1114 3088 ad
1124 3033 1369 3102 irreparabilem
1375 3046 1443 3102 pen

210 3133 311 3187 trabit
332 3138 470 3189 mortem.
484 3135 596 3188 Paleis
611 3134 771 3209 bominum
792 3136 821 3187 et
842 3134 924 3188 cinis
944 3134 979 3186 in
997 3134 1112 3187 ultima
1132 3133 1185 3187 die
1206 3132 1350 3187 destricti
1372 3146 1442 3189 aera

210 3234 482 3299 escaminejmiicis
499 3237 661 3300 reserpent
680 3233 776 3288 terris
796 3233 833 3287 ab
855 3233 925 3287 imis
936 3251 944 3301 ;
957 3233 1011 3287 sed
1022 3233 1099 3302 qnid
1106 3233 1237 3301 prodest
1247 3232 1354 3301 malis,
1368 3234 1444 3288 dam

210 3331 278 3395 ejas
290 3331 461 3400 vivificatio
474 3332 649 3384 truculento
663 3334 777 3385 tortore
789 3331 927 3397 duplicis
934 3344 1054 3398 poenae
1065 3333 1220 3401 aupeatnr
1232 3344 1302 3386 cam
1312 3331 1444 3400 impiis!

213 3431 409 3485 Resurrectio
420 3430 650 3484 verobonoram
666 3430 812 3497 praeterit
832 3430 1009 3498 bominum·
1022 3431 1096 3498 quia
1114 3431 1224 3484 anima
1243 3444 1315 3485 erem
1333 3444 1443 3487 eoram
1459 3436 1487 3488 itt

212 3545 340 3599 corpore
361 3530 648 3585 immarcescibilem
669 3531 821 3598 recipiens
841 3544 998 3599 emonam,
1012 3531 1126 3585 videbit
1137 3544 1260 3585 samma
1271 3532 1395 3599 candia
1412 3537 1444 3590 et

211 3636 340 3686 aeterna
348 3631 505 3699 praemia.

243 3734 289 3784 11.
304 3734 358 3784 ileu
370 3731 563 3784 serenissimus
576 3731 712 3783 liuroluso
726 3737 819 3785 contra
833 3731 940 3797 placido
952 3745 999 3786 oro
1012 3733 1106 3799 paucis
1116 3733 1155 3785 sio
1168 3732 1339 3798 respondens
1352 3733 1443 3788 dixit:

209 3831 352 3886 Libenter·
364 3832 445 3898 arcad
465 3830 562 3883 virttis
580 3830 709 3899 faciam,
722 3830 889 3898 opibusque
908 3833 985 3886 meis
1005 3832 1180 3885 subsidium
1192 3831 1344 3898 tribuam,
1357 3832 1444 3890 nabis

208 3931 300 3983 lassis
319 3929 522 3999 refriperiam
539 3930 678 3983 reddam.
692 3930 787 3995 simul,
803 3931 844 3983 bis
857 3931 946 3999 illotis,
960 3945 1009 3998 per
1022 3931 1112 3999 regale
1131 3937 1306 3998 praeceptum
1318 3935 1440 3989 Trenor·
1457 3937 1487 3989 ll

207 4030 299 4081 eblum
315 4029 411 4082 cellam
424 4029 510 4081 sancti
521 4028 656 4080 Valeriani
669 4029 714 4081 Ilei
725 4030 860 4097 martyris,
874 4043 956 4096 quam
970 4030 1021 4095 ipsi
1035 4031 1158 4082 seniores
1167 4031 1286 4097 propriis
1300 4032 1443 4089 thesauris

208 4134 302 4195 postea
316 4129 424 4196 largiter
436 4128 679 4195 arnplitioaierunt,
693 4136 788 4184 sancto
800 4130 910 4184 tradidit
932 4129 1090 4184 Plriliberto.
1104 4133 1189 4184 Tanta
1202 4143 1268 4184 suae
1280 4132 1445 4189 benivolen-

208 4228 260 4281 tiae
280 4227 406 4281 auiditate
425 4228 477 4280 boo
499 4227 562 4280 lecit
583 4232 612 4279 ut
635 4242 685 4280 nec
706 4231 785 4281 etiam
807 4228 926 4296 sigillum
947 4243 1025 4282 cerae
1044 4230 1192 4296 impressit,
1210 4228 1259 4283 sed
1280 4230 1444 4299 byzantium

208 4339 323 4380 aureum
336 4328 504 4393 perforatum
517 4340 567 4380 suo
580 4334 726 4393 praecepto
738 4328 796 4381 loro
809 4328 948 4394 pependit,
962 4330 1110 4382 ostendens
1129 4328 1236 4382 firmum
1248 4330 1321 4384 selle
1333 4345 1400 4388 esse
1416 4341 1445 4388 et

208 4427 306 4479 stabile
318 4427 390 4494 quod
404 4428 463 4492 eius
477 4428 603 4492 majestas
616 4428 673 4481 beri
687 4429 861 4481 decrevisset.
870 4431 971 4494 Aspera
985 4431 1083 4482 ceteris
1096 4430 1235 4498 ferrugine
1245 4431 1367 4486 metallis
1380 4447 1444 4489 exe
1460 4438 1487 4491 tt

206 4527 254 4587 sis,
266 4539 363 4579 aurum
376 4539 460 4592 prope
472 4534 634 4592 perpetuum
647 4532 738 4580 rnnnct
750 4533 831 4594 atquc
844 4529 1017 4595 inviolabile3
1031 4529 1094 4582 idco
1107 4530 1238 4583 decenter
1250 4543 1353 4584 aurum
1367 4547 1445 4588 corn·

208 4632 320 4690 paratur
340 4626 406 4692 regi,
420 4627 483 4692 quia
505 4629 565 4694 ejus
587 4627 668 4680 verba
689 4627 779 4692 operis
802 4628 909 4681 actione
927 4627 992 4680 boni
1012 4641 1073 4681 esse
1091 4627 1193 4682 debent
1210 4626 1262 4683 flua
1275 4631 1447 4689 necdecent
