3316 5482
343 340 411 409 320
690 355 814 407 aaran
833 354 936 406 cono.
954 353 1131 406 naerens.
1148 353 1230 405 nar.

493 581 611 650 Passio
628 582 662 650 S.
683 581 970 672 Fcoscruu1((lir.
989 602 1101 671 supra,
1119 601 1152 668 p.
1172 581 1252 661 306,
1269 579 1340 664 24⁰)
1356 578 1424 668 (1).

602 799 733 874 Incipit
745 800 826 862 vita
840 799 940 862 boati
955 797 1121 861 Flosoelli
1135 795 1327 871 mombis,

379 978 406 1031 1.
421 977 579 1032 Passionem
591 978 663 1031 beati
680 977 803 1032 rioscelli
815 978 906 1046 pueri,
920 978 967 1046 qui
986 981 1108 1045 tempore
1124 975 1255 1030 Antonini
1268 973 1389 1028 caesaris
1401 978 1431 1029 et
1442 973 1585 1028 Uannia-

345 1077 374 1129 ni
384 1078 420 1144 li)
432 1077 540 1144 publice
552 1077 738 1144 praesentium
755 1078 807 1131 sub
830 1076 957 1145 praeside
977 1077 1120 1131 valeriano
1140 1088 1191 1142 pro
1209 1073 1263 1129 tide
1280 1074 1382 1128 christi
1401 1078 1519 1129 certans
1530 1073 1583 1142 pati

344 1177 506 1243 promeruit,
519 1176 634 1245 dignum
646 1176 774 1231 duximus
786 1177 934 1231 memoriae
952 1175 1156 1242 commendare,
1169 1179 1200 1228 ut
1217 1174 1341 1229 ridentes
1352 1173 1443 1229 divini
1455 1174 1581 1229 muneris
1595 1175 1611 1228 i

344 1275 477 1343 marutia
489 1287 538 1341 pro
550 1276 609 1342 ejus
632 1276 737 1329 bonore
758 1275 890 1329 miracula
910 1287 967 1329 non
988 1274 1078 1329 solum
1099 1271 1227 1328 laetiilcet
1244 1286 1358 1328 suorum
1370 1272 1584 1328 intercessionis

344 1374 517 1429 oraculorum
531 1372 701 1443 magnitudo,
714 1374 903 1429 verumetiam
922 1381 1062 1429 certarnen
1079 1375 1138 1442 ejus
1150 1386 1200 1442 per
1211 1386 1293 1428 omne
1305 1378 1446 1427 terrarum
1457 1373 1579 1441 matium

345 1471 498 1537 audientes,
511 1472 579 1526 baec
591 1472 716 1540 largienti
728 1471 890 1541 gratulando
902 1473 1004 1542 gratiae
1016 1472 1230 1527 interminabilis
1241 1473 1271 1526 in
1283 1471 1338 1526 tide
1350 1471 1519 1528 corroboret
1529 1471 1580 1527 oel-

346 1572 445 1626 situdo.
460 1574 572 1639 Semper
583 1572 657 1626 enim
670 1572 755 1626 bostis
767 1574 896 1640 antiquus
907 1577 1003 1627 contra
1014 1577 1136 1627 sancnm
1149 1571 1213 1625 iidei
1227 1571 1390 1640 religionem
1405 1571 1543 1627 satellites
1550 1584 1581 1627 ae

346 1672 487 1726 ministros
498 1672 673 1740 exporrigere
690 1678 805 1725 conatus
821 1677 880 1739 est3
893 1672 965 1725 inter
982 1685 1052 1740 quos
1069 1673 1209 1739 praetatus
1226 1684 1336 1739 praeses
1347 1671 1512 1727 Valerianus
1525 1685 1579 1727 una
1594 1671 1621 1725 to

346 1784 409 1826 cum
421 1772 561 1826 sodalibus
573 1772 632 1825 suis
642 1771 671 1824 in
684 1769 845 1824 crucifixum
858 1770 1001 1825 eredentes
1014 1785 1071 1826 non
1082 1771 1186 1826 destitit
1197 1772 1325 1826 atrociter
1334 1784 1448 1839 vexare,
1460 1784 1580 1841 arguens

346 1884 459 1925 neeum
476 1871 594 1937 amplius
614 1869 777 1923 molirentur
795 1869 920 1924 adorare.
945 1871 1151 1925 suscitaverunt
1172 1884 1238 1938 ergo
1258 1870 1422 1937 multiplicia
1442 1871 1580 1927 malorum

346 1971 489 2039 maleficia,
502 1984 574 2040 quae
586 1975 697 2025 sanctus
717 1972 863 2040 Gregorius
883 1973 1021 2039 quondam
1041 1972 1223 2040 destruxerat,
1242 1976 1269 2026 et
1286 1971 1469 2027 immolabant
1487 1971 1535 2028 dle
1548 1985 1580 2028 ae

349 2076 428 2126 nocte
444 2070 525 2125 idolis
535 2071 754 2139 daemoniorum,
767 2077 794 2124 et
806 2085 838 2125 ea
851 2085 907 2126 non
919 2073 1066 2126 cessabant
1076 2085 1187 2139 semper
1195 2071 1312 2126 adorare
1323 2072 1342 2139 ⁸,
1355 2072 1409 2126 boc
1420 2076 1465 2126 esi
1475 2071 1580 2127 idolum

229 2201 237 2229 ‚
271 2201 278 2217 ·
347 2170 479 2237 Apollinis
491 2175 517 2223 et
528 2170 640 2235 llianae,
652 2168 776 2223 lierouiis
787 2183 898 2237 quoque
910 2183 941 2224 ao
953 2172 1073 2237 Neptuni
1085 2171 1142 2224 slve
1151 2171 1301 2238 llinerrae,
1311 2170 1579 2238 quaeprorsasado·
1594 2169 1622 2223 it

347 2268 425 2322 rabat
437 2269 537 2322 Caesar
547 2268 702 2321 Antoninus
716 2281 779 2321 cum
791 2268 847 2321 suis
859 2269 987 2322 omnibus
999 2268 1171 2323 oonsulibus.

380 2369 412 2422 2.
426 2369 589 2423 murcavit
598 2367 691 2435 itaque
703 2370 802 2421 caesar
813 2369 923 2438 triginta
935 2373 963 2423 el
979 2373 1036 2423 tres
1054 2383 1164 2437 pueros,
1182 2374 1213 2423 ut
1224 2370 1385 2425 invocarent
1395 2369 1513 2425 vocibus
1523 2368 1579 2424 ido·

347 2470 374 2523 la
386 2469 547 2537 multiplicia
559 2475 586 2522 et
597 2468 788 2535 relinquerent
799 2470 829 2521 in
846 2469 962 2523 ecclesia
979 2468 1150 2524 cruoiilrum.
1168 2472 1246 2523 Tunc
1257 2482 1444 2537 praecurrens
1455 2469 1579 2525 bulini

348 2583 409 2623 mus
420 2569 578 2647 llloscellus,
600 2569 773 2636 congregatis
789 2569 918 2622 omnibus
935 2569 1001 2622 viris
1019 2569 1209 2623 ecciesiasticis
1226 2575 1253 2623 et
1264 2569 1346 2637 plebe
1357 2583 1422 2624 oum
1434 2568 1579 2635 ministris,

347 2668 437 2722 dixit:
454 2666 616 2724 darnsimi
625 2664 755 2734 fratres,
768 2664 866 2734 fortes
878 2667 951 2734 ciri,
964 2667 1027 2736 fide
1037 2667 1163 2722 Domini
1181 2668 1283 2723 nostri
1298 2668 1374 2723 Jesa
1394 2667 1514 2724 cbra'sli
1532 2681 1581 2724 ar·
1595 2669 1623 2723 si

346 2767 437 2834 mati,
449 2768 727 2822 steruusadaersus
747 2765 862 2819 bostare
880 2769 1034 2834 uestrum,
1054 2769 1083 2820 et
1103 2780 1165 2822 noa
1185 2767 1351 2823 timeamus
1371 2768 1580 2836 martyrium.

346 2871 497 2925 Memores
509 2867 592 2922 euim
604 2879 671 2921 esse
682 2866 826 2921 deleme
842 2867 928 2922 verbi
939 2867 1093 2935 veritatis,
1108 2881 1189 2936 quae
1205 2867 1292 2922 diarii
1304 2883 1313 2920 :
1326 2886 1341 2916 u
1352 2867 1460 2924 Nolite
1471 2868 1581 2923 tinam

346 2981 396 3024 eos
408 2968 463 3036 qui
473 2980 587 3034 corpus
598 2966 752 3032 occidant,
765 2966 908 3020 animam
919 2968 1023 3020 autem
1034 2979 1098 3021 uon
1103 2969 1237 3035 possunt
1247 2967 1396 3035 occidere,
1408 2967 1466 3022 sed
1471 2967 1582 3035 potius

347 3081 418 3122 eum
430 3067 534 3121 timete
546 3067 600 3134 qui
608 3068 710 3134 potest
729 3067 870 3120 arr-imam
882 3069 919 3120 ¹et
939 3079 1050 3134 corpus
1057 3066 1193 3134 perdere
1204 3067 1238 3120 iu
1253 3065 1437 3136 geliennam.
1452 3068 1518 3122 »lit
1528 3067 1580 3122 ite·

346 3178 419 3219 rum
429 3183 438 3221 .·
450 3183 466 3214 ιι
481 3164 585 3218 Omnis
602 3164 658 3231 qui
677 3164 873 3233 confitebitur
894 3177 943 3218 me
962 3178 1067 3220 coram
1087 3163 1274 3232 bominibus,
1294 3163 1464 3233 confitebor
1480 3167 1582 3233 elego
1596 3164 1626 3217 it

346 3278 417 3319 eum
429 3276 536 3319 coram
543 3265 638 3332 patre
649 3275 715 3319 meo
726 3262 782 3330 qui
793 3266 838 3316 est
850 3264 885 3316 iu
894 3264 999 3317 caelis.
1014 3283 1028 3310 ι
1041 3264 1099 3318 iiic
1111 3264 1195 3317 enim
1212 3263 1267 3331 qui
1283 3264 1370 3318 miris
1383 3264 1466 3318 tatia
1478 3276 1583 3333 repro

346 3363 619 3418 misitaoasolum
631 3361 770 3428 injurias
788 3362 1033 3417 innumerabiles
1049 3363 1209 3431 sustinuit,
1229 3375 1337 3417 cerum
1354 3363 1452 3417 etiam
1470 3375 1581 3432 oppro-

345 3463 423 3518 briis
435 3466 527 3530 atque
539 3461 739 3516 illusionibus
756 3459 920 3530 fatigatus,
939 3462 996 3530 figi
1007 3474 1068 3529 pro
1086 3461 1174 3516 nobis
1199 3463 1233 3514 in
1251 3474 1345 3524 craece
1360 3474 1423 3517 uon
1440 3462 1582 3530 distulit,

346 3565 445 3616 morie
458 3574 577 3631 quoque
596 3562 748 3629 superata
767 3573 824 3615 uos
844 3573 948 3614 ornum
969 3574 990 3616 a
1006 3560 1161 3628 perieritis
1181 3561 1320 3629 salvans,
1341 3562 1523 3617 aeternales
1539 3562 1584 3617 ad

168 3677 286 3732 *revixit
298 3679 323 3731 2,
349 3664 459 3731 cacas,
473 3662 557 3716 unde
567 3664 710 3729 eupales
723 3662 798 3715 olim
817 3659 992 3729 fueramus,
1011 3662 1204 3716 ascendendo
1220 3661 1342 3716 revenit
1352 3664 1372 3715 ·.
1390 3661 1498 3718 Nolite
1508 3675 1584 3732 erpo
1599 3663 1630 3717 it

350 3762 460 3816 dmm
472 3778 481 3816 .·
493 3762 536 3814 ite
548 3763 577 3814 et
588 3761 718 3814 adorate
729 3760 926 3828 fiducialiter
937 3761 1066 3814 Patren
1083 3761 1226 3815 incaelis
1238 3764 1402 3816 aeteruum
1413 3764 1444 3816 et
1456 3762 1582 3818 Filiam

348 3860 417 3928 dus
428 3861 533 3914 Jesum
548 3858 704 3914 Christum
715 3860 904 3913 salvatorem
921 3859 1041 3927 mundi,
1060 3858 1116 3927 qui
1122 3871 1183 3926 pro
1200 3859 1288 3914 uobis
1300 3859 1383 3914 mori
1393 3860 1507 3927 voluit,
1520 3860 1587 3929 Qi-

152 3972 162 3993 ·
175 3972 208 4039 (s,
222 3973 260 4040 qp
272 3986 299 4040 q,
310 3986 333 4027 s,
351 3961 450 4015 ritum
461 3961 605 4014 sanctum
617 3970 736 4025 quoque
744 3959 753 3978 '
762 3957 801 4012 ab
812 3961 943 4026 utroque
950 3959 1177 4026 procedentem,
1188 3958 1373 4013 mancatum
1384 3961 1543 4028 nostrum,
1551 3961 1588 4014 ist

218 4040 244 4106 θ’
257 4043 283 4094 3·
350 4060 473 4114 unitate
488 4057 607 4113 scilicet
624 4057 751 4110 deitatis
772 4060 802 4111 et
819 4056 962 4111 trinitate
977 4057 1194 4124 coaequalium
1207 4070 1438 4125 peremturum
1451 4059 1589 4115 adorate

349 4171 421 4214 eum
435 4157 574 4225 quiante
591 4158 729 4223 tempora
754 4155 857 4209 maus
874 4167 1016 4222 unusque
1032 4157 1062 4209 et
1080 4156 1114 4207 ia
1133 4156 1239 4210 omnia
1257 4155 1456 4225 dignoscitur
1467 4157 1586 4227 amqaoe
1604 4158 1637 4212 ib

349 4259 432 4312 meta
443 4269 577 4325 regnare
583 4267 644 4324 per
655 4256 794 4310 saecula.

384 4355 415 4408 8.
428 4357 500 4408 ilaec
512 4359 541 4406 el
552 4352 595 4405 bis
607 4352 706 4405 similia
719 4353 799 4406 beato
812 4351 946 4406 rioscella
961 4353 1091 4406 omnibus
1109 4354 1167 4406 suis
1183 4353 1379 4409 consodalibus
1397 4355 1522 4423 dicente,
1541 4371 1589 4413 cu·

383 4520 418 4586 (ι)
430 4522 515 4585 nanc,
528 4523 558 4572 ιι
570 4477 738 4583 monuimus,
752 4516 859 4570 erimus
870 4529 903 4570 ex
914 4516 994 4570 rouo.
1007 4519 1073 4571 aas
1085 4518 1130 4583 u),
1145 4519 1281 4586 lorsam),
1296 4521 1434 4585 rroocls).
1501 4545 1504 4552 ·

384 4605 418 4669 (t)
431 4606 467 4658 lie
477 4605 530 4657 isto
541 4601 754 4656 anachronismo
766 4601 826 4654 tuse
835 4602 920 4668 iloget
931 4599 966 4653 de
978 4600 1005 4654 la
1017 4599 1136 4668 contire,
1151 4601 1217 4655 diss.
1231 4603 1289 4670 cit,
1303 4617 1330 4670 p.
1344 4603 1433 4658 lbet.
