3316 5482
453 380 546 430 aran.
566 380 650 431 nur.
669 380 787 431 rsnrs.
806 401 851 412 -
867 381 1022 432 nerano.
1042 382 1089 432 nu
1106 381 1184 431 con.
1204 378 1280 429 sart.
1402 366 1464 430 441

235 555 425 610 ilentittatur
440 553 504 621 tibi,
526 551 691 607 carissime
707 551 820 621 frater,
839 551 894 606 boc
913 555 993 620 arrad
1010 553 1045 605 in
1062 565 1110 606 me
1127 551 1253 620 facinus
1272 551 1430 605 intulisti:
1444 565 1465 605 a

234 657 322 708 tanta
332 653 417 706 euim
431 652 587 706 saturitate
597 655 691 719 atque
701 650 867 705 dulcedine
875 666 923 706 sne
935 652 1118 720 deturbasti,
1129 652 1216 705 atad
1229 651 1393 704 minimam
1401 651 1466 718 qni-

233 754 301 807 dem
306 757 434 820 partem
442 752 680 819 explanandam
689 764 751 804 non
761 750 924 818 sufficiant.
934 755 1029 818 ltaque
1039 752 1148 806 caelesti
1159 752 1220 805 cibo
1230 752 1347 804 reiectus
1355 750 1468 805 domum

233 856 375 917 remeavit,
389 859 418 906 ut
431 853 499 905 nihil
513 858 585 905 esset
597 853 622 906 ei
634 857 774 918 praeterea
787 851 996 919 inquirendum.

199 961 216 1011 ti
266 957 300 1007 4.
313 957 393 1008 Beata
405 965 469 1006 vero
481 966 512 1006 ac
523 952 642 1020 gloriosa
664 953 709 1005 bei
722 952 841 1019 genitrix
861 953 940 1020 Virgo
961 964 1059 1020 magno
1072 952 1232 1017 angelorum
1244 956 1323 1005 coetu
1335 951 1464 1003 comitata

231 1068 313 1109 servo
326 1066 375 1107 suo
387 1053 509 1118 Philippo
524 1051 647 1118 proxima
668 1056 748 1104 nocte
768 1053 893 1118 apparuit
906 1067 912 1103 :
927 1049 971 1104 cui
985 1051 1019 1105 ad
1031 1053 1129 1104 Servos
1141 1064 1206 1103 suos
1219 1051 1341 1104 eundum
1354 1063 1465 1117 praecc-

230 1157 281 1222 pit.
300 1155 340 1208 bd
352 1166 432 1219 quam
447 1164 539 1204 vocem
561 1151 693 1204 excitatus
712 1151 843 1205 continuo
865 1151 1002 1218 loquentis
1020 1151 1102 1205 verba
1117 1151 1230 1216 supplex
1244 1151 1374 1216 recipere.
1388 1153 1467 1204 itane

231 1262 325 1311 autem
347 1255 427 1320 iacto,
441 1260 472 1306 ut
491 1254 627 1306 bonorum
647 1265 786 1307 servorum
809 1251 930 1333 officium
949 1265 1010 1305 esse
1030 1252 1108 1316 solet,
1123 1252 1237 1318 cupiens
1256 1257 1330 1304 tanto
1350 1252 1466 1317 imperio

231 1368 331 1423 parere
351 1359 432 1421 atque
453 1352 654 1418 obtemperare,
676 1351 853 1418 pervenitad
874 1352 964 1404 locum
986 1364 1068 1418 quem
1090 1355 1267 1418 praeceperat
1285 1351 1309 1404 ei
1333 1351 1411 1417 Virgo
1439 1354 1467 1403 ct

187 1460 212 1510 lb
232 1456 355 1523 priorem
368 1453 402 1506 ad
415 1465 444 1505 se
463 1452 589 1505 accersiri
603 1452 732 1519 postulat.
746 1454 808 1504 Erat
829 1452 902 1504 enim
916 1465 965 1518 per
985 1450 1012 1503 id
1026 1452 1156 1517 temporis
1174 1452 1248 1518 prior
1259 1451 1371 1518 quidam
1386 1464 1465 1504 vene·

232 1554 339 1609 raudus
351 1559 438 1620 pater,
451 1553 519 1605 mira
540 1552 637 1604 virtute
650 1555 731 1617 atque
743 1551 924 1604 sanctimonia
937 1550 1086 1617 praeditus,
1106 1549 1153 1616 qui
1175 1563 1257 1603 omne
1275 1549 1397 1603 studium
1419 1564 1464 1603 cu·

233 1665 350 1719 ramque
361 1653 390 1704 in
402 1664 435 1705 eo
447 1655 510 1704 ante
524 1650 615 1704 omnia
628 1649 723 1702 fixerat
735 1656 817 1716 atque
826 1650 970 1714 locaverat,
982 1656 1080 1702 tumui
1091 1648 1215 1702 divinum
1227 1648 1346 1702 officium
1359 1663 1465 1703 summa

232 1767 298 1806 cum
319 1752 450 1820 religione
470 1763 501 1803 ac
521 1750 695 1803 caerimoniis
716 1749 831 1817 singulis
851 1749 949 1802 diebus
966 1763 998 1802 ac
1010 1750 1136 1803 noctibus
1150 1749 1345 1814 celebraretur,
1359 1755 1416 1803 tum
1435 1756 1467 1803 ut

233 1855 382 1906 Servorum
393 1857 543 1905 conventus
560 1851 675 1917 integre,
689 1856 771 1916 raste,
786 1849 916 1915 modeste,
932 1850 960 1901 in
978 1850 1116 1902 communi
1138 1850 1191 1903 vita
1207 1849 1373 1916 parcissimis
1394 1864 1466 1903 sum·

187 1955 216 2006 ts
233 1953 328 2019 ptibus
340 1964 371 2003 ac
383 1951 500 2002 maxima
513 1964 574 2002 cum
587 1950 766 2002 sanctimonia
780 1955 930 2017 regeretur.
943 1952 1114 2017 cognoscens
1133 1949 1225 2015 itaque
1244 1949 1352 2002 beatum
1366 1950 1463 2016 Philip·

235 2065 302 2118 pum
314 2051 445 2104 divinitus
464 2064 525 2103 esse
544 2049 672 2113 electum,
687 2050 757 2102 sicut
776 2056 866 2102 cetera
886 2050 978 2103 omnia
997 2049 1194 2114 sapientissime
1211 2049 1391 2117 gubernabat,
1406 2056 1464 2104 tum

233 2150 278 2204 vel
291 2151 410 2203 maxime
423 2151 451 2202 in
463 2149 637 2215 acquirendis
657 2149 766 2212 animis,
779 2148 813 2201 ad
835 2162 898 2201 eum
910 2162 1016 2201 summa
1031 2162 1093 2201 cum
1114 2148 1255 2202 sanctitate
1268 2149 1307 2202 irc
1331 2154 1458 2203 maturat.

233 2253 320 2314 Quem
333 2262 394 2303 cum
407 2256 469 2302 ante
488 2248 605 2318 virginis
626 2249 803 2302 simulacrum
824 2250 987 2312 intueretur,
1000 2249 1148 2301 instinctu*
1170 2248 1287 2315 quodam
1305 2250 1463 2316 prophetico
1519 2268 1608 2322 *eod

234 2361 300 2401 eum
312 2348 370 2401 tore
382 2348 470 2401 virum
483 2347 684 2400 sanctissimum
696 2346 839 2414 praedixit.
853 2350 884 2400 at
896 2353 956 2414 post
976 2348 1061 2400 multa
1074 2347 1145 2401 ultro
1157 2348 1280 2415 citroque
1292 2349 1384 2413 verba,
1399 2349 1464 2402 bea·
1493 2336 1633 2389 insifflssffl·

187 2450 215 2501 to
233 2453 279 2501 tus
292 2448 433 2514 Philippus
445 2447 551 2516 singula
569 2455 695 2514 receptae
714 2446 826 2502 visionis
840 2453 982 2512 memorat,
996 2453 1023 2501 et
1041 2449 1069 2500 in
1087 2449 1183 2514 primis
1201 2449 1341 2501 asserebat
1353 2463 1383 2501 se
1401 2463 1463 2501 curn

234 2545 315 2598 dictis
327 2546 458 2600 iratribus
469 2547 513 2613 pie
525 2552 653 2613 casteque
665 2547 734 2600 veile
746 2549 829 2600 vitam
842 2560 923 2615 agere
936 2552 1017 2613 atque
1030 2561 1085 2600 una
1103 2561 1164 2601 cum
1178 2548 1226 2613 eis,
1240 2550 1262 2600 si
1282 2549 1462 2614 omnipotenti

233 2650 262 2698 et
273 2645 420 2697 immortali
433 2648 487 2698 beo
507 2644 616 2698 libitum
635 2645 714 2711 toret,
728 2646 827 2699 divinis
847 2658 947 2711 parens
964 2648 1118 2712 praeceptis
1144 2647 1224 2699 vitam
1238 2647 1327 2699 finire.
1342 2649 1412 2710 Quas
1429 2647 1464 2699 ob

234 2749 396 2798 restantum
409 2745 492 2797 animi
513 2745 630 2797 laetitiae
650 2744 796 2812 gaudiique
816 2758 913 2811 cepere
933 2759 1030 2798 omnes
1050 2747 1176 2799 utnulla
1197 2747 1320 2812 protecto
1344 2748 1464 2800 humana

232 2845 326 2910 lingua
339 2843 474 2910 explicare
486 2848 587 2910 posset.
601 2847 685 2897 Tanta
698 2845 772 2897 enim
790 2850 848 2898 erat
868 2846 941 2898 illius
959 2847 1139 2900 sanctimonia
1162 2852 1244 2912 atque
1266 2860 1374 2900 morum
1394 2848 1465 2901 inte-

187 2945 486 3012 tagritas,ut01nnes
507 2958 571 2997 eum
590 2951 699 2999 nostrae
721 2945 845 3014 religioni
866 2950 997 3012 perpetuo
1018 2952 1180 3000 ornamento
1201 2952 1283 3015 atque
1294 2949 1386 3002 decori
1406 2950 1464 3002 iore

235 3049 374 3112 putarent.

267 3144 299 3195 5.
313 3148 368 3209 Qua
381 3158 414 3197 ex
427 3158 456 3197 re
468 3145 635 3198 suavissimis
647 3146 739 3198 verbis
755 3145 829 3210 prior
841 3146 993 3212 Philippum
1006 3146 1162 3213 alloquitur,
1176 3152 1304 3200 aeternae
1318 3149 1387 3202 vitae
1400 3163 1464 3218 gau·

233 3243 278 3295 dia
301 3256 458 3310 proponens
478 3248 486 3263 ·
510 3245 545 3310 ei,
564 3251 756 3310 receptamque
779 3246 914 3298 visionem
937 3245 972 3298 ad
994 3260 1115 3313 unguem
1139 3247 1342 3312 interpretatur.
1365 3249 1461 3302 Aiebat
1517 3263 1604 3320 wod,

233 3343 307 3395 enim
329 3356 378 3408 per
398 3356 458 3396 eam
478 3343 625 3395 solitariam
646 3357 677 3396 ac
700 3344 852 3396 silvestrem
876 3345 946 3396 viam
967 3345 1090 3398 sontibus
1113 3344 1299 3399 abundantem
1324 3346 1363 3399 nil
1384 3348 1458 3401 aliud
1476 3344 1650 3400 biaflll⁰¹¹0¹¹⁵

187 3449 215 3500 itt
232 3444 355 3511 intellegi
368 3457 450 3510 quam
468 3444 563 3496 mundi
586 3445 666 3510 hujus
678 3457 778 3496 vanum
799 3445 979 3511 fallacemque
998 3459 1129 3513 amorem,
1142 3448 1190 3513 qui
1211 3460 1267 3499 non
1285 3447 1367 3501 modo
1381 3450 1463 3515 agitat

233 3542 385 3599 hominem,
397 3557 492 3597 verum
504 3544 584 3596 etiam
595 3545 714 3597 aeternis
728 3545 824 3608 poenis
836 3545 1055 3612 cruciatibusque
1067 3548 1217 3599 obnoxium
1231 3547 1337 3601 efficiat.
1346 3550 1463 3614 Insuper

233 3657 282 3710 per
293 3643 446 3710 plaustrum
468 3657 582 3696 aureum
594 3644 710 3711 Virginis
722 3645 846 3696 ordinem
860 3644 1008 3711 significari
1027 3647 1152 3710 videtur;
1172 3661 1221 3712 per
1238 3653 1312 3700 rotas
1324 3655 1462 3715 quattuor,

232 3744 382 3812 evangelia,
396 3758 466 3810 quae
488 3745 516 3796 in
538 3757 570 3797 eo
583 3744 680 3797 ordine
702 3745 941 3810 praedicabuntur.
956 3749 992 3798 lix
1011 3748 1175 3802 animalibus
1193 3763 1258 3803 vero
1271 3751 1360 3816 ipsum
1379 3751 1460 3805 dedu·

232 3845 358 3899 centibus
371 3844 426 3897 duo
438 3845 586 3911 praecipue
598 3844 631 3897 ad
646 3845 692 3898 bei
710 3846 814 3897 cultum
832 3846 935 3912 requiri
951 3861 956 3896 :
971 3849 1220 3912 mansuetudinem,
1234 3854 1348 3902 testatur
1360 3851 1463 3903 etenim

187 3946 215 3997 itt
233 3946 354 4011 psalmus
368 3961 374 3990 ι
388 3945 545 3998 Menestrati
556 3944 796 4000 haereditabunt
817 3950 945 4014 terrant,
960 3954 988 4000 ct
1008 3949 1072 4001 item
1086 3951 1284 4018 tortitudinem,
1298 3958 1328 4005 ut
1348 3953 1420 4006 vitiis
1437 3959 1464 4007 et

233 4045 267 4096 iis
280 4042 463 4096 callidissimis
483 4045 608 4097 hostibus
627 4047 779 4111 resistatur,
792 4061 847 4112 quo
869 4047 943 4099 nulla
964 4047 1024 4100 labe
1045 4049 1148 4102 foedari
1170 4057 1252 4116 queat
1267 4068 1272 4104 :
1290 4053 1463 4111 deciderim

232 4143 327 4196 ali—nd
336 4144 438 4197 credis
458 4144 624 4197 Domitiana
644 4147 786 4197 suestram
808 4147 887 4199 velle
903 4147 1094 4215 siqnificarc,
1108 4162 1179 4202 erent
1196 4150 1319 4217 iniquit:
1335 4169 1344 4200 r
1361 4151 1463 4205 Estote

232 4242 330 4310 sortes
350 4244 385 4296 in
405 4243 483 4297 betto
503 4248 533 4297 et
547 4247 689 4311 papante
709 4258 779 4298 crcrn
800 4247 929 4312 aretinam
950 4251 1098 4316 seperate,
1111 4236 1461 4318 etaccipietidreqnimn

232 4344 400 4398 animabus
420 4345 554 4398 uestris?
569 4362 578 4394 r
597 4345 677 4404 Qreid
699 4346 782 4398 enim
795 4348 832 4399 de
843 4347 985 4400 cattemba
1003 4347 1106 4400 dicans
1118 4349 1130 4401 t
1142 4363 1235 4415 quam
1252 4351 1462 4417 praecipnmn

187 4446 212 4498 ttt
229 4443 408 4497 discinitatis
427 4444 552 4511 tipasam
572 4458 693 4511 seraper
704 4446 861 4499 eastitissc
880 4447 1021 4499 orantibus
1041 4450 1241 4515 captoratam
1253 4453 1308 4513 cst,
1321 4453 1350 4503 et
1358 4452 1460 4516 platee

232 4544 266 4594 in
278 4543 437 4609 marraelio
450 4543 515 4609 ipsc
537 4544 592 4596 Dei
613 4544 714 4596 Filius
734 4557 790 4596 rias
811 4546 963 4612 estricourt,
978 4546 1130 4599 diccunt
1152 4548 1191 4600 Et
1210 4548 1368 4613 sirrrpliccs
1379 4549 1461 4602 sient

229 4642 391 4698 catacunbas
402 4660 424 4694 s.
435 4645 546 4696 Interim
557 4643 659 4696 diutius
669 4645 822 4697 vehementi
834 4645 952 4710 quodam
962 4644 1060 4700 ardore
1071 4660 1101 4700 ac
1111 4649 1237 4699 caelestis
1247 4650 1317 4701 vitae
1328 4649 1461 4701 fruendae
