3316 5482
209 326 272 393 188
544 342 670 394 onnus.
690 342 792 394 cono.
811 342 986 393 anatona.
1005 341 1085 392 aar.

208 512 349 580 afficitur
357 514 502 580 ploratu,
515 512 550 566 iu
562 515 686 567 tantum
697 515 735 565 ut
746 512 833 566 nulli
842 514 985 567 nostrum
1002 511 1215 566 sciscitatione
1226 510 1451 579 interrupere.

207 611 395 679 respondere
414 612 497 680 velit,
513 612 567 666 sed
585 626 682 681 neque
701 612 863 666 attendere
881 611 967 666 dicta
986 613 1172 680 citiusquam
1191 612 1346 665 nostrum.
1366 612 1451 665 Tune

208 712 354 777 supernae
367 725 415 764 rex
436 711 553 765 multum
574 712 725 777 admirans
739 713 812 766 misit
829 712 863 766 ad
882 726 945 766 eum
966 713 1099 780 quosdam
1112 713 1153 765 sui
1176 711 1269 778 palatii
1288 711 1451 778 anticipes.

208 811 324 864 dicens:
337 812 516 879 Perquirite
526 812 565 866 ab
576 826 610 867 eo
622 813 789 881 diiipenter
806 827 886 881 quae
897 813 940 867 sit
951 827 1050 868 causa
1069 811 1151 867 tauti
1157 812 1327 881 planporis
1344 812 1402 865 aut
1412 806 1451 864 si

208 910 366 979 quispiam
379 888 413 964 in
425 910 484 966 bac
493 912 569 966 urbe
580 926 650 966 eum
661 913 877 967 calumniatus
888 913 939 982 sit,
952 925 992 966 ne
1003 912 1220 982 forteprapter
1230 911 1286 967 boc
1299 911 1445 964 tristetur

207 1010 237 1062 et
250 1010 371 1078 inferat
383 1011 417 1064 iu
428 1025 485 1065 nos
492 1014 625 1081 ptapam
647 1012 860 1080 nujuscemodi
871 1012 1076 1068 calamitatis.
1089 1013 1143 1067 Sin
1163 1013 1257 1078 alias,
1276 1013 1385 1067 veniat
1402 1012 1444 1066 ad

209 1123 258 1164 me
267 1111 370 1179 citius,
384 1114 417 1187 ut
429 1112 552 1166 uideam
564 1126 634 1166 enm
646 1116 675 1167 et
683 1113 834 1181 petitioni
844 1112 918 1179 cp'us,
931 1113 1049 1181 siquid
1061 1127 1081 1167 a
1090 1127 1138 1167 me
1145 1114 1339 1182 requisierit,
1351 1112 1446 1168 liben-

209 1213 258 1265 ter
276 1212 485 1280 adquiescam.
506 1215 556 1279 Qui
577 1216 719 1282 abeuntes,
742 1220 907 1269 rocaverunt
927 1229 989 1268 cum
1009 1215 1043 1268 ad
1065 1229 1105 1282 se,
1126 1215 1249 1279 dicentes
1270 1237 1277 1266 ε
1304 1215 1359 1269 Vir
1379 1216 1444 1284 Dei,

210 1324 268 1366 cur
292 1314 379 1367 tauto
401 1314 544 1382 siuputtu
563 1314 723 1382 afficeris?
747 1315 812 1370 lieu
830 1314 994 1383 praecepit
1012 1317 1048 1368 ut
1071 1314 1189 1369 indices
1212 1315 1300 1370 nobis
1317 1317 1349 1370 si
1369 1317 1446 1386 quid

210 1414 355 1480 querelae
360 1414 486 1481 pateris
498 1418 554 1469 aut
571 1430 652 1484 quae
663 1417 705 1471 sit
712 1418 825 1485 petitio
846 1419 902 1470 tua
917 1433 923 1469 :
937 1415 1046 1470 statim
1058 1415 1096 1470 ab
1108 1428 1141 1471 eo
1160 1415 1354 1483 impetrabis.
1368 1420 1446 1483 Quod

210 1525 272 1566 cum
285 1513 326 1565 uir
338 1514 384 1566 bei
397 1521 508 1568 sanctus
527 1514 658 1583 audisset,
671 1517 750 1571 ualde
761 1517 869 1585 gavisus
889 1517 928 1570 ait
941 1518 994 1570 illis
1007 1534 1014 1569 ι
1034 1518 1100 1571 Una
1122 1519 1167 1571 est
1173 1517 1286 1584 petitio
1307 1532 1405 1585 quam
1426 1533 1446 1575 a

210 1624 283 1680 repe
293 1614 322 1665 et
331 1626 352 1666 a
364 1613 447 1667 uobis
458 1627 599 1682 exposco.
610 1618 691 1670 Dum
702 1617 846 1671 diluculo
856 1616 1034 1671 introissem
1045 1615 1136 1670 bodie
1145 1617 1180 1670 iu
1190 1616 1370 1671 oratorium
1379 1617 1445 1688 boc,

211 1715 363 1781 completa
375 1716 517 1770 oratione
528 1718 678 1785 conspexi
698 1721 809 1772 coritra
822 1719 927 1772 attare
938 1721 967 1772 et
986 1719 1055 1771 oidi
1065 1720 1237 1786 capsellam
1254 1731 1327 1773 cum
1334 1719 1448 1787 pipno·

213 1812 301 1866 ribus
312 1818 504 1883 sauctorum,
518 1831 612 1884 quam
625 1830 806 1886 recopnosco
818 1831 918 1872 ineam
931 1819 1050 1872 dudum
1063 1817 1172 1885 fuisse,
1183 1820 1238 1872 sed
1246 1819 1324 1872 meis
1338 1819 1447 1888 irtpru

115 1947 119 1955 .
214 1911 486 1982 entibuspeccatis,
497 1918 573 1971 dum
585 1916 795 1986 naufrapium
801 1918 964 1986 procellae
974 1918 1165 1985 tempestatis
1167 1920 1299 1986 paterer
1308 1919 1342 1971 in
1351 1920 1446 1997 mari,

217 2013 326 2080 elapsa
338 2017 384 2067 est
396 2015 433 2068 de
449 2016 522 2069 sinu
534 2030 599 2071 meo
609 2035 618 2085 ,·
630 2018 792 2072 continens
813 2018 846 2071 in
859 2031 892 2071 se
902 2020 1048 2072 sanctum
1067 2017 1264 2083 eoanpelium
1283 2020 1450 2088 quodpro-

216 2113 292 2180 pria
304 2128 402 2168 mauu
414 2117 546 2185 scripsi,·
559 2121 588 2171 et
599 2131 667 2173 ecce
677 2119 775 2173 clavis
787 2132 849 2185 qua
870 2118 1052 2173 reconditur
1063 2121 1093 2172 et
1108 2117 1251 2187 sz'pillum
1263 2131 1325 2186 quo
1345 2119 1449 2187 siqua·

219 2214 281 2265 tur.
298 2213 383 2272 Quod
400 2215 430 2267 si
440 2217 536 2268 mum
549 2216 632 2271 cobis
648 2218 824 2285 propitiam
845 2217 943 2271 uultis
962 2217 1083 2285 babere,
1102 2216 1183 2271 lianc
1202 2215 1291 2283 mibi,
1313 2216 1448 2284 obsecro,

217 2312 348 2367 reddite.
370 2315 446 2378 Quod
476 2316 514 2367 illi
536 2317 690 2383 audientes,
712 2317 837 2370 admirati
857 2322 930 2384 sunt,
952 2323 979 2370 ct
1005 2317 1136 2370 continuo
1158 2292 1357 2369 nuntiaverunt
1380 2317 1448 2386 regi,

216 2410 338 2466 dicentes
351 2416 480 2481 quoniam
488 2429 550 2482 pro
562 2419 702 2484 capsella
714 2430 810 2485 quam
820 2418 1017 2484 repperimus
1028 2417 1063 2468 iu
1085 2418 1191 2475 uentre
1197 2414 1297 2482 piscis
1309 2417 1447 2469 contris-

219 2513 306 2565 tatur
318 2513 369 2566 uir
389 2515 453 2583 Dei,
467 2515 573 2569 dicens
590 2516 651 2569 sibi
667 2530 733 2570 esse
749 2518 887 2583 elapsam
900 2517 976 2569 diem
996 2515 1206 2583 naufrapium
1222 2516 1393 2582 pateretur
1415 2516 1450 2568 in

217 2611 364 2678 fiuctibus
384 2614 495 2668 maris.
507 2617 564 2668 Rex
585 2620 688 2679 autem,
700 2621 731 2668 ut
752 2616 865 2681 audivit,
876 2616 958 2682 jussit
978 2628 1041 2668 eum
1054 2615 1149 2667 venire
1165 2614 1199 2666 ad
1221 2626 1251 2666 se
1270 2618 1298 2666 et
1310 2626 1372 2666 eam
1396 2614 1449 2668 sibi

219 2711 337 2766 deterre.
351 2716 435 2778 Quam
453 2713 568 2768 intuitus
588 2716 683 2769 beatus
700 2716 843 2778 (indusias,
857 2716 894 2768 ait
917 2716 974 2783 regi
998 2716 1080 2781 :Epo
1095 2714 1241 2782 propriis
1260 2712 1450 2780 manibus,o

217 2824 286 2874 rea,
297 2817 468 2881 capsellam
477 2816 671 2884 fabricacict
681 2815 1088 2883 tertumsaucticoaupelii,
1102 2815 1157 2882 qui
1174 2814 1258 2867 intus
1268 2814 1451 2868 reconditus

217 2915 272 2982 est,
287 2914 500 2970 desertissime
510 2916 634 2984 scrz'psi.
647 2915 695 2969 Cui
709 2929 755 2968 rex
768 2916 857 2982 inquit
870 2932 876 2966 :
891 2914 1058 2969 Probanda
1075 2917 1120 2968 est
1128 2914 1224 2982 prius
1239 2926 1291 2966 res
1309 2913 1408 2967 dubia
1419 2918 1451 2968 et

219 3015 307 3070 nobis
326 3017 451 3071 ommno
474 3018 643 3085 incoquitur,
668 3019 696 3070 et
714 3016 760 3070 sic
777 3016 900 3070 demum
917 3028 1024 3069 coram
1046 3027 1095 3068 me
1112 3016 1141 3068 ot
1153 3012 1349 3081 pulsantibus
1374 3014 1451 3068 meu

218 3117 428 3184 discutienda,
437 3119 473 3169 ut
482 3117 600 3170 certius
613 3117 669 3170 tibi
679 3119 820 3184 optatum
833 3116 1041 3169 restituamus
1053 3114 1223 3181 depositum
1236 3116 1266 3166 et
1272 3113 1451 3180 propitium

218 3216 306 3269 nobis
318 3215 454 3270 obsecres
466 3216 539 3284 fieri
550 3217 658 3269 Derim.
671 3215 710 3267 Ad
724 3229 805 3282 quem
820 3221 930 3267 sanctus
942 3215 983 3265 vir
995 3218 1152 3266 constanter
1163 3211 1232 3264 dixit
1246 3210 1309 3277 edi,
1323 3215 1360 3265 ut
1369 3224 1451 3265 asse·

220 3316 277 3381 ris,
286 3315 470 3384 probaveris
483 3319 512 3369 ct
523 3315 718 3370 discutiendo
726 3315 843 3369 certius
855 3314 1041 3382 coenaveris,
1047 3314 1156 3380 prima
1171 3311 1250 3365 libri
1256 3312 1344 3365 intus
1354 3312 1451 3367 latai-

224 3417 264 3469 tis
282 3416 403 3470 indicia
423 3419 518 3483 utque
536 3416 662 3481 ultima,
678 3415 871 3483 priusquam
891 3414 1067 3481 aperiatur,
1082 3413 1238 3465 instanter
1250 3411 1307 3465 tibi
1317 3411 1451 3482 marcise

222 3515 306 3569 stabo
317 3533 326 3582 ,·
338 3519 367 3568 et
384 3528 454 3570 cum
461 3514 645 3583 probae-cris
657 3528 705 3569 me
725 3514 782 3568 tibi
802 3515 963 3567 acritatem
981 3511 1136 3581 proferre,
1149 3523 1302 3578 apuoscas
1322 3524 1372 3564 mc
1389 3524 1451 3566 uon

222 3614 399 3667 rnendacem
423 3627 520 3682 neque
535 3615 842 3681 praestimptuosum,
865 3613 918 3663 sert
939 3610 1055 3665 Christi
1074 3609 1294 3678 fidelissimum
1315 3621 1451 3663 surum.

222 3717 297 3766 Tunc
313 3715 422 3766 initium
443 3720 469 3767 et
492 3714 574 3766 tinam
596 3714 657 3766 libri
676 3727 767 3766 coram
789 3713 918 3766 omnibus
940 3712 1139 3777 manifestavit3
1153 3716 1179 3763 ct
1192 3710 1330 3776 accipiens
1348 3710 1451 3763 clavem

223 3826 305 3879 quam
318 3813 431 3880 screbat,
453 3813 560 3878 aperuit
580 3813 728 3878 capsellam
751 3818 777 3865 et
797 3812 898 3865 librum
921 3810 1007 3863 sancti
1022 3810 1155 3877 evangelii
1176 3810 1249 3861 intus
1272 3810 1404 3876 repperit,
1425 3814 1451 3862 ct

223 3915 350 3980 aperiens
363 3914 463 3967 librum
476 3926 568 3965 coram
581 3926 642 3981 rege
657 3918 682 3965 ct
694 3914 770 3966 omni
783 3912 892 3980 populo,
907 3912 943 3964 ita
955 3916 986 3963 ut
1004 3916 1066 3963 aute
1078 3910 1183 3962 dixerat
1194 3922 1257 3961 sera
1270 3922 1331 3962 esse
1343 3908 1451 3963 indubi-

223 4017 312 4065 tanter
322 4014 446 4066 asseruit.
461 4013 537 4076 Quod
556 4027 619 4065 cum
631 4027 681 4065 rex
694 4015 856 4080 agnovisset,
871 4013 961 4064 statim
971 4010 1130 4077 provolutus
1142 4010 1201 4076 ejus
1214 4008 1332 4077 pedibus
1343 4011 1451 4064 veniam

224 4113 377 4180 postulabat
389 4114 423 4166 ab
436 4126 478 4167 eo.

253 4208 303 4262 16.
318 4207 480 4261 Etodcrcns
493 4209 517 4261 ei
530 4208 644 4262 donaria
657 4209 752 4273 multa,
766 4209 842 4274 petiit
853 4215 883 4261 ut
896 4208 968 4274 apud
990 4222 1019 4260 se
1041 4211 1165 4259 maneret
1186 4210 1212 4258 et
1231 4205 1449 4259 ecclesiasticum

223 4314 389 4362 restauraret
401 4308 525 4361 ordinem
536 4309 564 4360 iu
575 4310 687 4377 regione
701 4309 808 4371 eadem,
822 4309 885 4375 quia
899 4309 1007 4374 penitus
1029 4308 1190 4360 catholicam
1212 4304 1291 4357 tidem
1305 4318 1321 4357 a
1335 4306 1451 4358 maximo

222 4409 354 4476 usquead
368 4409 511 4460 minimum
525 4422 621 4462 omncs
634 4411 790 4462 amiserant.
814 4411 889 4461 Tunc
908 4414 1018 4461 sanctus
1040 4407 1184 4471 diluamus,
1208 4406 1334 4458 munitus
1358 4407 1451 4475 clypeo

223 4509 390 4561 fortitudinis
402 4512 430 4560 ct
440 4509 516 4575 galea
530 4509 634 4573 salutis
656 4523 753 4561 omncs
772 4509 986 4574 circumquaque
999 4507 1123 4559 circuivit
1136 4506 1204 4558 dues
1224 4504 1416 4567 ecclesiarum,
1430 4510 1451 4559 ct

223 4610 360 4662 morsibus
373 4609 572 4662 haereticorum
586 4609 704 4676 graviter
716 4609 851 4663 sauciatos
869 4613 945 4661 curat
958 4606 1082 4673 populos,
1097 4610 1123 4658 ct
1143 4605 1302 4657 universum
1323 4605 1451 4660 ccclesias
