3316 5482
278 403 374 453 BIBL.
394 404 478 454 Ner.
498 405 616 454 ruitis.
635 423 681 434 -
697 405 850 454 ΑΡΡΕΝΙ).
872 407 919 455 AD
936 407 1013 455 001).
1035 403 1099 456 5296
1118 408 1150 457 C.
1303 395 1325 459 5

77 582 149 625 esta
161 580 259 627 sancto
269 573 394 639 apostolo
405 578 436 625 ut
448 574 560 626 beatum
573 575 694 639 Petrum,
713 574 899 640 propinquum
912 588 1003 639 suum,
1018 574 1207 639 apostolorum
1220 576 1321 641 prinei-

79 686 157 738 pern
170 672 260 724 adiret
272 672 340 724 etat)
350 685 383 725 eo
391 671 590 739 indulgentiam
601 676 772 738 peccatorum
783 685 896 724 suorum
905 676 1059 738 quaereret,
1071 680 1098 726 et
1110 687 1159 726 sua
1172 675 1230 726 vice
1243 677 1324 727 serri-

80 773 152 823 tium
168 772 195 823 ei
213 768 334 836 offerret,
347 771 426 837 eique
439 769 577 822 intimaret
588 772 740 823 orationem
749 773 803 824 lieo
817 769 915 825 oiierre
928 785 976 836 pro
990 785 1028 835 se,
1042 786 1124 837 quem
1137 787 1216 825 suum
1231 774 1324 826 eondi-

78 870 222 935 scipulum
237 871 266 922 in
276 869 388 922 Galliam
397 868 545 925 direxorat.
557 870 693 936 sciretque
704 871 729 922 ei
741 871 868 922 nuntiare
884 869 1004 936 qualiter
1016 876 1127 924 sanctus
1139 873 1235 924 Petrus
1250 874 1321 925 iuter

37 971 59 1020 :i
78 970 223 1035 principes
244 970 430 1020 llomanorum
450 974 667 1020 conversaretur.
689 969 764 1031 Quod
785 969 905 1021 studiose
926 968 981 1021 dux
994 969 1106 1036 peregit.
1120 971 1185 1020 Nam
1204 971 1321 1023 multum

78 1080 184 1120 aurum
198 1072 293 1120 saneto
306 1070 385 1119 Petro
396 1067 521 1132 apostolo
542 1067 597 1119 dux
619 1066 717 1120 obtulit
730 1081 811 1120 causa
823 1068 925 1119 amoris
936 1068 1007 1120 beati
1021 1067 1159 1120 Martialis.
1173 1069 1250 1132 Quod
1264 1070 1325 1122 bea·

80 1172 128 1218 tus
143 1168 240 1218 Petrus
259 1167 399 1232 apostolus
416 1173 511 1219 saneto
530 1166 643 1218 Martiali
656 1179 705 1231 per
725 1166 845 1219 eundem
863 1164 961 1218 ducem
983 1165 1092 1230 direxit,
1112 1173 1139 1217 et
1150 1167 1319 1233 Stephanum

79 1268 176 1332 ipsum
189 1280 239 1332 pro
252 1267 443 1320 interiectione
456 1268 551 1319 beatae
564 1266 686 1319 Valeriae
698 1266 823 1334 uirginis,
836 1267 907 1319 sicut
920 1267 1076 1332 postulavit,
1090 1267 1216 1320 absolvit.

116 1365 153 1417 8.
170 1369 203 1418 Et
215 1367 255 1418 sic
267 1365 322 1419 dux
333 1366 487 1431 Stephanus
500 1380 562 1418 cum
576 1378 673 1433 magna
685 1356 867 1431 prosperitate
880 1378 896 1418 a
908 1365 1019 1418 servitio
1032 1366 1204 1431 imperatoris
1216 1380 1321 1433 regres-

19 1468 57 1519 lt)
78 1479 144 1531 sus,
156 1471 305 1531 autequam
318 1464 471 1517 absolueret
481 1464 630 1516 exereitum
640 1478 731 1527 suum,
750 1477 876 1532 magnam
895 1464 1046 1518 claritatem
1060 1465 1255 1517 miraculorum
1270 1480 1321 1530 per

79 1565 242 1630 apostolum
257 1563 303 1615 liei
316 1562 464 1615 llartialem
476 1562 549 1629 apud
560 1563 744 1615 Joienciacum
759 1563 890 1629 palatium
911 1576 1025 1615 cernere
1043 1564 1152 1616 meruit.
1166 1566 1233 1615 liam
1246 1578 1322 1630 prae·

79 1668 165 1715 sente
177 1663 315 1728 Steplrano
324 1662 394 1714 duce
406 1667 434 1714 et
446 1662 551 1714 cunctis
563 1661 680 1713 ducibus
691 1661 863 1727 Aquitaniae,
875 1662 973 1714 beatus
995 1661 1135 1728 apostolus
1147 1662 1320 1715 resuscitavit

79 1761 173 1814 tilium
186 1760 313 1813 archadii
325 1761 497 1826 proconsulis
515 1760 689 1824 liciniensis,
711 1762 758 1826 qui
771 1759 861 1812 iuerat
881 1774 896 1813 a
914 1761 1095 1814 daemonibus
1112 1761 1281 1818 submersus.
1296 1767 1324 1814 et

79 1861 160 1926 ipsos
172 1858 321 1912 daemones
335 1860 369 1912 alr
382 1872 415 1912 eo
427 1859 529 1926 fugarit
540 1858 608 1912 loco.

17 1962 56 2013 ¹5
116 1960 154 2010 4.
168 1962 238 2011 dero
251 1972 316 2012 vero
329 1963 427 2025 quarto
439 1958 547 2012 decimo
567 1972 641 2011 anno
654 1959 762 2029 imperii
782 1959 824 2011 sui
842 1959 1061 2024 persecutionem
1074 1960 1179 2026 primus
1192 1972 1227 2011 ex
1240 1959 1323 2023 impe·

80 2059 226 2111 ratorilius
237 2064 330 2111 eontra
343 2059 507 2111 christianos
520 2058 604 2109 movit
625 2057 757 2110 suadente
779 2057 890 2110 simone
903 2071 991 2126 mago,
1006 2058 1103 2124 etipse
1117 2071 1190 2111 anno
1211 2061 1320 2111 Petrum

78 2166 107 2212 et
120 2157 237 2210 Paulum
251 2157 435 2224 apostolorum
449 2159 586 2224 principes
599 2158 737 2209 interemit
750 2158 889 2220 martyrio.
903 2158 1034 2223 Sequenti
1048 2171 1112 2211 vero
1124 2170 1198 2210 anno
1212 2160 1280 2210 Nero
1291 2168 1321 2208 se

80 2260 177 2324 ipsum
191 2257 335 2322 interiecit,
350 2260 377 2310 et
391 2257 572 2322 Vespasianus
584 2261 646 2322 post
658 2270 720 2308 eum
734 2258 833 2308 Caesar
846 2258 981 2323 Augustus
994 2261 1035 2309 est
1046 2255 1206 2322 appellatus.
1218 2258 1318 2319 Quarto

78 2365 177 2410 autem
190 2368 262 2408 anno
276 2355 382 2422 imperii
396 2356 551 2420 vespasiani
573 2357 726 2421 Stephanus
748 2354 801 2407 dur
820 2354 891 2420 apud
905 2356 1063 2409 lemovicas
1074 2356 1103 2406 in
1116 2368 1181 2421 pace
1193 2361 1318 2407 mortuus

12 2460 54 2510 20
77 2461 123 2507 est
147 2461 244 2519 quarto
266 2453 396 2506 kalendas
416 2453 498 2518 junii,
523 2458 550 2505 et
571 2455 695 2519 sepultus
714 2458 754 2505 est
774 2466 902 2521 amagno
923 2454 981 2505 viro
994 2457 1089 2505 sancto
1103 2453 1223 2506 Martiale
1240 2454 1319 2518 juxta

78 2552 223 2606 tumulum
235 2554 303 2619 ejus,
317 2552 455 2617 sicutipse
468 2553 544 2604 virus
558 2554 682 2619 petierat,
696 2557 726 2604 ut
737 2566 806 2619 quos
819 2552 929 2606 dilectio
941 2566 995 2604 una
1004 2553 1125 2606 viventes
1137 2551 1317 2607 adnexuerat.

78 2664 181 2704 eorum
195 2663 309 2715 corpora
322 2664 373 2703 nec
386 2651 414 2702 in
428 2656 514 2703 morte
527 2650 561 2702 ab
575 2650 690 2702 inuicem
704 2651 908 2702 dirimerentur.

112 2749 148 2801 5.
169 2750 230 2801 Post
242 2754 358 2802 mortem
370 2748 491 2815 denique
503 2750 634 2814 Stephani
648 2751 744 2816 quinto
763 2748 871 2802 docimo
883 2749 929 2802 die
941 2750 1067 2814 apparuit
1090 2750 1220 2801 liominus
1236 2752 1316 2802 lesus

77 2849 208 2900 christus
220 2849 298 2901 beato
311 2853 338 2899 et
350 2846 451 2900 dilecto
472 2861 521 2900 suo
534 2849 658 2911 Martiali,
672 2847 738 2901 dum
752 2852 823 2901 esset
837 2849 864 2899 in
877 2850 1001 2902 oratione
1014 2849 1161 2911 solitarius,
1174 2853 1202 2900 et
1214 2848 1314 2900 saluta·

13 2955 54 3006 ι’»
75 2951 119 3000 rit
138 2962 201 3001 euni
214 2947 309 3000 (licens
323 2963 329 2998 :
343 2948 415 3001 Pac
433 2947 489 3000 tior
501 2949 553 3011 sit,
568 2946 672 3015 frater·
683 2948 866 3014 corr'rsr'me;
884 2950 1105 3014 carroperariis,
1119 2947 1194 3013 ertia
1207 2948 1315 3014 quirice

77 3048 202 3102 decimo
214 3046 265 3099 die
275 3046 426 3100 deducam
438 3049 467 3099 tc
480 3060 534 3113 epo
549 3047 614 3113 ipse
628 3047 660 3099 in
673 3059 769 3112 repon
783 3046 892 3099 Petris
909 3046 979 3099 mei.
993 3046 1070 3109 Quod
1083 3052 1109 3098 et
1127 3046 1226 3098 iactum
1246 3053 1288 3099 est
1308 3062 1314 3097 :

76 3147 181 3214 quinto
198 3147 305 3198 decimo
317 3145 418 3197 etenim
430 3146 485 3208 die,
499 3159 553 3211 quo
567 3146 698 3198 liominus
711 3146 815 3198 dixerat
829 3145 865 3209 ei,
879 3146 975 3198 heatus
996 3146 1134 3211 apostolus
1146 3145 1274 3198 Martialis
1287 3147 1314 3197 in

79 3259 152 3312 paee
165 3245 298 3312 migrarit,
316 3245 542 3311 quinquagesimo
562 3258 635 3296 nono
655 3245 751 3297 aetatis
763 3258 827 3297 suae
844 3257 927 3308 anno,
947 3245 1119 3310 episcopatus
1136 3252 1227 3297 autem
1245 3246 1316 3297 ricc·

79 3345 156 3398 simo
169 3350 274 3408 octavo,
287 3342 375 3409 pridie
389 3342 566 3395 kalendarum
576 3344 718 3409 Juliarum,
733 3349 760 3395 et
772 3343 895 3409 sepultus
909 3351 976 3395 esta
990 3344 1090 3395 sanctis
1108 3344 1249 3410 discipulis
1260 3345 1316 3396 suis

19 3448 59 3497 5⁰
79 3442 231 3508 Alpiniano
244 3446 272 3492 et
282 3441 495 3492 Austricliniano
503 3443 580 3506 juxta
593 3442 730 3493 tumulum
743 3442 873 3505 Stephani
884 3440 962 3492 (lucis
973 3441 1001 3492 in
1014 3442 1131 3493 ecclesia
1141 3442 1226 3493 saneti
1238 3443 1317 3506 Petri,

80 3541 130 3594 ulii
144 3553 243 3604 corpus
255 3546 365 3591 sanctae
378 3539 499 3592 Valeriae
512 3541 570 3604 ipse
583 3539 737 3605 sepelierat.

116 3638 151 3689 6.
169 3639 294 3702 Suscepit
305 3643 395 3690 autem
408 3650 458 3702 pro
469 3638 574 3689 Christo
584 3638 743 3702 martyrium
755 3637 832 3689 beata
843 3635 945 3688 valeria
956 3637 1030 3702 virgo
1042 3635 1149 3689 decimo
1159 3637 1203 3689 die
1217 3640 1319 3691 mensis

81 3740 250 3797 ‹leeemhris
271 3739 344 3804 quod
364 3743 404 3790 est
425 3746 521 3804 quarto
542 3738 602 3790 idus
621 3738 745 3803 ejusdem
765 3738 878 3802 mensis,
899 3738 1049 3801 imperante
1067 3736 1179 3791 Claudio
1193 3740 1318 3790 Caesare.

81 3842 165 3907 Virgo
177 3840 259 3906 igitur
276 3839 344 3905 ipsa,
358 3839 452 3891 uictrix
469 3838 580 3899 diaboli,
594 3838 729 3904 primitiae
749 3844 896 3903 martyrum
911 3838 1047 3903 uirginum
1065 3837 1172 3890 abeato
1192 3837 1316 3903 apostolo

17 3942 59 3996 ὦ
80 3938 205 3991 Martiale
221 3937 315 3990 oblata
332 3942 448 3989 estante
466 3941 644 4001 conspectum
658 3937 705 3988 liei
724 3936 820 3995 nostri,
833 3936 876 3987 eui
896 3941 936 3987 est
948 3936 1034 4001 gloria
1048 3936 1076 3987 in
1095 3936 1204 3988 saecula
1222 3950 1316 3987 saecu·

82 4038 184 4090 lorum.
197 4041 296 4088 lmen.

79 4223 240 4293 Explicit
254 4221 335 4280 vite
349 4224 385 4281 et
399 4221 520 4291 passio
536 4222 684 4281 sanetae
701 4220 871 4281 Valeriae
892 4219 1046 4292 virginis
1068 4222 1104 4280 et
1125 4219 1316 4292 martyris.
