3316 5482
311 348 405 401 nvnc.
424 349 509 401 nav.
529 348 647 401 ranis.
665 369 712 379 —
726 349 880 400 perenn.
900 348 947 398 an
964 347 1042 400 con.
1062 345 1138 397 san.
1284 330 1347 395 147

111 515 170 571 siae
180 529 251 587 aqua
263 519 438 587 pertingeret,
451 532 503 574 nee
516 523 607 573 umen
623 519 726 572 intrare
738 517 963 586 praesumpserit.
977 517 1016 571 lbi
1034 522 1125 570 autem
1144 515 1262 569 maceria
1280 514 1346 581 lapi·

110 618 177 672 dum
189 622 248 672 crat
257 619 393 686 opposita,
404 619 448 673 hic
458 632 524 674 vero
536 618 709 675 solummodo
720 619 817 686 spinae
828 624 855 672 et
867 618 976 672 arbusta
989 630 1122 685 aquarum
1136 615 1346 670 inundationem

111 731 149 774 no
160 718 323 787 procederet
339 717 510 774 detinebant.
523 720 575 774 Sed
588 718 623 774 de
635 719 678 773 bis
692 720 824 773 hactenus
835 736 844 786 ς
857 721 947 771 cetera
963 729 1172 784 prosequamur.

144 818 201 873 8¹2.
213 820 315 873 Nauae
328 817 453 874 videntes
465 798 555 874 virum
568 818 614 873 bei
627 819 656 872 in
678 819 776 873 mediis
789 819 867 886 aquis
879 818 941 872 sine
952 817 1031 885 aquis
1043 822 1161 870 stantem
1175 829 1303 871 securum
1321 818 1350 869 et

70 921 91 974 8
109 922 235 973 orantem
256 892 414 986 bominum,
435 918 530 986 repleti
553 924 664 985 stupore
685 925 711 974 et
731 918 933 984 ammiratione,
956 921 1092 971 venerunt
1115 921 1141 970 et
1165 920 1348 970 narraverunt

110 1017 241 1073 omnibus
253 1019 390 1073 mirabilia
403 1019 449 1072 bei
462 1032 560 1088 mapua
572 1032 643 1086 <puae
656 1019 789 1073 viderant.
802 1017 924 1071 Audiens
937 1022 1027 1071 eutem
1041 1017 1092 1071 boc
1104 1016 1189 1070 abbas
1201 1016 1260 1082 eius
1269 1018 1349 1069 Seve-

110 1119 200 1186 rinus,
213 1119 260 1186 qui
273 1133 338 1174 cum
358 1121 523 1174 monachum
544 1119 656 1185 iecerat,
668 1120 738 1173 sieut
756 1120 883 1186 superius
901 1119 1004 1172 dietum
1023 1121 1073 1184 est,
1087 1123 1113 1170 et
1130 1130 1228 1170 omnes
1240 1117 1349 1181 tratres,

110 1220 285 1275 mirabantur
298 1220 388 1275 valde.
404 1223 437 1274 ut
448 1220 541 1275 videre
554 1235 618 1274 eum
631 1221 782 1288 cupientes,
796 1221 842 1274 alii
857 1221 973 1286 navigio,
987 1219 1033 1273 alii
1045 1218 1171 1285 pedibus,
1184 1220 1264 1284 prout
1276 1223 1350 1284 pote-

110 1324 185 1387 rant,
197 1320 233 1374 ad
246 1334 310 1374 eum
332 1320 411 1375 avide
431 1321 625 1389 properabant.
639 1322 711 1385 Quos
732 1326 842 1374 sanetus
862 1321 904 1373 vir
922 1320 1044 1372 Eusicius
1065 1317 1196 1372 advenire
1216 1318 1348 1383 sentiens,

56 1421 92 1474 {tl
109 1426 188 1473 extra
200 1419 328 1474 cellulam
339 1422 461 1475 occurrit
472 1423 522 1488 eis,
536 1421 704 1475 interdicens
713 1435 748 1475 ne
760 1421 867 1487 spineta
880 1419 923 1474 vel
934 1420 1045 1473 arbusta
1057 1432 1127 1486 quae
1139 1418 1210 1471 cirea
1222 1416 1349 1471 cellulam

110 1527 192 1573 erant
210 1520 387 1587 dissiparent.
399 1523 535 1588 Repentes
549 1522 630 1590 igitur
640 1522 757 1589 genibus
770 1526 796 1574 et
809 1520 919 1583 cubitis,
929 1525 957 1573 et
969 1519 1064 1576 dentes
1085 1531 1151 1585 prae
1163 1515 1261 1586 gaudio
1273 1516 1347 1584 quod

111 1634 178 1675 eum
190 1622 358 1689 reperissent
369 1636 451 1690 quem
465 1636 495 1676 se
507 1623 631 1677 amisisse
644 1621 783 1688 dolebunt,
796 1625 932 1675 venerunt
944 1625 971 1674 et
982 1622 1190 1687 prostraverunt
1202 1631 1231 1672 se
1248 1618 1276 1670 in
1294 1623 1347 1670 ter·

113 1733 175 1773 ram
187 1733 279 1774 coram
292 1733 337 1776 eo.
350 1723 412 1789 lpse
420 1735 542 1789 quoque,
557 1723 656 1789 pietate
669 1726 758 1776 motus
770 1734 853 1788 snper
865 1733 923 1786 eos,
935 1720 970 1773 ad
982 1724 1082 1773 terram
1095 1718 1221 1772 similiter
1234 1717 1303 1772 dens
1320 1722 1347 1771 et

113 1826 208 1887 pectus
221 1820 344 1876 tundens
356 1822 534 1888 provolvitur,
548 1827 575 1876 et
587 1823 626 1876 sie
638 1822 748 1876 undem
760 1834 807 1876 eos
818 1820 933 1875 devotus
945 1819 1070 1899 suscipit.

58 1920 92 1972 ib
144 1917 201 1972 28.
219 1919 318 1974 Audita
331 1920 413 1989 igitur
423 1921 474 1975 viri
488 1922 534 1975 bei
547 1920 628 1986 lama,
642 1921 764 1975 exomni
778 1925 853 1988 parte
865 1918 898 1973 ad
912 1932 975 1973 eum
988 1917 1197 1973 conveniebant.
1210 1917 1264 1970 Sed
1281 1930 1344 1971 cum

110 2030 161 2086 pro
181 2018 317 2073 densitate
336 2020 466 2074 silvarum
487 2021 598 2088 adeius
619 2020 805 2074 babitaculum
826 2024 971 2086 penetrare
993 2030 1048 2073 non
1071 2022 1191 2084 possent,
1208 2016 1344 2072 desiderio

109 2121 203 2171 tamen
214 2117 327 2173 videndi
339 2132 402 2172 eum
414 2123 569 2173 aestuantes
581 2124 609 2173 et
621 2118 843 2174 benedictionem
853 2119 912 2184 ejus
921 2117 1086 2185 postulandi,
1098 2117 1219 2172 succisso
1229 2130 1343 2172 nemore

111 2217 318 2287 latasuudique
339 2226 448 2275 struunt
469 2222 525 2275 vias
545 2220 652 2290 adeius
673 2221 800 2275 cellulam
822 2220 981 2289 dirigentes.
991 2220 1142 2275 veniebant
1152 2233 1216 2288 erpo
1228 2219 1263 2273 ad
1274 2213 1343 2273 'eum

112 2317 194 2373 multi
205 2318 287 2372 variis
299 2319 505 2374 infirmitatibus
526 2321 682 2376 laborantes
693 2338 700 2386 ;
711 2322 811 2389 quibus
831 2321 988 2374 orationum
1009 2333 1120 2373 suarum
1132 2320 1246 2374 obtentu
1261 2319 1343 2374 benc·

58 2417 94 2470 2⁰
113 2415 175 2471 licia
195 2419 320 2473 sauimds
339 2420 501 2487 impetrabat
522 2427 548 2474 et
567 2421 719 2476 incolumes
738 2422 823 2474 tactos
843 2421 996 2474 remittebat
1007 2421 1041 2474 ad
1062 2419 1345 2488 propriapaudentes.

111 2518 188 2570 luter
201 2532 271 2585 quos
280 2520 389 2586 juvenis
400 2520 512 2587 quidam
533 2519 568 2573 de
590 2521 738 2590 longinqua
751 2521 890 2589 regionem
910 2521 1072 2587 punientibus
1092 2520 1150 2572 suis
1166 2518 1200 2572 ad
1219 2532 1282 2572 eum
1298 2518 1346 2573 ad·

110 2617 211 2671 ductus
222 2623 273 2685 est,
286 2620 334 2686 qui
346 2624 468 2674 tumente
480 2620 550 2675 collo
562 2625 588 2674 et
601 2622 687 2688 capite
699 2621 850 2689 artatisque
867 2610 992 2674 faucibus
1003 2624 1030 2673 et
1041 2624 1149 2688 gutture
1169 2619 1262 2673 solitos
1274 2631 1346 2673 mea·

112 2722 158 2771 tus
168 2730 293 2772 escarum
306 2718 430 2774 tundnns
438 2720 576 2774 amiserat.
587 2721 632 2774 Vir
643 2726 735 2775 nutem
748 2721 794 2774 liei
807 2720 902 2774 videns
909 2723 1039 2788 juvenem
1050 2718 1246 2784 miserrimum,
1256 2717 1345 2772 dolori

112 2818 173 2884 elus
184 2818 381 2874 humanissime
393 2821 570 2888 compatiens,
585 2826 694 2889 sumpto
707 2821 769 2875 oleo
780 2822 811 2874 in
823 2821 935 2874 nomine
949 2818 1055 2872 bomini
1069 2817 1247 2883 sanctificato,
1258 2817 1347 2871 linivit

57 2919 94 2972 ab
113 2930 150 2970 ex
162 2930 195 2972 eo
207 2923 301 2986 guttur
317 2919 375 2985 ejus
387 2923 414 2972 et
426 2920 527 2986 lauces,
541 2926 569 2974 et
581 2921 693 2989 signans
705 2934 767 2974 eum
781 2926 892 2974 sanetae
909 2919 998 2972 crucis
1010 2918 1160 2986 signaculo,
1173 2915 1347 2983 reddiditque

113 3019 355 3084 comparentibus
377 3020 433 3072 suis
454 3033 552 3074 sanum
574 3026 601 3073 et
621 3021 796 3087 incolumem,
809 3020 1028 3089 gaudentemque
1050 3032 1112 3071 eum
1134 3018 1173 3070 eis
1192 3017 1296 3070 remisit
1312 3015 1347 3070 ad

113 3118 235 3183 propria.

147 3216 204 3269 ab.
218 3218 264 3269 ilis
276 3220 403 3285 peractis,
417 3221 619 3274 revertentibus
642 3221 676 3274 ad
697 3220 894 3275 monasterium
916 3219 1070 3282 monacbis,
1091 3218 1166 3272 solus
1184 3218 1268 3271 abbas
1285 3231 1348 3270 cum

111 3316 223 3370 duobus
235 3318 375 3385 iratribus,
388 3322 510 3374 llomano
523 3321 628 3374 scilieet
647 3326 728 3388 atque
750 3320 905 3385 Leonardo,
928 3321 982 3373 vita
996 3320 1061 3372 satis
1074 3318 1232 3386 praeclaris,
1246 3318 1347 3370 diebus

55 3418 92 3470 ³0
109 3415 220 3482 aliquot
232 3430 295 3470 eum
308 3424 403 3473 sancto
415 3425 443 3472 et
455 3422 606 3475 venerabili
621 3421 679 3476 viro
699 3421 807 3474 Eusieio
825 3421 968 3485 remansit,
984 3424 1061 3471 actus
1076 3419 1136 3485 ejus
1151 3418 1260 3483 plenius
1273 3417 1350 3471 addi·

112 3527 193 3568 scere
205 3516 320 3583 cupiens
332 3518 458 3586 vitaeque
470 3521 643 3573 sanctitatem
663 3503 749 3587 magis
767 3519 869 3572 imitari
882 3517 1053 3573 desiderans.
1068 3520 1170 3571 llorum
1189 3518 1271 3569 etiam
1282 3518 1350 3570 veri·

111 3613 177 3668 dica
189 3615 325 3671 relatione
345 3619 524 3685 cognovimus
547 3620 614 3673 lmee
636 3625 663 3672 et
682 3619 735 3672 aliu
756 3620 822 3672 satis
842 3619 928 3671 multa
945 3631 1017 3684 quae
1034 3630 1084 3683 per
1102 3630 1166 3670 eum
1178 3617 1309 3670 bominus
1322 3616 1351 3668 in

112 3715 177 3768 loeo
188 3714 235 3770 illo
248 3716 312 3770 lecit
326 3718 470 3772 mirabilia.
487 3720 658 3773 deserebant
670 3720 744 3772 enim
758 3717 988 3786 nobisquendam
1000 3718 1069 3770 loute
1083 3717 1233 3782 apiastrum
1244 3716 1295 3769 viri
1304 3716 1352 3768 bei

113 3814 205 3868 noctis
226 3821 350 3884 tempore
369 3819 579 3888 introgressum,
602 3820 648 3885 qui
673 3818 803 3872 melleum
826 3832 872 3872 vus
894 3816 958 3870 inde
980 3817 1073 3869 lirrtim
1095 3816 1252 3881 subripiens
1269 3828 1353 3881 super

54 3916 93 3969 55
119 3914 251 3968 humeros
264 3916 422 3982 impositum
435 3918 531 3972 toliere
553 3921 706 3973 conabatur
726 3925 753 3971 et
773 3918 862 3981 abire,
881 3923 908 3970 et
920 3922 1082 3982 consumpta
1101 3922 1155 3969 tola
1167 3921 1247 3969 noete
1259 3913 1351 3968 eundo

113 4019 203 4080 atque
215 4014 368 4080 redeundo,
381 4019 601 4085 egressionisoue
613 4020 672 4085 ejus
685 4018 791 4072 aditum
801 4017 877 4070 nulla
887 4031 922 4068 ex
933 4021 1009 4082 parte
1023 4017 1173 4082 reperiens,
1184 4015 1352 4081 stupefactus

114 4117 175 4168 toto
189 4115 278 4169 noctis
290 4116 376 4182 spatio
389 4116 460 4170 fixus
472 4118 609 4179 manebat,
626 4117 799 4172 nullomodo
813 4131 883 4170 onus
901 4117 1040 4183 deponere
1054 4115 1149 4168 valens
1161 4115 1234 4180 quod
1254 4113 1353 4166 embe-

112 4228 195 4269 scens
207 4217 369 4270 sustinebat.
383 4221 461 4273 llane
470 4232 546 4285 vero,
557 4226 617 4274 orto
627 4221 683 4288 jam
696 4219 762 4287 sole,
774 4224 849 4274 extra
863 4218 991 4272 cellulam
1010 4231 1088 4271 suam
1101 4230 1228 4285 egressus
1241 4220 1352 4268 sanctus

112 4316 247 4381 EusieiuS‚
272 4317 321 4369 ubi
345 4319 479 4385 conspicit
503 4320 591 4372 iurem
618 4321 715 4386 apibus
739 4325 885 4372 oneratum
909 4320 960 4372 iter
982 4318 1161 4384 replicantem
1183 4328 1352 4383 pergyrum,

50 4419 90 4472 dd
115 4415 207 4482 inquit
219 4431 225 4467 :
239 4415 319 4484 Heu,
339 4417 384 4469 mi
406 4430 489 4484 care,
513 4432 592 4472 osius
604 4421 685 4486 quod
701 4422 816 4487 portae
827 4419 899 4484 joan
919 4417 1077 4485 fatipatuc
1089 4418 1215 4484 depone.
1228 4415 1310 4468 Nam
1322 4414 1351 4466 ct

109 4515 264 4583 melliflui
285 4517 428 4571 necteris
451 4531 547 4586 sapor
569 4522 615 4573 est
640 4519 696 4573 tibi
719 4532 825 4583 curae,
850 4518 938 4573 nobie
961 4513 1353 4584 esttntucquocttibtjuete

111 4612 278 4670 dopmnus.
291 4615 389 4669 Statim
403 4629 467 4670 reus
484 4616 560 4672 unde
580 4619 731 4672 sustulerat
751 4618 903 4684 vasculum,
926 4617 1028 4671 ibidem
1041 4613 1215 4670 verecundus
1228 4613 1352 4679 reposuit
