3316 5482
259 382 353 432 erec.
373 382 456 431 nur.
475 381 593 430 ranis.
613 400 658 410 -
674 380 828 430 tessun.
848 380 895 429 uo
912 379 990 429 coo.
1011 377 1087 427 sato.
1232 357 1297 427 113

65 550 93 603 in
109 551 169 603 tice
181 549 372 604 hebdomadae
393 562 458 603 suae
479 549 620 613 defuisset,
634 549 685 600 iste
703 547 793 601 locum
815 549 874 614 ejus
893 547 1049 614 supplebat.
1063 545 1140 599 Unde
1158 545 1256 599 accidit
1268 550 1298 599 ut

65 650 94 702 in
113 662 169 703 una
190 651 324 715 noctium,
337 648 447 716 quando
466 647 586 703 custodis
605 648 689 701 unius
709 648 795 700 vicem
820 647 941 714 gerebat,
962 651 1025 699 ante
1048 646 1206 712 sepulcrum
1225 646 1298 700 beati

65 749 160 801 liilarii
173 748 329 803 facultatem
340 761 373 801 ex
393 747 481 802 oflicio
494 747 611 814 adeptus
627 746 730 800 diutius
747 746 901 811 assistendi,
916 749 988 798 totus
1001 746 1156 813 pavimento
1169 747 1197 798 in
1217 759 1298 799 cruce

65 848 224 902 extenditur
239 852 267 901 et
278 849 387 902 beatum
402 848 543 911 Hilarium,
557 847 621 900 licet
641 860 698 900 non
718 846 818 912 verbis,
831 845 977 913 gemitibus
989 858 1021 898 ac
1033 845 1153 898 lacrimis
1164 845 1253 912 pulsat
1269 851 1299 898 ut

32 951 50 1003 tt
65 948 109 1001 sui
121 948 294 1001 uriscreatur.
309 947 450 1000 piissimus
462 951 551 999 autem
566 945 718 1009 confessor,
732 945 851 998 bominis
869 945 942 998 iliius
959 958 1015 998 non
1033 957 1166 1011 spernens
1179 944 1299 999 devotio·

65 1061 142 1111 nem,
155 1046 277 1115 vigilanti
290 1059 421 1113 apparere
438 1046 565 1113 dignatus
578 1052 619 1099 est
631 1045 785 1107 manifeste,
799 1043 947 1111 pontificali
961 1050 1035 1097 teste
1048 1049 1172 1109 ornatus,
1182 1049 1209 1098 et
1221 1056 1299 1097 suam

64 1147 193 1200 conferre
205 1145 421 1198 consolationem
442 1145 574 1210 promisit.
588 1144 834 1209 percunctantique
854 1150 948 1196 sancto
966 1142 1032 1209 quid
1050 1147 1205 1210 quaereret,
1219 1143 1299 1196 mira·

64 1246 132 1313 bile,
147 1245 295 1312 respondet
316 1245 397 1297 bomo
417 1250 448 1296 ut
468 1243 626 1310 loqueretur
646 1249 674 1296 ct
693 1242 809 1296 audiret.
823 1245 899 1295 Tunc
916 1244 1012 1296 beatus
1033 1242 1171 1297 llilarius:
1191 1243 1298 1310 Unum,

65 1347 166 1414 inquit,
177 1344 298 1412 borum
308 1345 399 1398 auris
411 1343 531 1398 scilicet
542 1342 687 1411 officium,
697 1355 757 1410 per
768 1356 816 1396 me
826 1342 951 1398 mooems
964 1341 1020 1396 tcbi
1031 1356 1051 1396 a
1064 1341 1193 1397 Domino
1199 1343 1300 1410 plane

15 1451 46 1501 tu
63 1446 246 1511 indultum·
259 1444 313 1497 sect
326 1443 409 1498 vocis
423 1456 515 1497 usum
532 1442 741 1497 nihilominus
755 1455 818 1510 per
838 1442 1050 1509 coepiscopum
1062 1445 1091 1496 et
1102 1442 1300 1497 consocialem
1350 1471 1355 1480 ·

66 1559 171 1600 meum
182 1558 204 1598 a
214 1545 275 1598 Deo
287 1543 419 1611 recipies
436 1543 610 1597 Martinam
632 1544 839 1597 flaconensem
857 1541 1136 1610 archiepiscopum.
1149 1540 1195 1594 iiis
1206 1539 1298 1606 dictis,

66 1647 103 1698 ab
114 1645 202 1699 oculis
222 1644 282 1710 etus
301 1650 412 1696 sanctus
432 1644 553 1705 evanuit,
569 1649 595 1696 et
616 1644 673 1708 ipse
692 1644 726 1696 ab
745 1644 868 1696 oratione
892 1656 1017 1711 surgens,
1031 1643 1121 1695 statim
1142 1640 1245 1695 audiuit
1261 1646 1299 1706 et,

67 1743 142 1810 quod
155 1744 309 1796 mirabilius
322 1744 382 1807 fuit,
396 1741 464 1811 [qui]
477 1744 545 1796 nibil
558 1751 638 1797 antea
651 1743 686 1797 de
705 1757 801 1797 vocum
819 1743 999 1811 significantia
1011 1743 1177 1811 cognoverit,
1189 1755 1252 1795 mox
1269 1745 1301 1794 ut

67 1842 196 1896 auditum
212 1843 326 1909 recepit,
337 1841 464 1910 vulgares
475 1856 555 1896 voces
572 1843 692 1910 perfecte
710 1843 852 1897 intellexit.
865 1847 943 1897 Mane
960 1848 1050 1897 autem
1068 1843 1149 1909 facto,
1162 1840 1300 1895 licentiam

16 1943 48 1993 tit
64 1941 256 2008 proficiscendi
279 1941 391 1994 nutibus
413 1947 440 1995 et
460 1942 545 2010 signis
565 1943 666 2010 quibus
687 1949 834 1996 consuerat
853 1944 991 2009 accipiens
1011 1955 1027 1995 a
1045 1942 1213 2007 custodibus,
1229 1954 1258 1993 se
1271 1942 1299 1994 in

63 2042 141 2094 breti
154 2039 310 2093 rediturum
322 2040 422 2103 innuit,
435 2045 462 2093 et
474 2039 508 2093 ad
530 2048 655 2094 sanctum
676 2043 820 2094 lfartinum
838 2044 1024 2095 Turonensem
1035 2024 1119 2108 >quam
1133 2040 1186 2094 cito
1203 2053 1300 2107 gressu

65 2141 198 2208 persenit.
212 2140 261 2193 ubi
274 2143 338 2193 ante
364 2140 520 2206 sepulcrum
541 2140 662 2204 ejusdem
681 2140 784 2194 diutius
805 2141 833 2193 in
852 2143 975 2195 oratione
994 2146 1155 2207 prostratus,
1168 2145 1249 2192 nocte
1261 2140 1300 2192 in·

64 2240 215 2293 cumbente
227 2252 243 2291 a
255 2239 415 2292 custodibus
427 2243 469 2292 est
480 2240 557 2293 exire
572 2241 744 2306 compulsus;
759 2238 806 2293 sed
827 2245 881 2293 tota
899 2244 977 2292 nocte
999 2253 1063 2306 prae
1080 2240 1185 2292 foribus
1207 2250 1296 2291 mona-

65 2339 143 2393 sterii
167 2340 317 2405 excubans,
331 2340 537 2394 matutinalibus
560 2341 634 2393 boris
655 2354 718 2394 cum
738 2341 799 2394 aliis
819 2340 962 2394 ecclesiam
975 2340 1040 2394 item
1052 2341 1201 2406 ingressus.
1215 2340 1299 2402 Quem

14 2444 51 2496 ab
67 2437 198 2492 custodes
210 2437 314 2491 redisse
335 2451 367 2491 ac
385 2439 514 2492 cancellis
535 2439 627 2492 altaris
647 2440 771 2493 innixum
793 2440 926 2506 videntes,
940 2439 1057 2507 turpiter
1069 2437 1133 2491 inde
1146 2442 1298 2504 removent,

64 2539 156 2591 furem
165 2550 228 2590 esse
239 2541 423 2591 autumantes.
435 2538 537 2602 Quibus
553 2539 598 2591 ille
612 2538 680 2592 flens
692 2539 870 2605 supplicabat,
885 2543 912 2591 et
923 2542 953 2591 ut
965 2538 1050 2590 sancti
1062 2536 1238 2602 beneficium,
1249 2549 1298 2602 pro

64 2649 121 2704 quo
131 2642 255 2700 uenerat,
270 2649 326 2711 non
338 2637 365 2689 ei
377 2637 553 2704 impedirent,
568 2642 636 2691 nutu
655 2652 710 2705 quo
729 2643 835 2705 poterat
847 2637 1019 2704 implorabat.
1033 2636 1109 2701 Quod
1123 2637 1176 2690 iilis
1188 2635 1297 2689 tandem

64 2737 110 2788 rix
128 2736 318 2788 annuentibus
340 2736 434 2802 reique
454 2737 555 2790 exitum
577 2737 794 2803 explorantibus,
818 2738 961 2804 impetrata
982 2736 1092 2789 licentia
1114 2749 1209 2788 rursus
1234 2742 1298 2788 ante

63 2836 222 2901 sepulcrum
235 2848 345 2902 quoque
358 2836 430 2888 beati
445 2838 551 2889 lfartini
564 2838 592 2889 in
606 2851 715 2891 crucem
734 2839 932 2905 p1·osternitur;
946 2838 1039 2904 ibique
1058 2836 1156 2890 devote
1173 2848 1298 2899 manens,

12 2938 49 2988 2⁵5
66 2937 184 2988 multum
202 2948 265 2986 cum
285 2935 403 2987 lacrimis
424 2937 566 3002 suspirans
588 2943 615 2989 et
637 2951 759 3005 gemens,
773 2938 846 2991 videt
866 2938 990 2990 similiter
1009 2942 1134 2989 sanctum
1156 2937 1298 2989 blartinum

66 3033 261 3100 pontificaliter
273 3032 408 3086 indutum.
426 3037 447 3086 l
467 3047 522 3101 quo
542 3036 694 3089 sciscitatus
716 3037 780 3102 quid
797 3042 952 3102 quaereret,
967 3034 1108 3101 respondit
1129 3034 1158 3086 in
1176 3034 1298 3087 auditum

65 3139 158 3184 mutus
185 3145 216 3184 se
236 3145 251 3183 a
272 3131 351 3184 beato
372 3133 473 3186 liilario
494 3133 528 3185 ad
553 3135 642 3199 ipsum
665 3134 778 3186 missum
799 3139 830 3186 ut
851 3146 1005 3187 sermonem
1027 3134 1052 3186 ei
1074 3132 1209 3185 redderet.
1223 3134 1300 3184 Tunc

65 3236 177 3284 sanctus
189 3231 330 3291 liartinus,
344 3238 482 3298 tamquam
504 3233 655 3286 oboediens
677 3235 804 3299 magistro
817 3233 979 3299 discipulus,
993 3232 1050 3284 ait:
1064 3232 1103 3284 Et
1121 3244 1173 3298 ego
1195 3232 1230 3282 m
1248 3243 1299 3284 rto·

65 3330 149 3383 ruine
171 3330 296 3383 Domini
313 3330 475 3384 uinculum
491 3333 617 3398 linguae
635 3332 691 3386 tibi
707 3335 834 3387 resolvo.
849 3336 907 3396 Quo
925 3332 1008 3398 dicto,
1022 3339 1134 3385 sanctus
1152 3344 1208 3384 non
1220 3345 1296 3384 com·

11 3433 47 3482 30
65 3430 173 3497 paruit3
187 3434 216 3482 et
228 3435 320 3482 mutus
331 3435 426 3495 aperto
439 3444 486 3483 ore
498 3444 561 3484 mox
574 3437 647 3485 certe
660 3433 735 3499 loqui
748 3434 846 3499 coepit,
861 3436 915 3486 beo
931 3433 1029 3499 gratias
1041 3432 1114 3484 clara
1127 3444 1193 3484 voce
1205 3444 1298 3498 agens,

64 3531 110 3596 qui
125 3543 174 3595 per
186 3528 281 3581 beatos
293 3530 465 3583 confessores
477 3545 541 3584 suos
554 3532 686 3585 liilarium
699 3539 726 3584 et
738 3533 882 3585 lfartinum
896 3545 1051 3585 sermonem
1064 3533 1124 3598 ejus
1136 3536 1165 3584 et
1176 3530 1298 3585 auditum

65 3628 233 3693 reddiderat,
246 3629 292 3694 qui
306 3630 439 3695 usquead
452 3629 479 3681 id
494 3633 624 3697 temporis
636 3631 736 3685 surdus
746 3638 773 3684 et
785 3639 877 3685 mutus
889 3632 994 3697 iuerat,
1005 3630 1128 3698 dixitque
1138 3629 1298 3684 custodibus

63 3727 184 3793 qualiter
196 3740 211 3778 a
224 3727 303 3780 beato
322 3728 434 3793 Hilario,
449 3731 527 3796 cujus
539 3731 667 3783 alumnus
685 3736 711 3783 et
732 3731 857 3784 aedituus
879 3735 974 3794 erata
995 3729 1127 3783 surditate
1147 3734 1257 3783 curatus
1274 3733 1300 3782 et

63 3840 146 3892 quam
164 3826 220 3879 cito
239 3824 310 3878 idem
324 3831 434 3880 sanctus
447 3830 566 3896 magistri
580 3831 623 3882 sui
643 3830 841 3896 obtemperavit
855 3830 1045 3897 legationibus.
1059 3830 1135 3893 Quod
1155 3828 1298 3882 audientes

12 3925 47 3976 335
63 3923 201 3983 custodes,
216 3924 320 3976 bomini
341 3924 380 3976 ilii
393 3939 450 3978 non
462 3927 621 3993 credebant,
635 3927 722 3981 donec
746 3930 859 3981 Pietatis
871 3942 934 3981 cum
955 3929 1013 3993 ipso
1027 3929 1176 3992 mittentes,
1190 3928 1218 3979 in
1232 3928 1300 3980 veri-

64 4029 118 4075 tate
131 4029 300 4089 acceperunt
317 4024 401 4076 fuisse
420 4027 490 4079 sicut
502 4027 655 4095 audierant,
669 4033 695 4080 et
708 4035 761 4079 tam
775 4028 825 4094 ipsi
838 4041 920 4094 quam
933 4040 1039 4093 omnes,
1051 4026 1084 4079 ad
1099 4040 1168 4093 quos
1181 4027 1233 4079 boc
1245 4040 1301 4080 ver·
1323 4055 1325 4059 ·

64 4122 129 4175 bum
147 4124 287 4188 contenit,
301 4126 386 4176 iteum
405 4125 433 4177 in
451 4127 553 4179 sanctis
564 4127 767 4180 confessoribus
790 4129 846 4179 suis
859 4127 959 4180 liilario
978 4132 1059 4194 atque
1075 4128 1188 4179 lfartino
1200 4125 1299 4194 glorifi-

64 4222 208 4274 cabanto
230 4222 340 4274 beatum
362 4223 503 4288 llilarium,
517 4226 563 4292 qui
582 4240 645 4278 cum
667 4227 770 4279 bomini
792 4241 807 4279 a
829 4227 967 4278 nativitate
984 4226 1068 4278 surdo
1081 4231 1107 4279 et
1128 4232 1203 4278 muto
1216 4225 1258 4278 bis
1271 4226 1300 4276 in

65 4333 120 4373 uno
134 4320 268 4373 miraculo
282 4321 443 4375 mirabiliter
454 4324 612 4377 subvenerit
630 4331 658 4376 et
670 4324 793 4379 auditum
809 4332 835 4377 ot
849 4324 1016 4378 intellectum
1038 4325 1164 4376 similiter
1176 4325 1200 4375 ei
1214 4323 1301 4375 reddi·

18 4421 48 4470 to
64 4419 146 4484 derit,
160 4420 353 4485 imperfectum
367 4422 391 4473 ei
404 4423 454 4474 fuit
466 4423 554 4476 donec
573 4438 588 4475 a
606 4431 699 4477 sancto
718 4427 831 4476 llartino
850 4425 983 4488 discipulo
1005 4438 1055 4476 suo
1069 4425 1141 4476 vocis
1154 4437 1234 4474 usum
1247 4422 1300 4488 ipsi

64 4518 143 4571 reddi
158 4519 229 4571 fecit.
238 4519 317 4582 Quod
328 4532 390 4571 cum
403 4534 451 4586 per
460 4536 489 4575 se
498 4523 609 4590 quidem
621 4525 710 4576 faeere
722 4525 864 4589 potuisset,
876 4524 1067 4576 familiaritatis
1077 4524 1205 4588 antiquae
1215 4523 1301 4589 gratia

63 4623 160 4671 sancto
172 4618 265 4671 eidem
283 4619 418 4670 bonorem
429 4619 538 4674 detulit.

129 4728 230 4771 catat„
242 4727 337 4770 Pauus·
352 4726 378 4768 T·
392 4727 418 4770 11.
1220 4722 1237 4772 8
