3316 5482
372 329 440 397 396
711 344 837 398 curm.
857 345 958 396 cono.
977 345 1152 397 aramme.
1171 347 1252 400 aar.

372 514 445 569 viros
456 520 484 568 et
495 514 585 569 bonae
596 513 684 568 lamae
697 514 811 568 clericos
831 514 1021 569 indesinenter
1033 515 1085 568 sibi
1106 516 1268 583 associabat,
1280 518 1419 586 scriptum
1440 519 1534 575 sciens
1548 532 1601 589 oue

373 616 448 668 niam
458 614 526 668 tales
538 616 656 683 quisque
667 615 809 668 ministros
829 615 912 668 babet
923 614 1032 683 qualis·
1053 616 1111 682 ipse
1123 620 1174 670 est.
1188 617 1290 682 Quibus
1312 619 1456 674 ministris
1469 633 1503 674 ac
1513 620 1597 676 estem

372 714 503 781 subjectis
513 715 543 768 iu
555 728 605 768 sua
617 714 726 768 dicione
738 714 795 767 ita·
808 727 870 768 sese
881 715 1105 782 contemperabat
1119 723 1148 770 ut
1160 717 1239 770 bouis
1251 717 1365 785 quidem
1377 717 1387 745 ¹
1398 719 1479 773 velut
1493 718 1598 788 amab

373 818 454 882 esset,
467 826 573 869 memor
584 814 658 867 illius
674 814 810 880 praecepti
829 827 884 881 quo
895 816 904 843 ⁸
917 815 1029 881 jubetur
1042 827 1049 867 :
1064 816 1139 871 Esto
1160 817 1245 870 inter
1255 816 1398 873 sabditos
1418 820 1517 887 pamm
1530 831 1597 873 mat

372 925 413 966 erc
431 911 520 980 ipsis.
533 914 641 967 utrem
654 912 788 966 malivolis
798 912 958 965 tremendus
971 918 1030 966 erat
1041 914 1117 981 satis,
1127 915 1203 982 juxta
1214 914 1282 968 illud
1294 915 1369 983 quod
1380 917 1447 971 item
1457 917 1494 972 de
1503 917 1515 945 '
1524 916 1620 972 diuet

372 1011 436 1065 lutis
448 1011 615 1078 praecipitur
628 1027 634 1064 :
649 1011 695 1065 Ne
706 1010 844 1066 br'lerem
864 1014 987 1066 vultum
999 1015 1088 1068 tuem
1108 1014 1154 1068 eis
1171 1014 1443 1084 ostendemusque
1462 1017 1512 1072 lux
1522 1016 1596 1072 cultus
1657 1048 1658 1055 κ

372 1111 432 1178 ejus
446 1110 468 1137 ¹⁰
483 1110 598 1164 cadebat
609 1112 639 1163 in
652 1116 763 1165 terram.
775 1114 851 1177 Quod
865 1109 885 1137 ¹⁴
899 1113 1032 1167 tamenin
1045 1113 1087 1166 bis
1099 1113 1242 1167 exercebat
1253 1126 1324 1181 quos
1335 1114 1370 1169 ad
1383 1116 1502 1183 iniurias
1510 1128 1594 1185 pagen-

372 1209 449 1265 sibus
460 1211 618 1265 inferendas
627 1212 745 1266 audaces
757 1227 817 1267 csse
830 1214 851 1241 ¹⁸
865 1220 891 1268 et
902 1214 1070 1269 voluntarios
1090 1213 1268 1282 dinoscebat;
1282 1216 1332 1269 sed
1344 1218 1421 1270 enim
1433 1214 1457 1242 ¹⁸
1469 1230 1532 1288 erga
1542 1228 1594 1271 tart

374 1309 490 1377 injurias
502 1311 582 1380 longe
595 1312 674 1365 aliter
685 1313 790 1381 agebat.
804 1316 870 1366 llam
891 1315 1052 1382 frequenter
1063 1314 1115 1380 ipsi
1138 1315 1184 1382 qui
1198 1327 1263 1368 suae
1283 1314 1402 1370 dicionis
1415 1322 1496 1372 erant
1507 1317 1592 1385 impre-

373 1411 507 1477 perabant
518 1412 543 1465 ei
556 1413 630 1479 quod
646 1413 736 1466 mollis
754 1419 826 1467 esset
838 1421 865 1467 et
886 1414 1006 1479 timidus,
1020 1415 1067 1481 qui
1080 1429 1109 1468 se
1123 1416 1157 1468 ab
1169 1414 1270 1468 infimis
1283 1413 1307 1441 ¹⁴
1319 1417 1447 1485 personis
1466 1414 1625 1485 temdum

374 1509 510 1577 impotens
526 1511 598 1565 laedi
616 1512 795 1578 permisisset.
814 1515 886 1567 sane
909 1514 944 1567 dc
962 1515 1101 1567 communi
1118 1515 1352 1570 sermocinatione
1369 1517 1432 1584 eius
1450 1516 1533 1570 relin
1545 1527 1593 1584 pre

374 1610 475 1665 verbiis
487 1610 510 1637 ¹⁸
522 1611 623 1678 quibus
634 1612 761 1666 utebatur
782 1613 868 1667 multa
885 1614 927 1667 sui
948 1620 1173 1669 commemorant.
1196 1618 1227 1669 ln
1245 1616 1287 1669 bis
1308 1616 1412 1684 quippe
1431 1613 1593 1685 qnaeabcb

374 1711 538 1778 loquebatur
550 1715 608 1764 erat
620 1718 712 1779 gratus
723 1716 751 1766 et
762 1712 868 1780 duleis3
882 1713 964 1767 verba
973 1717 1068 1768 tamen
1080 1727 1151 1781 quae
1168 1715 1336 1783 increpative
1349 1715 1507 1783 proterebat
1517 1725 1591 1783 pamt

376 1809 436 1878 plus
448 1823 531 1878 quam
543 1812 659 1865 verbera
671 1810 694 1838 ¹⁰
706 1812 883 1875 timebantur,
896 1817 927 1866 ut
939 1817 1040 1876 essent,
1047 1814 1126 1881 juxta
1136 1814 1204 1868 illud
1216 1815 1362 1883 Sapientis,
1372 1816 1452 1884 quasi
1464 1814 1591 1869 sbrouliio

374 1909 457 1965 altum
470 1910 562 1964 delixi.
576 1913 629 1964 Nec
643 1911 677 1964 ad
690 1910 863 1966 irascendum
884 1913 928 1966 vel
939 1913 974 1966 ad
987 1912 1212 1967 comminandum
1232 1920 1290 1969 erat
1302 1915 1401 1982 facilis,
1417 1927 1470 1970 nec
1490 1912 1525 1968 ad
1536 1910 1622 1967 inicii

375 2010 476 2064 rendas
487 2010 603 2079 injurias
615 2011 703 2079 dicax,
717 2025 768 2066 nec
777 2013 806 2065 in
818 2013 921 2067 eisdem
935 2014 1106 2068 reservandis
1118 2019 1209 2069 tenax.

407 2112 439 2164 6.
457 2111 597 2174 Quomodo
618 2117 720 2178 autem,
739 2113 817 2178 juxta
836 2112 1015 2180 apostolicum
1038 2118 1222 2182 praeceptum,
1245 2114 1337 2168 sobrie
1358 2117 1386 2167 et
1404 2114 1516 2181 Justeet
1532 2111 1588 2180 pie⁴

373 2209 479 2276 vixerit,
493 2215 520 2264 et
531 2224 613 2277 quam
626 2212 748 2265 certatim
762 2216 789 2265 et
801 2213 812 2242 ⁸
824 2213 853 2265 in
876 2213 956 2266 biset
973 2213 1002 2265 in
1016 2213 1026 2240 ⁸
1038 2213 1137 2266 ceteris
1149 2215 1301 2280 praeceptis
1313 2213 1383 2267 bei·
1400 2226 1433 2267 se
1443 2209 1589 2275 exercuerit,

374 2309 408 2364 ad
421 2312 605 2364 enarrandum
624 2312 704 2365 nobis
716 2312 853 2379 pleniter*
872 2313 986 2366 facultas
1008 2325 1064 2366 non
1076 2313 1196 2380 suppetit
1214 2313 1287 2380 quod
1308 2314 1334 2367 ei
1355 2311 1472 2382 quidem
1490 2325 1537 2381 per
1552 2309 1590 2364 ltei

373 2408 488 2476 gratiam
500 2409 630 2476 possibile
649 2409 709 2476 suit,
723 2408 772 2463 sed
791 2411 847 2477 jam
861 2411 962 2464 nostris
975 2412 1143 2479 temporibus
1165 2412 1202 2465 ita
1214 2425 1309 2485 paene·
1324 2414 1432 2466 cuncus
1445 2402 1620 2465 inusitatam!

374 2512 416 2561 est
426 2512 457 2561 ut
468 2509 512 2563 vix
525 2508 597 2576 quod
612 2509 699 2578 egerit
719 2509 851 2563 credibile
864 2510 997 2564 videatur.
1012 2511 1149 2575 Quaedam
1169 2517 1261 2565 tamen
1273 2511 1308 2564 dc
1320 2511 1382 2578 ejus
1399 2509 1589 2566 conversatione

373 2608 416 2661 rel
428 2608 506 2662 iactis
518 2605 528 2632 ⁸
541 2607 698 2676 digerimus,
712 2622 761 2675 per
773 2622 843 2675 quae
857 2610 962 2663 scilieet
973 2610 1071 2676 partim
1083 2611 1209 2679 cognosci
1226 2615 1316 2678 potest
1327 2611 1420 2678 qualis
1432 2610 1477 2664 ael
1488 2612 1589 2679 quantas

375 2707 426 2760 iste
438 2707 478 2759 vir
490 2707 589 2774 fuerit3
603 2708 729 2773 inprimis
741 2711 895 2760 asserentes
917 2707 982 2775 quia
994 2712 1137 2774 tantopere
1148 2722 1231 2775 super
1246 2721 1364 2777 egenum
1378 2708 1538 2778 intellegens
1548 2704 1589 2760 ele

373 2807 495 2874 mosynis
507 2806 615 2860 deditus
628 2806 710 2860 merit
721 2810 752 2859 ut
772 2806 840 2860 illud
850 2807 901 2860 tob
913 2807 939 2859 ei
959 2808 1105 2861 conveniat
1118 2823 1124 2860 :
1138 2807 1257 2863 Mecum
1276 2808 1376 2862 crevit
1392 2800 1590 2863 mberattoot

374 2904 524 2973 infantie.
546 2907 658 2972 Semper
679 2907 752 2959 enim
773 2905 902 2958 subsellia
924 2908 1088 2973 pauperibus
1103 2920 1196 2961 coram
1209 2921 1238 2960 se
1258 2906 1458 2974 parabanturt,
1471 2912 1504 2961 ut
1525 2898 1621 2974 ipse‘!
1651 2946 1658 2972 ,

373 3004 477 3059 videret
493 3004 560 3072 quid
582 3005 624 3058 vel
645 3011 777 3072 quantum
797 3005 856 3058 eis⁰
869 3004 999 3070 daretur;
1018 3006 1118 3073 quibus
1138 3020 1248 3074 semper
1268 3004 1444 3060 medietatem
1465 3007 1509 3060 sui
1528 3003 1593 3074 ponis

372 3105 581 3158 transmittebat.
594 3105 689 3158 Nullus
699 3106 820 3157 clamans
832 3119 914 3173 quem
928 3106 1057 3173 audisset,
1069 3107 1130 3160 siue
1139 3107 1296 3173 elemosyna
1305 3107 1340 3159 ab
1353 3107 1426 3160 ostio
1437 3106 1591 3169 recedebat;

372 3203 540 3270 ubicumque
552 3201 675 3256 redditus
684 3215 812 3271 agrorum
824 3203 846 3230 ¹⁰
857 3205 1104 3271 congregabantur,
1115 3217 1217 3258 nonam
1230 3208 1334 3272 partem
1344 3205 1439 3273 egenis
1451 3205 1519 3259 dare
1530 3215 1597 3273 prae

373 3309 491 3369 ceperat.
503 3306 570 3356 llam
583 3303 680 3368 etipse
703 3303 869 3370 paupertatis
881 3310 963 3370 atque
983 3305 1144 3357 humilitatis
1156 3317 1250 3358 amore
1268 3304 1389 3372 indiguis
1402 3307 1520 3372 cupiens
1530 3316 1597 3359 eoae
1655 3338 1658 3367 ,

375 3404 464 3470 quari,
478 3417 605 3456 nummos
618 3405 646 3455 in
660 3403 844 3468 elemosynam
866 3404 917 3456 sibi
931 3403 1008 3457 datos
1020 3404 1179 3471 frequenter
1199 3405 1312 3472 accepit,
1327 3417 1398 3471 quos
1411 3410 1506 3459 tamen
1518 3404 1598 3458 statim
1611 3399 1635 3453 at

375 3502 465 3556 dabat.
480 3503 644 3556 ltelectionis
664 3508 786 3569 tempore
808 3516 908 3570 magna
921 3504 960 3556 illi
982 3506 1133 3558 reverentia
1154 3507 1311 3559 servabatur
1332 3503 1366 3558 ¹¹.
1387 3508 1473 3560 Usum
1486 3516 1601 3573 namque

374 3609 559 3669 assumpserat
578 3608 608 3655 ut
628 3603 662 3656 ad
684 3604 829 3669 prandium
851 3603 919 3669 eius,
942 3617 997 3657 non
1019 3605 1172 3658 solumalia
1190 3605 1260 3672 vice,
1283 3606 1356 3673 quod
1378 3618 1492 3673 semper
1512 3605 1603 3660 solitus

375 3709 433 3756 erat
446 3701 477 3769 ¹¹,
492 3703 539 3756 sed
555 3705 635 3756 etiam
650 3715 712 3755 eum
725 3704 845 3769 hospites
858 3702 986 3756 adessent
1000 3707 1032 3768 ⁴³,
1046 3705 1190 3772 legeretur,
1204 3711 1234 3757 ut
1247 3705 1311 3758 inde
1324 3709 1397 3758 esset
1410 3704 1602 3760 confabulatio.

374 3803 433 3854 lton
446 3809 504 3856 erat
516 3803 660 3857 immemor
672 3804 746 3870 quod
758 3804 907 3871 unicuique
925 3804 1047 3871 jubetur,
1061 3810 1091 3857 ut
1102 3818 1165 3858 cum
1186 3805 1295 3858 silentio
1313 3818 1413 3872 panem
1426 3819 1509 3860 suum
1534 3818 1605 3859 man·

375 3900 467 3956 ducet.
479 3905 519 3956 lta
530 3904 670 3956 sobrietati
681 3903 703 3929 ¹⁴
716 3902 841 3956 studebat
862 3909 959 3956 utnon
972 3903 1060 3957 solum
1075 3918 1103 3957 se
1116 3905 1163 3957 sed
1182 3906 1263 3958 etiam
1277 3905 1403 3959 convivas
1417 3918 1433 3959 a
1446 3906 1606 3960 temulentia
1619 3903 1645 3956 tt

378 4122 426 4174 'et
438 4121 511 4175 odd.
524 4123 576 4190 ²³3·
589 4148 623 4159 -
635 4119 644 4145 ⁸
658 4133 716 4174 om.
730 4125 754 4173 5.
770 4149 799 4158 -
813 4121 822 4146 ⁷
836 4121 946 4188 quidam
961 4123 983 4174 l.
999 4151 1030 4159 -
1045 4123 1054 4147 ⁸
1068 4122 1141 4189 quod
1153 4125 1206 4187 25.
1220 4150 1250 4160 -
1264 4121 1274 4147 ·
1288 4134 1346 4175 om.
1367 4125 1390 4175 l.
1402 4149 1439 4161 —
1460 4122 1484 4149 ¹·
1505 4135 1566 4177 om.
1584 4126 1609 4176 5

375 4232 409 4243 -
421 4203 441 4229 “
457 4205 505 4268 Qui
521 4206 543 4256 l.
556 4232 590 4241 —
611 4204 632 4232 ¹²
646 4217 704 4257 om..
719 4206 744 4256 i.
765 4234 798 4241 -
812 4204 834 4230 ⁴⁸
847 4205 919 4257 enim
938 4217 996 4258 om.
1010 4208 1035 4257 5.
1055 4233 1085 4243 -
1100 4205 1122 4231 “
1144 4204 1259 4258 infirmis
1277 4205 1330 4269 95.
1344 4233 1375 4243 -
1389 4207 1412 4234 ¹⁸
1424 4207 1465 4271 (in
1487 4209 1544 4273 pr.)
1563 4221 1611 4274 pro

375 4288 467 4342 verbis
479 4291 504 4340 5.
517 4315 551 4325 -
562 4286 584 4313 “
594 4288 707 4340 verbere
721 4291 744 4340 l.

409 4372 501 4424 Num.
516 4371 547 4422 a.
562 4399 592 4408 -
606 4373 612 4397 ¹
629 4375 665 4434 (et
678 4372 729 4437 pie)
748 4384 806 4425 om.
820 4375 873 4438 55.
886 4400 918 4410 -
931 4375 940 4401 ¹
955 4385 1013 4426 om.
1026 4375 1053 4425 5.
1069 4401 1098 4411 -
1111 4373 1121 4399 ⁸
1133 4384 1192 4428 om.
1206 4374 1259 4437 55.
1271 4400 1305 4411 -
1319 4371 1328 4401 ⁴
1340 4384 1400 4425 om.
1413 4373 1469 4438 25.
1485 4401 1517 4413 -
1532 4367 1544 4393 ⁸
1557 4375 1612 4441 ple

378 4455 451 4507 nitus
463 4458 488 4507 5.
503 4481 533 4491 -
547 4454 556 4480 ·
571 4455 638 4506 lacta
650 4458 675 4507 5.
690 4484 722 4492 -
734 4454 742 4479 ⁷
756 4457 790 4518 (o.
803 4469 832 4508 se
845 4457 883 4521 p.)
895 4471 921 4522 p.
935 4468 959 4508 c.
974 4469 1003 4507 se
1015 4459 1040 4508 5.
1053 4484 1087 4494 -
1100 4452 1109 4479 ⁸
1122 4468 1181 4509 om.
1194 4459 1219 4508 5.
1235 4455 1288 4493 -'
1306 4467 1364 4509 om.
1378 4457 1432 4519 bb.
1447 4482 1480 4494 -
1494 4455 1516 4482 ¹·
1529 4457 1565 4522 (r.
1578 4460 1613 4518 ul

377 4552 402 4590 a.
417 4552 439 4590 r.
453 4541 478 4590 5.
490 4564 524 4575 -
537 4537 555 4562 “
568 4537 635 4602 (bel.
650 4567 679 4576 -
694 4539 777 4601 serv.)
788 4551 846 4591 om.
861 4542 886 4591 5.
907 4567 938 4576 -
952 4539 973 4565 ¹¹
995 4540 1031 4605 (q.
1045 4552 1067 4590 s.
1084 4552 1106 4591 s.
1121 4539 1157 4604 e.)
1168 4551 1227 4593 om.
1240 4541 1293 4605 55.
1315 4566 1347 4577 -
1361 4536 1383 4564 ¹⁸
1395 4543 1491 4591 essent
1508 4541 1564 4605 2,b.
1583 4568 1613 4578 -

381 4620 402 4647 '⁴
415 4620 590 4675 sobrietatem
605 4623 628 4674 l.
