3316 5482
442 365 535 416 arar..
555 363 639 416 nar.
658 365 776 417 rums.
794 385 840 396 -
856 365 1009 416 urrann.
1029 366 1076 416 an
1093 366 1171 417 oon.
1191 366 1267 417 ssu.
1408 351 1471 416 451

236 534 273 588 ad
286 535 451 590 sanctissimi
462 537 513 591 viri
535 548 616 590 aures
627 537 788 604 devenerat,
800 541 831 591 ut
851 537 948 604 optimi
960 539 1077 605 pastoris
1089 539 1168 592 mas'
1180 551 1241 592 esse
1253 538 1331 605 solet,
1345 551 1405 592 sese
1418 537 1472 590 illis
1524 539 1533 559 ·

236 634 455 703 adhaerendum,
467 648 523 703 quo
535 636 642 704 agitatis
654 642 745 704 posset
757 636 912 704 consulere,
927 637 1054 704 festinam
1069 643 1096 692 et
1109 643 1214 692 mature
1227 637 1350 692 aretium
1362 641 1470 704 petens,

237 735 311 789 tame
322 740 404 804 atque
416 736 461 790 siti
473 736 666 790 semimortuos
679 737 777 790 fratres
787 736 901 791 inuenit.
912 739 945 790 m
953 738 1084 791 continuo
1095 737 1173 791 flexis
1182 738 1298 806 genibus
1308 737 1381 804 piam
1390 741 1473 803 atque

237 833 405 890 clementem
416 839 480 890 lesu
502 835 601 890 christi
623 842 738 891 matrem
759 837 787 889 in
808 836 909 903 templo
929 838 1035 905 orabat,
1048 842 1078 892 ut
1098 839 1155 892 suis
1176 839 1305 892 iratribus
1327 838 1473 892 consulere

196 935 329 989 tirellet.
344 939 377 988 st
395 941 509 1002 repente
531 937 565 990 ad
587 938 687 990 ostium
705 936 760 991 dua
774 935 874 1006 angeli,
889 950 1015 1005 magnam
1036 938 1115 1005 panis
1136 938 1269 992 babentes
1293 938 1470 992 fertilitatem.

237 1035 317 1101 Quod
335 1047 397 1089 sum
409 1035 522 1102 quidam
543 1035 578 1105 ad
590 1036 771 1103 aperiendum
783 1037 845 1101 iret,
859 1037 999 1090 neminem
1012 1039 1064 1091 nisi
1083 1038 1162 1105 panis
1179 1037 1379 1092 abundantiam
1394 1037 1472 1091 vidit.

237 1135 340 1202 sicque
352 1147 448 1188 omnes
467 1148 523 1189 una
543 1149 605 1188 cum
620 1136 792 1191 sanctissimo
813 1136 872 1190 viro
891 1149 1005 1203 corpora
1026 1137 1182 1192 instaurare
1201 1142 1368 1205 coeperunt3
1382 1150 1473 1204 neque

238 1233 307 1287 olim
318 1233 392 1288 beati
403 1233 520 1302 Philippi
533 1233 638 1287 meritis
651 1236 691 1289 eis
703 1235 806 1302 aliquid
816 1233 912 1288 detuit.
927 1236 976 1299 Qui
989 1236 1101 1302 quidem
1117 1236 1190 1303 apud
1203 1249 1299 1290 omnes
1310 1237 1377 1290 tanti
1390 1235 1473 1290 flebat

236 1337 270 1386 ut
282 1337 309 1386 et
330 1335 474 1387 sanctitate
485 1335 566 1400 uitae,
579 1335 691 1400 optimis
712 1339 852 1401 practerea
868 1335 972 1389 artibus
990 1335 1140 1402 praeditus,
1158 1349 1353 1403 sacrarumque
1372 1335 1474 1389 littera·

187 1436 219 1487 lo
239 1447 304 1487 rum
316 1433 440 1487 doctrina
452 1435 550 1488 aciens
563 1434 649 1487 terme
662 1435 791 1489 omnibus
803 1435 1004 1488 existimaretur
1015 1436 1192 1502 praecellere.
1205 1435 1258 1489 Sed
1270 1450 1333 1490 cum
1345 1435 1431 1490 multa
1442 1448 1474 1488 ac

239 1545 329 1601 paene
341 1533 554 1588 innumerabilia
566 1533 698 1588 miracula
718 1535 782 1600 sint,
795 1548 865 1601 quae
879 1534 926 1588 ille
946 1535 1021 1588 omni
1035 1536 1177 1589 sanctitate
1195 1535 1367 1602 monstravit,
1383 1548 1433 1589 nos
1445 1535 1473 1588 in
1531 1575 1532 1578 ,

238 1633 397 1700 praesentia
409 1634 476 1687 baec
489 1633 663 1701 potissimum
676 1633 836 1701 delegimus.

273 1731 330 1784 81.
348 1732 457 1785 Etenim
480 1731 609 1785 traditum
634 1735 674 1785 est
697 1743 849 1799 numquam
872 1731 1075 1785 sanctissimum
1103 1731 1192 1785 virum
1216 1731 1289 1798 apud
1312 1744 1342 1786 se
1365 1730 1473 1787 divitias

238 1828 370 1897 voluisse,
385 1843 495 1898 semper
508 1832 579 1883 banc
598 1830 744 1896 pecuniam
757 1843 773 1883 a
786 1843 816 1884 se
828 1829 902 1884 velut
919 1835 1024 1883 stercus
1036 1830 1177 1897 abjecisse.
1192 1829 1268 1895 Quod
1286 1843 1348 1884 cum
1361 1831 1473 1898 quidam

187 1930 219 1984 tlt
236 1929 405 1984 venerabilis
425 1931 510 1985 trater
527 1944 560 1984 ex
581 1934 743 1997 constaret,
764 1929 896 1997 quidnam
918 1931 968 1983 boc
992 1934 1064 1983 esset
1083 1935 1110 1983 et
1132 1928 1207 1983 unde
1228 1930 1330 1983 victum
1350 1931 1473 1985 traheret

239 2029 353 2098 quando
375 2032 410 2084 ad
427 2030 554 2085 ordinem
575 2029 740 2084 visitandum
759 2030 992 2096 proficiscebatur,
1006 2030 1045 2082 sic
1066 2027 1239 2097 respondisse
1260 2031 1347 2084 fertur
1371 2047 1377 2084 :
1399 2031 1471 2098 Ape,

237 2130 318 2198 qnid
328 2131 419 2185 aliud
430 2144 524 2200 quam
541 2143 654 2186 curam
674 2130 803 2184 animae
820 2128 995 2183 babendum
1012 2142 1079 2184 esse
1098 2130 1227 2184 cernes?
1241 2130 1347 2185 Cetera
1367 2130 1473 2185 omnia

232 2241 298 2297 pro
309 2229 410 2285 nihilo
419 2229 543 2285 babeas.
554 2231 757 2297 Nequaquam
769 2229 894 2297 corpori
902 2229 1101 2283 seruiendum
1112 2231 1157 2282 est
1168 2229 1234 2283 nisi
1241 2242 1365 2284 summu
1373 2242 1474 2284 neces·

238 2330 335 2384 ritate
345 2334 478 2400 copenie,
491 2344 600 2386 oerum
612 2331 722 2384 anima
735 2330 821 2384 bonis
832 2329 954 2384 artibus
966 2332 1059 2396 atque
1070 2329 1208 2384 moribus
1221 2329 1398 2384 imbuenda.
1409 2331 1473 2385 Hoc

187 2430 221 2482 20
238 2442 340 2484 unum
356 2443 420 2484 non
442 2433 472 2484 te
488 2431 596 2498 lateat,
614 2442 728 2497 corpus
750 2429 892 2484 taborum
907 2429 1179 2496 patientissimum
1199 2442 1266 2483 esse
1285 2429 1470 2500 babendum,

241 2529 346 2581 ventri
368 2531 474 2583 antem
497 2541 560 2584 non
583 2528 626 2583 ad
648 2530 839 2596 uoluptatem
860 2530 890 2582 et
914 2528 1103 2582 desiderium
1127 2529 1181 2583 sed
1205 2529 1248 2582 ud
1264 2528 1474 2584 susbstantiam

241 2627 526 2696 obtemperandum,
542 2630 695 2695 precntum
707 2627 756 2681 uti
764 2626 883 2681 debeas.
898 2626 1013 2694 Nonne,
1028 2629 1103 2681 teste
1113 2627 1296 2695 Aupusiino,
1309 2629 1475 2682 Dominum

241 2729 386 2780 nostrum
397 2727 503 2780 Iesum
518 2726 673 2782 Christum
683 2725 784 2792 babes,
795 2724 852 2792 qui
862 2737 934 2779 cum
943 2725 1082 2779 omnium
1091 2724 1254 2779 mamimus
1264 2729 1352 2795 esset,
1365 2727 1474 2781 nullas

244 2827 350 2880 tamen
361 2826 448 2893 apud
459 2838 493 2880 se
506 2826 636 2879 divitias
656 2823 767 2878 babere
780 2823 946 2892 cupiebat?
960 2823 1045 2883 Quod
1055 2824 1118 2877 atii
1134 2824 1263 2879 divitius
1281 2825 1473 2895 appetebant,

187 2925 222 2979 m
241 2924 310 2992 ipse
315 2938 441 2993 pauper
454 2926 527 2994 fieri
539 2925 657 2991 uoluit',·
678 2923 847 2978 bonoribus
858 2926 888 2977 ei
900 2923 1043 2990 imperiis
1063 2922 1239 2992 initiabam,
1254 2925 1320 2992 ipsse
1331 2939 1391 2979 resc
1401 2925 1476 2994 fleri

240 3025 353 3080 notuit.
366 3026 429 3079 Nos
448 3027 554 3079 autem
574 3025 721 3078 uirtutem
738 3025 945 3090 praeclaram
957 3035 1023 3076 esse
1043 3022 1235 3077 arbitrantes
1256 3024 1445 3079 sectabimur
1454 3029 1473 3093 '‚
1532 3039 1618 3094 'cod

241 3126 273 3179 et
283 3124 412 3178 divitias
424 3125 549 3192 quidem
560 3127 788 3179 contemnanus
800 3125 1034 3191 uoluptatesque
1042 3123 1256 3191 despicientem.
1491 3107 1645 3174 septabimu

277 3224 332 3276 22.
351 3224 500 3291 Philippus,
514 3225 636 3291 inquam,
650 3229 681 3277 ut
692 3223 828 3292 generalis
840 3222 930 3276 officio
939 3229 1112 3276 exerceretur
1123 3224 1157 3277 ad
1169 3223 1335 3277 visitandum
1348 3226 1473 3280 ordinem

243 3323 314 3390 iens,
328 3324 465 3391 leprosum
479 3325 619 3391 quendam
628 3337 708 3378 secus
719 3325 791 3377 viam
800 3324 937 3389 jacentem
946 3325 1062 3377 intuitus
1071 3328 1130 3390 est;
1144 3324 1293 3391 quistatim
1310 3326 1344 3379 ad
1357 3326 1474 3396 Philippi

187 3425 225 3476 5⁰
243 3422 329 3489 pedes
340 3422 526 3491 elemosynam
538 3428 635 3490 petens
647 3438 676 3477 se
689 3425 843 3491 prostravit.
856 3426 889 3476 At
901 3425 959 3490 ipse
972 3425 1109 3490 misertus,
1123 3437 1184 3477 sese
1195 3426 1288 3478 tunica
1300 3426 1375 3480 exuit
1393 3430 1474 3495 atque

244 3522 358 3589 pauperi
371 3523 483 3591 largitus
496 3528 556 3588 est;
568 3536 623 3590 qua
642 3537 704 3577 cum
717 3536 747 3576 se
760 3523 896 3590 indueret,
908 3523 1039 3577 continuo
1051 3537 1067 3575 a
1087 3522 1163 3590 lepra
1183 3523 1331 3578 mundatus
1349 3530 1400 3579 cst.
1414 3529 1474 3592 lpse

243 3633 319 3688 vero,
332 3634 395 3674 cum
406 3624 458 3686 [se]
470 3635 486 3675 a
498 3622 544 3675 tali
556 3628 631 3688 peste
644 3627 672 3676 et
681 3622 778 3675 morbo
787 3621 934 3674 liberatum
946 3621 1023 3689 vidit,
1033 3626 1096 3688 post
1108 3623 1217 3676 beatum
1229 3623 1319 3676 virum
1331 3623 1474 3678 clamitans

244 3721 383 3790 pergebat,
396 3726 427 3774 ut
438 3721 506 3775 tanti
528 3723 652 3775 muneris
664 3722 787 3788 tantique
808 3719 944 3787 beneficii,
957 3721 1031 3788 quod
1049 3721 1078 3773 in
1096 3734 1160 3776 eum
1181 3724 1343 3791 contulerat
1357 3723 1471 3778 immor·

243 3821 314 3874 tales
326 3820 353 3874 ei
365 3821 463 3890 gratias
475 3826 576 3890 ageret,
590 3821 726 3875 arbitrans
739 3834 790 3887 per
809 3821 911 3874 iactum
925 3819 1088 3875 miraculum
1101 3823 1254 3889 Philippum
1272 3824 1474 3877 sanctissimum

187 3923 224 3975 55
242 3932 321 3987 esse3
334 3921 429 3988 sicque
439 3921 525 3988 ipsius
538 3921 670 3975 adorandi
682 3933 764 3975 causa
776 3921 805 3972 in
818 3928 918 3974 terram
931 3934 960 3973 se
972 3920 1096 3987 projecit.
1111 3923 1195 3986 Quem
1214 3923 1355 3990 Philippus
1366 3923 1473 3991 videns,

244 4020 285 4073 sic
296 4019 430 4074 allocutus
442 4025 484 4073 est
494 4036 501 4072 ε
513 4021 619 4088 serpe,
633 4019 807 4083 carissime,
821 4021 851 4073 et
863 4019 905 4073 da
924 4019 1061 4086 auriam
1073 4021 1144 4088 Deo,
1164 4021 1220 4089 qui
1230 4022 1369 4077 omnium
1388 4021 1475 4078 bono·

243 4132 317 4173 rum
333 4117 406 4187 sons
426 4123 491 4184 est;
508 4119 585 4186 qnia
606 4131 696 4172 omne
717 4118 990 4185 datumoptimum
1005 4121 1036 4173 et
1057 4131 1146 4173 omne
1167 4120 1283 4174 donum
1297 4120 1475 4189 perfectum

244 4217 409 4274 desursum
428 4218 681 4287 eademeadem
701 4231 722 4271 a
730 4221 825 4285 patre
848 4217 1014 4271 luminum.
1039 4218 1241 4278 Quamobrem
1261 4219 1341 4274 mibi
1349 4220 1475 4287 pretias

242 4319 299 4387 api
308 4331 508 4387 ricquaquam
519 4319 645 4385 justum
665 4331 731 4371 esse
742 4318 876 4384 rideam,
889 4319 943 4371 sect
955 4317 1159 4386 omnipotenti
1175 4322 1205 4373 et
1217 4319 1391 4376 immortali
1402 4322 1474 4386 Dea,

187 4423 222 4476 ii)
241 4431 305 4487 quo
315 4417 400 4472 nibil
407 4418 568 4486 potentius
580 4421 634 4470 est.
647 4418 704 4471 Sed
715 4431 815 4471 anum
827 4417 911 4470 illuct
923 4420 952 4471 te
968 4430 1032 4484 oro,
1044 4432 1086 4472 ne
1096 4419 1196 4472 alicui
1207 4419 1336 4488 diceres,
1349 4420 1379 4473 si
1394 4422 1477 4474 sani-

241 4519 309 4573 tate
317 4516 388 4585 frui
401 4518 488 4571 cetis.
503 4521 621 4570 currens
634 4518 726 4583 itaque
738 4517 786 4583 qui
799 4517 944 4570 sanitatem
956 4523 1106 4587 receperat,
1117 4522 1190 4572 totus
1201 4518 1293 4587 gaudii
1302 4519 1476 4588 laetitiaeque

240 4615 365 4683 repletus
378 4613 548 4681 pervenitad
561 4614 678 4666 Achinlti
689 4614 788 4667 montis
797 4627 887 4668 arcem
898 4618 925 4667 et
937 4614 1043 4683 singula
1056 4616 1127 4670 serie
1139 4616 1267 4671 omnibus
1277 4619 1398 4684 protulit.
1409 4622 1477 4672 Tum
