3316 5482
441 108 535 159 aisn.
553 107 638 161 nar.
658 110 772 162 rasis.
793 132 834 142 —
852 112 1005 164 nerano.
1025 114 1071 164 an
1089 112 1168 164 con.
1187 110 1263 163 sate.
1404 96 1470 163 427

242 277 404 343 supplicium
420 278 569 363 suspendii.
578 279 654 344 Quod
664 279 797 348 judicium
809 282 952 349 episcopus
965 282 1164 337 rationabiliter
1173 280 1348 350 contradixit,
1358 282 1470 336 dicens:

243 375 399 430 odaruiue
416 377 493 446 dunc,
506 391 569 433 uou
589 381 636 434 est
655 383 775 434 rectum
791 384 823 435 et
841 383 1009 437 condecens
1031 383 1251 450 bocjudicium
1268 386 1365 437 tuum.
1379 385 1470 452 Deus,

239 476 294 542 qui
304 489 369 530 nou
381 479 451 530 vutt
462 481 593 533 mortem
599 482 785 549 peccatoris,
798 484 853 536 sed
867 484 967 549 mapis
979 486 1017 536 ut
1027 486 1227 538 convertatur
1238 487 1268 537 et
1283 483 1377 552 vivat,
1390 483 1473 538 sicut

239 573 305 641 ipse
316 574 403 628 dimit
409 589 471 643 per
476 577 674 647 prophetam,
687 580 755 647 ipse
766 580 801 634 iu
813 580 895 634 huuc
904 580 1059 635 bmniuem
1068 581 1209 635 extendit
1223 594 1352 636 mauum
1367 594 1471 650 suam,

204 672 223 726 b
237 685 294 727 uec
306 673 411 729 adbuc
428 675 467 729 ab
479 688 512 730 eo
523 677 698 731 substramit
710 679 979 749 suumjudicium,
992 683 1021 734 et
1041 680 1161 749 aliquis
1174 680 1262 736 bomo
1285 693 1379 749 super
1391 680 1473 736 huuc

230 772 396 838 judicium
408 775 504 829 audet
511 789 629 843 ponere
639 791 733 832 suum
744 779 756 831 t
769 780 814 832 llis
827 784 854 832 et
866 779 926 832 aliis
943 780 1033 833 uerbis
1054 781 1109 834 dux
1122 780 1217 847 denus,
1230 780 1259 834 in
1269 780 1403 849 judicium
1416 779 1472 847 epi·

239 873 315 936 scopi
329 877 355 925 et
368 871 433 925 cleri
448 876 539 940 posuit
549 889 618 928 rem.
633 877 708 929 Tunc
720 878 866 944 episcopus
883 879 945 932 duci
959 885 987 933 et
999 884 1097 934 cuncto
1116 880 1217 947 populo
1236 879 1324 934 dixit:
1343 882 1472 935 Fratres

238 972 269 1023 et
279 970 346 1038 filii
365 971 574 1043 dilectissimi,
593 975 760 1044 isteboma
781 979 934 1043 priamum
955 978 989 1031 id
1009 978 1113 1045 ipsum
1133 981 1260 1047 spectat,
1273 991 1424 1046 maenum
1442 980 1474 1032 et

239 1069 486 1137 incomparabile
507 1074 659 1128 damnum
679 1074 763 1130 vobis
783 1074 867 1144 fecit,
880 1080 909 1130 et
916 1089 977 1144 per
997 1076 1052 1131 boc
1072 1077 1257 1130 immensum
1269 1078 1407 1132 dolorem
1419 1075 1473 1131 im·

193 1172 224 1224 td
240 1170 331 1224 misit
341 1172 486 1226 cordibus
498 1175 619 1230 cestris.
630 1178 687 1230 Sed
699 1190 753 1230 uos
764 1177 861 1231 notite
871 1176 1026 1243 respicere
1037 1176 1080 1230 ad
1091 1176 1125 1228 id
1137 1175 1218 1243 quod
1229 1175 1313 1230 vobis
1324 1174 1408 1244 fecit,
1418 1177 1474 1231 sed

239 1272 283 1325 ad
295 1271 444 1328 hamorem
456 1287 546 1342 quem
558 1275 639 1330 cobis
651 1276 783 1331 contulit
795 1276 988 1344 ommipotens
999 1277 1080 1330 Deus
1092 1289 1150 1330 sua
1163 1276 1328 1330 clementia
1340 1278 1370 1330 et
1381 1276 1472 1330 meri·

241 1371 282 1424 tis
293 1372 347 1425 sui
356 1373 555 1428 dilectissimi
565 1373 755 1443 confessoris
767 1375 924 1430 Nicbotai.
940 1376 1142 1444 Quapropter,
1156 1378 1192 1429 ut
1202 1376 1304 1442 maior
1316 1379 1474 1444 appareat

236 1471 344 1538 picria
361 1471 419 1526 Dei
437 1485 532 1540 super
543 1486 596 1527 vos
607 1477 638 1527 et
649 1474 764 1528 merita
785 1474 876 1542 buius
888 1474 986 1528 uestri
1002 1473 1148 1530 aduocati
1158 1478 1189 1529 et
1200 1472 1374 1542 defensoris
1386 1475 1473 1542 apud

239 1571 337 1624 Deum
350 1571 451 1639 mapis
466 1573 627 1641 caepisque
645 1576 821 1642 appareant
833 1576 863 1628 et
875 1575 1126 1644 maputpceutur,
1143 1575 1178 1628 iu
1195 1586 1356 1628 commuue
1367 1586 1472 1629 omines

187 1675 219 1728 is
238 1651 440 1738 deprecemur
453 1674 557 1741 Deum,
571 1677 607 1727 ut
618 1674 652 1727 iu
664 1674 746 1729 bunc
766 1687 854 1728 reum
865 1673 1006 1728 ostendas
1017 1671 1110 1727 suam
1122 1671 1329 1740 clementiam,
1342 1672 1422 1726 sicut
1435 1671 1471 1725 iu

237 1783 272 1824 eo
285 1772 420 1825 ostendit
436 1785 528 1826 suam
541 1773 728 1841 potentiam.
741 1774 828 1828 Sicut
840 1786 901 1841 per
913 1774 1036 1840 Moysen
1056 1773 1185 1827 diretta
1206 1773 1268 1840 Epo
1292 1772 1431 1827 occidam
1443 1775 1473 1828 et

237 1883 293 1938 eqo
306 1871 408 1925 civem
418 1871 548 1941 faciam,
556 1873 735 1941 percutiam
746 1875 776 1928 et
787 1886 841 1940 epo
852 1872 978 1940 sanabo,
994 1890 1004 1923 i
1014 1872 1171 1941 percussit
1184 1871 1265 1926 hume
1278 1885 1337 1926 scia
1344 1875 1472 1940 potente

238 1985 338 2025 inaure
349 1989 358 2037 ;
371 1972 516 2039 dipuetur
533 1972 636 2041 ipsum
648 1986 765 2029 seuere
785 1987 845 2028 sua
866 1974 1018 2029 immensa
1038 1973 1214 2029 clementia.
1228 1976 1303 2027 Tunc
1316 1974 1472 2041 episcopus,

239 2069 375 2124 accedens
387 2069 422 2123 ad
435 2071 584 2139 bominem,
595 2073 700 2139 accepit
711 2073 745 2125 ab
758 2086 790 2127 eo
803 2072 877 2140 quod
889 2073 996 2127 iuratus
1006 2074 1095 2126 luerat
1104 2078 1130 2127 et
1140 2085 1223 2139 super
1235 2072 1373 2136 quendam
1383 2071 1474 2125 locum

187 2175 221 2227 lo
240 2170 277 2224 ad
291 2171 342 2224 boc
354 2175 544 2238 praeparatum
557 2178 585 2227 et
597 2179 724 2227 ornatum
738 2174 829 2240 posuit
841 2173 919 2227 illud.
935 2173 1058 2240 benique
1070 2175 1277 2238 prostraverunt
1288 2184 1318 2225 se
1329 2170 1359 2223 in
1372 2177 1474 2224 terram

241 2282 350 2339 omnes,
364 2276 509 2327 exorantes
522 2274 569 2326 bei
582 2275 757 2328 clementiam
770 2280 798 2328 et
818 2273 860 2328 sui
881 2272 1048 2326 dilectissimi
1070 2271 1235 2324 contessoris
1244 2273 1246 2278 ’
1255 2269 1431 2346 adjutorium,
1444 2274 1475 2324 ut

240 2369 282 2421 illi
295 2369 399 2423 homini
409 2371 568 2440 dignaretur
581 2373 696 2427 reddere
708 2387 832 2443 gressum
852 2378 880 2427 et
893 2373 990 2426 visum.
1004 2370 1143 2438 completa
1163 2369 1296 2436 oratione,
1310 2383 1373 2423 cum
1385 2383 1475 2425 surre-

241 2469 347 2523 xissent
358 2483 373 2524 a
386 2476 467 2538 terra,
480 2485 564 2526 sanus
577 2474 663 2527 tactus
677 2478 718 2526 cst
730 2473 820 2527 bomo.
832 2475 894 2527 Viso
909 2477 981 2527 tanto
1004 2470 1145 2535 miraculo,
1158 2469 1253 2524 laudes
1273 2469 1402 2523 deterunt
1420 2474 1474 2525 beo

241 2569 355 2622 sublimi
367 2585 443 2625 voce.
459 2572 560 2625 bebinc
572 2573 716 2639 episcopus
730 2572 867 2639 accipiens
881 2576 988 2627 sanctas
1001 2571 1139 2640 reliquias,
1154 2584 1216 2624 cum
1229 2570 1335 2638 magnis
1347 2569 1475 2624 laudibus

187 2670 223 2722 25
242 2667 335 2722 redire
356 2676 513 2737 coeperunt.
527 2673 650 2739 cumque
664 2672 811 2725 movissent
832 2672 957 2738 pedema
978 2671 1048 2736 loco,
1063 2683 1145 2724 naves
1157 2681 1227 2737 quae
1245 2681 1399 2724 semovere
1417 2681 1475 2722 non

242 2772 372 2835 poterant
383 2771 411 2822 in
422 2771 500 2837 mari,
513 2770 586 2825 dicto
598 2772 678 2824 citius
689 2785 800 2825 cursum
813 2783 893 2825 suum
907 2770 1094 2838 arripuerunt,
1105 2770 1141 2823 ita
1153 2773 1194 2836 ut,
1205 2783 1267 2823 cum
1280 2769 1373 2836 populi
1387 2768 1476 2822 venis-

240 2874 305 2922 sent
324 2867 360 2922 ad
380 2870 526 2937 civitatem,
539 2875 566 2924 et
586 2884 671 2924 naves
690 2870 725 2924 ad
745 2876 863 2936 portum.
886 2870 1006 2937 Populus
1026 2874 1118 2924 autem
1139 2870 1255 2924 civitatis
1276 2883 1339 2923 cum
1354 2868 1475 2923 audisset

240 2981 308 3022 suos
320 2968 411 3022 redire
422 2983 485 3022 cum
505 2976 612 3037 reperto
632 2972 769 3037 thesauro,
782 2972 947 3037 ultraquam
964 2971 1018 3024 dici
1031 2974 1118 3037 potest
1136 2970 1278 3036 laetantes,
1292 2978 1475 3024 occurrerunt

241 3070 283 3124 eis
295 3083 358 3122 cum
379 3070 485 3138 magnis
505 3069 642 3124 laudibus.
657 3072 705 3134 Qui
727 3072 808 3125 simul
828 3072 926 3138 juncti,
939 3084 1002 3124 eum
1022 3072 1156 3124 immenso
1168 3070 1267 3138 gaudio
1286 3070 1473 3124 veneruntad

190 3174 225 3225 bo
242 3169 386 3224 ecclesiam
407 3171 492 3224 sancti
514 3170 645 3236 Nicbolai,
660 3171 804 3225 laudantes
816 3176 844 3224 et
864 3169 1047 3239 glorificantes
1068 3174 1153 3224 Deum
1174 3182 1223 3236 pro
1235 3169 1317 3223 tantis
1333 3168 1475 3223 beneflciis

241 3269 294 3323 sibi
307 3270 445 3323 concessis
457 3271 493 3323 ob
506 3270 602 3323 merita
614 3270 656 3323 sui
677 3270 846 3324 dilectissimi
857 3269 1024 3323 contessoris
1033 3269 1163 3322 Nicbolai.
1177 3269 1280 3322 bebinc
1292 3273 1476 3334 reposuerunt

242 3369 321 3421 illum
333 3374 457 3423 sanctum
472 3370 629 3423 thesaurum
641 3369 701 3422 loco
714 3383 773 3434 suo,
786 3383 849 3423 cum
867 3369 990 3438 diligenti
1002 3369 1125 3423 custodia
1137 3367 1269 3434 deinceps
1283 3368 1360 3421 illum
1382 3369 1475 3423 obser·

243 3473 350 3522 rantes.
361 3471 447 3522 llomo
457 3483 521 3523 vero
535 3470 590 3533 ille,
604 3470 649 3522 cui
661 3470 713 3523 boc
725 3470 870 3536 acciderat,
884 3469 948 3522 tecit
960 3482 989 3522 se
1007 3482 1114 3522 servum
1134 3468 1205 3521 beati
1220 3468 1384 3521 contessoris
1402 3473 1430 3521 ct
1447 3468 1476 3520 in

243 3569 408 3635 obsequium
430 3571 560 3624 eeclesiae
582 3571 740 3638 permansit.
755 3573 808 3623 lsta
820 3583 891 3637 quae
912 3569 1084 3622 narravimus
1103 3566 1251 3635 aquodam
1267 3567 1342 3620 bono
1354 3571 1381 3620 et
1402 3566 1475 3620 lldcli

191 3671 226 3724 35
243 3668 368 3730 bomine,
382 3670 494 3723 nomine
508 3671 644 3736 llainerio,
655 3670 689 3724 de
701 3669 764 3723 uilla
778 3682 849 3737 quae
860 3669 959 3722 dieitur
972 3671 1095 3736 Pomcra,
1104 3667 1260 3732 didicimus,
1271 3666 1317 3733 qui
1332 3666 1399 3720 baec
1410 3665 1477 3719 vidit

243 3775 271 3822 et
283 3769 387 3822 audiuit
399 3774 427 3822 et
439 3770 471 3821 iis
484 3770 612 3824 omnibus
624 3783 753 3836 praesens
766 3768 851 3836 alluit,
865 3769 931 3822 dum
943 3767 1047 3821 rediret
1057 3768 1092 3821 de
1105 3767 1203 3820 itinere
1215 3764 1379 3820 Jerusalem.

277 3868 333 3920 82.
347 3869 414 3921 cum
427 3881 494 3935 qens
513 3869 661 3921 christiano
682 3869 794 3922 nomine
816 3869 955 3936 insignita,
976 3867 1070 3921 divina
1092 3866 1271 3934 inspiratione
1288 3877 1323 3918 ex
1344 3865 1475 3918 omnibus

244 3967 340 4021 mundi
353 3968 475 4034 partibus
487 3968 521 4020 ad
534 3967 692 4033 sepulcrum
703 3967 850 4022 salvatoris
872 3971 1070 4020 concurrerent
1091 3967 1126 4021 ob
1149 3965 1308 4018 memoriam
1320 3964 1476 4018 dominicae

243 4068 334 4122 erucis
351 4073 378 4121 et
390 4068 619 4136 expugnationem
632 4079 812 4135 paganorum,
825 4067 853 4119 in
863 4067 973 4120 sinistro
985 4067 1098 4119 humero
1109 4065 1217 4133 signum
1227 4063 1316 4117 crucis
1328 4066 1475 4129 gestantes,

187 4173 225 4226 40
245 4172 310 4221 tunc
319 4167 497 4232 adimpletum
507 4165 614 4219 videtur
625 4165 699 4233 quod
712 4171 785 4220 vates
798 4167 882 4219 lsaias
895 4166 981 4218 multo
994 4171 1058 4218 ante
1070 4165 1232 4218 vaticinatus
1250 4168 1291 4216 est
1304 4161 1404 4218 ,dicens
1417 4177 1424 4213 ε
1438 4161 1477 4215 Iu

243 4265 297 4318 die
309 4265 368 4318 itta
379 4264 479 4318 radico
489 4263 606 4317 Iesse...
619 4265 663 4329 (l).
677 4265 772 4332 lgitur,
785 4269 815 4316 ut
827 4262 861 4316 ad
875 4263 1043 4329 propositum
1056 4263 1207 4328 veniamus,
1220 4261 1340 4329 quodam
1350 4264 1473 4327 tempore

277 4463 313 4529 (l)
324 4463 382 4517 lion
394 4474 479 4531 pauca
492 4463 536 4516 bic
549 4463 592 4532 pic
605 4468 806 4518 commentatur
820 4462 951 4532 scriptor.
