<?xml version="1.0" encoding="UTF-8"?>
<!DOCTYPE html PUBLIC "-//W3C//DTD XHTML 1.0 Transitional//EN"
    "http://www.w3.org/TR/xhtml1/DTD/xhtml1-transitional.dtd">
<html xmlns="http://www.w3.org/1999/xhtml" xml:lang="en" lang="en">
 <head>
  <title>
</title>
<meta http-equiv="Content-Type" content="text/html;charset=utf-8" />
  <meta name='ocr-system' content='tesseract 3.04.00' />
  <meta name='ocr-capabilities' content='ocr_page ocr_carea ocr_par ocr_line ocrx_word'/>
</head>
<body>
  <div class='ocr_page' id='page_1' title='image "./cataloguscodicu02manugoog_0413.png"; bbox 0 0 3316 5482; ppageno 0'>
   <div class='ocr_carea' id='block_1_1' title="bbox 228 365 1115 431">
    <p class='ocr_par' dir='ltr' id='par_1_1' title="bbox 228 365 1115 431">
     <span class='ocr_line' id='line_1_1' title="bbox 228 365 1115 431; baseline -0.003 0"><span class='ocrx_word' id='word_1_1' title='bbox 228 365 294 431; x_wconf 88' lang='lat'><strong>388</strong></span> <span class='ocrx_word' id='word_1_2' title='bbox 575 378 700 430; x_wconf 75' lang='lat' dir='ltr'><strong>aaran.</strong></span> <span class='ocrx_word' id='word_1_3' title='bbox 719 378 822 429; x_wconf 81' lang='lat' dir='ltr'><strong>corn.</strong></span> <span class='ocrx_word' id='word_1_4' title='bbox 841 378 1017 430; x_wconf 74' lang='lat' dir='ltr'><strong>usercen.</strong></span> <span class='ocrx_word' id='word_1_5' title='bbox 1035 379 1115 430; x_wconf 80' lang='lat' dir='ltr'><strong>mr.</strong></span> 
     </span>
    </p>
   </div>
   <div class='ocr_carea' id='block_1_2' title="bbox 217 547 1510 2804">
    <p class='ocr_par' dir='ltr' id='par_1_2' title="bbox 217 547 1510 2407">
     <span class='ocr_line' id='line_1_2' title="bbox 230 547 1448 617; baseline -0.001 -14"><span class='ocrx_word' id='word_1_6' title='bbox 230 548 345 603; x_wconf 77' lang='lat' dir='ltr'><strong>Christi</strong></span> <span class='ocrx_word' id='word_1_7' title='bbox 363 550 538 617; x_wconf 82' lang='lat' dir='ltr'><strong>apostatum</strong></span> <span class='ocrx_word' id='word_1_8' title='bbox 556 550 604 604; x_wconf 86' lang='lat' dir='ltr'><strong>ire</strong></span> <span class='ocrx_word' id='word_1_9' title='bbox 622 547 763 616; x_wconf 76' lang='lat' dir='ltr'><em>festinat.</em></span> <span class='ocrx_word' id='word_1_10' title='bbox 784 551 847 603; x_wconf 84' lang='lat' dir='ltr'><strong>Fas</strong></span> <span class='ocrx_word' id='word_1_11' title='bbox 868 547 952 603; x_wconf 85' lang='lat' dir='ltr'><strong>vobis</strong></span> <span class='ocrx_word' id='word_1_12' title='bbox 971 561 1034 602; x_wconf 83' lang='lat' dir='ltr'><strong>nou</strong></span> <span class='ocrx_word' id='word_1_13' title='bbox 1054 551 1109 616; x_wconf 89' lang='lat' dir='ltr'><strong>est,</strong></span> <span class='ocrx_word' id='word_1_14' title='bbox 1128 548 1345 617; x_wconf 81' lang='lat' dir='ltr'><strong>quiapropter</strong></span> <span class='ocrx_word' id='word_1_15' title='bbox 1357 550 1448 604; x_wconf 74' lang='lat' dir='ltr'><strong>ban</strong></span> 
     </span>
     <span class='ocr_line' id='line_1_3' title="bbox 226 644 1452 715; baseline 0.002 -15"><span class='ocrx_word' id='word_1_16' title='bbox 226 649 473 715; x_wconf 78' lang='lat' dir='ltr'><strong>suppteueatam</strong></span> <span class='ocrx_word' id='word_1_17' title='bbox 487 648 518 703; x_wconf 86' lang='lat' dir='ltr'><strong>ei</strong></span> <span class='ocrx_word' id='word_1_18' title='bbox 528 649 625 703; x_wconf 86' lang='lat' dir='ltr'><strong>uestri</strong></span> <span class='ocrx_word' id='word_1_19' title='bbox 643 647 792 715; x_wconf 80' lang='lat' dir='ltr'><strong>suffrapii</strong></span> <span class='ocrx_word' id='word_1_20' title='bbox 810 644 991 714; x_wconf 56' lang='lat' dir='ltr'><strong>conseatis.</strong></span> <span class='ocrx_word' id='word_1_21' title='bbox 1014 649 1138 715; x_wconf 83' lang='lat' dir='ltr'><strong>cumque</strong></span> <span class='ocrx_word' id='word_1_22' title='bbox 1157 648 1302 702; x_wconf 79' lang='lat' dir='ltr'><strong>audissent</strong></span> <span class='ocrx_word' id='word_1_23' title='bbox 1323 654 1352 703; x_wconf 85' lang='lat' dir='ltr'><strong>et</strong></span> <span class='ocrx_word' id='word_1_24' title='bbox 1368 652 1452 703; x_wconf 84' lang='lat' dir='ltr'><strong>mente</strong></span> 
     </span>
     <span class='ocr_line' id='line_1_4' title="bbox 226 747 1452 816; baseline 0.003 -17"><span class='ocrx_word' id='word_1_25' title='bbox 226 748 470 814; x_wconf 79' lang='lat' dir='ltr'><strong>pertractarissent,</strong></span> <span class='ocrx_word' id='word_1_26' title='bbox 483 747 595 815; x_wconf 89' lang='lat' dir='ltr'><strong>quidam</strong></span> <span class='ocrx_word' id='word_1_27' title='bbox 607 761 622 801; x_wconf 93' lang='lat' dir='ltr'><strong>e</strong></span> <span class='ocrx_word' id='word_1_28' title='bbox 634 748 821 802; x_wconf 81' lang='lat' dir='ltr'><strong>coessentibus</strong></span> <span class='ocrx_word' id='word_1_29' title='bbox 832 747 962 801; x_wconf 83' lang='lat' dir='ltr'><strong>dixerunt</strong></span> <span class='ocrx_word' id='word_1_30' title='bbox 974 763 981 799; x_wconf 77' lang='grc' dir='ltr'><strong>ε</strong></span> <span class='ocrx_word' id='word_1_31' title='bbox 1001 747 1069 801; x_wconf 80' lang='lat' dir='ltr'><strong>Eat.</strong></span> <span class='ocrx_word' id='word_1_32' title='bbox 1088 749 1120 800; x_wconf 78' lang='lat' dir='ltr'><strong>bt</strong></span> <span class='ocrx_word' id='word_1_33' title='bbox 1131 751 1259 815; x_wconf 89' lang='lat' dir='ltr'><strong>suscepto</strong></span> <span class='ocrx_word' id='word_1_34' title='bbox 1272 748 1307 802; x_wconf 90' lang='lat' dir='ltr'><strong>ab</strong></span> <span class='ocrx_word' id='word_1_35' title='bbox 1319 749 1363 802; x_wconf 85' lang='lat' dir='ltr'><strong>eis</strong></span> <span class='ocrx_word' id='word_1_36' title='bbox 1374 761 1452 816; x_wconf 87' lang='lat' dir='ltr'><strong>equo,</strong></span> 
     </span>
     <span class='ocr_line' id='line_1_5' title="bbox 225 846 1454 916; baseline 0.002 -17"><span class='ocrx_word' id='word_1_37' title='bbox 225 855 386 913; x_wconf 88' lang='lat' dir='ltr'><strong>prosecutus</strong></span> <span class='ocrx_word' id='word_1_38' title='bbox 397 853 440 901; x_wconf 89' lang='lat' dir='ltr'><strong>est</strong></span> <span class='ocrx_word' id='word_1_39' title='bbox 450 861 507 903; x_wconf 89' lang='lat' dir='ltr'><strong>eos.</strong></span> <span class='ocrx_word' id='word_1_40' title='bbox 521 849 554 900; x_wconf 80' lang='lat' dir='ltr'><strong>lit</strong></span> <span class='ocrx_word' id='word_1_41' title='bbox 565 862 628 902; x_wconf 88' lang='lat' dir='ltr'><strong>curn</strong></span> <span class='ocrx_word' id='word_1_42' title='bbox 640 848 728 916; x_wconf 89' lang='lat' dir='ltr'><strong>coepti</strong></span> <span class='ocrx_word' id='word_1_43' title='bbox 737 848 844 902; x_wconf 91' lang='lat' dir='ltr'><strong>itineris</strong></span> <span class='ocrx_word' id='word_1_44' title='bbox 857 852 1003 916; x_wconf 77' lang='lat' dir='ltr'><strong>pergerent</strong></span> <span class='ocrx_word' id='word_1_45' title='bbox 1015 847 1096 913; x_wconf 80' lang='lat' dir='ltr'><strong>viam,</strong></span> <span class='ocrx_word' id='word_1_46' title='bbox 1111 846 1283 902; x_wconf 87' lang='lat' dir='ltr'><strong>diverterunt</strong></span> <span class='ocrx_word' id='word_1_47' title='bbox 1295 861 1412 916; x_wconf 82' lang='lat' dir='ltr'><strong>uespere</strong></span> <span class='ocrx_word' id='word_1_48' title='bbox 1422 847 1454 903; x_wconf 87' lang='lat' dir='ltr'><strong>ad</strong></span> 
     </span>
     <span class='ocr_line' id='line_1_6' title="bbox 224 947 1484 1016; baseline 0.003 -17"><span class='ocrx_word' id='word_1_49' title='bbox 224 948 380 1014; x_wconf 84' lang='lat' dir='ltr'><strong>hospitium.</strong></span> <span class='ocrx_word' id='word_1_50' title='bbox 393 949 620 1016; x_wconf 81' lang='lat' dir='ltr'><strong>Proierentesque</strong></span> <span class='ocrx_word' id='word_1_51' title='bbox 640 949 876 1002; x_wconf 78' lang='lat' dir='ltr'><strong>interminationes</strong></span> <span class='ocrx_word' id='word_1_52' title='bbox 896 949 965 1016; x_wconf 90' lang='lat' dir='ltr'><strong>pias,</strong></span> <span class='ocrx_word' id='word_1_53' title='bbox 988 947 1107 1002; x_wconf 88' lang='lat' dir='ltr'><strong>dolendo</strong></span> <span class='ocrx_word' id='word_1_54' title='bbox 1123 948 1219 1015; x_wconf 85' lang='lat' dir='ltr'><strong>juveni</strong></span> <span class='ocrx_word' id='word_1_55' title='bbox 1231 951 1484 1005; x_wconf 73' lang='lat' dir='ltr'><strong>monstraremntt</strong></span> 
     </span>
     <span class='ocr_line' id='line_1_7' title="bbox 224 1049 1453 1118; baseline 0.002 -17"><span class='ocrx_word' id='word_1_56' title='bbox 224 1052 294 1101; x_wconf 88' lang='lat' dir='ltr'><strong>nutu</strong></span> <span class='ocrx_word' id='word_1_57' title='bbox 305 1061 436 1102; x_wconf 90' lang='lat' dir='ltr'><strong>manuum</strong></span> <span class='ocrx_word' id='word_1_58' title='bbox 449 1062 570 1115; x_wconf 91' lang='lat' dir='ltr'><strong>suarum,</strong></span> <span class='ocrx_word' id='word_1_59' title='bbox 584 1053 614 1102; x_wconf 91' lang='lat' dir='ltr'><strong>ut</strong></span> <span class='ocrx_word' id='word_1_60' title='bbox 634 1052 784 1103; x_wconf 86' lang='lat' dir='ltr'><strong>retrorsum</strong></span> <span class='ocrx_word' id='word_1_61' title='bbox 806 1053 942 1116; x_wconf 85' lang='lat' dir='ltr'><strong>repeteret</strong></span> <span class='ocrx_word' id='word_1_62' title='bbox 959 1054 986 1102; x_wconf 90' lang='lat' dir='ltr'><strong>et</strong></span> <span class='ocrx_word' id='word_1_63' title='bbox 1009 1060 1182 1117; x_wconf 87' lang='lat' dir='ltr'><strong>nequaquam</strong></span> <span class='ocrx_word' id='word_1_64' title='bbox 1195 1049 1299 1103; x_wconf 78' lang='lat' dir='ltr'><strong>frustm</strong></span> <span class='ocrx_word' id='word_1_65' title='bbox 1311 1062 1377 1104; x_wconf 89' lang='lat' dir='ltr'><strong>cum</strong></span> <span class='ocrx_word' id='word_1_66' title='bbox 1389 1050 1453 1118; x_wconf 85' lang='lat' dir='ltr'><strong>ipsis</strong></span> 
     </span>
     <span class='ocr_line' id='line_1_8' title="bbox 223 1147 1458 1215; baseline 0.004 -16"><span class='ocrx_word' id='word_1_67' title='bbox 223 1147 384 1201; x_wconf 87' lang='lat' dir='ltr'><strong>ambularet.</strong></span> <span class='ocrx_word' id='word_1_68' title='bbox 395 1149 456 1214; x_wconf 91' lang='lat' dir='ltr'><strong>lpse</strong></span> <span class='ocrx_word' id='word_1_69' title='bbox 464 1160 546 1215; x_wconf 92' lang='lat' dir='ltr'><strong>porro</strong></span> <span class='ocrx_word' id='word_1_70' title='bbox 556 1149 665 1215; x_wconf 83' lang='lat' dir='ltr'><strong>juvenis</strong></span> <span class='ocrx_word' id='word_1_71' title='bbox 678 1149 711 1202; x_wconf 85' lang='lat' dir='ltr'><strong>ab</strong></span> <span class='ocrx_word' id='word_1_72' title='bbox 721 1152 800 1202; x_wconf 92' lang='lat' dir='ltr'><strong>utero</strong></span> <span class='ocrx_word' id='word_1_73' title='bbox 812 1149 916 1215; x_wconf 89' lang='lat' dir='ltr'><strong>matris,</strong></span> <span class='ocrx_word' id='word_1_74' title='bbox 926 1152 957 1201; x_wconf 93' lang='lat' dir='ltr'><strong>ut</strong></span> <span class='ocrx_word' id='word_1_75' title='bbox 968 1147 1073 1202; x_wconf 90' lang='lat' dir='ltr'><strong>clamm</strong></span> <span class='ocrx_word' id='word_1_76' title='bbox 1084 1152 1200 1215; x_wconf 87' lang='lat' dir='ltr'><strong>constat,</strong></span> <span class='ocrx_word' id='word_1_77' title='bbox 1212 1149 1315 1203; x_wconf 88' lang='lat' dir='ltr'><strong>surdus</strong></span> <span class='ocrx_word' id='word_1_78' title='bbox 1326 1154 1357 1205; x_wconf 90' lang='lat' dir='ltr'><strong>et</strong></span> <span class='ocrx_word' id='word_1_79' title='bbox 1366 1153 1458 1204; x_wconf 88' lang='lat' dir='ltr'><strong>mutus</strong></span> 
     </span>
     <span class='ocr_line' id='line_1_9' title="bbox 224 1248 1457 1317; baseline 0.002 -15"><span class='ocrx_word' id='word_1_80' title='bbox 224 1248 259 1302; x_wconf 89' lang='lat' dir='ltr'><strong>ad</strong></span> <span class='ocrx_word' id='word_1_81' title='bbox 271 1249 322 1301; x_wconf 91' lang='lat' dir='ltr'><strong>boc</strong></span> <span class='ocrx_word' id='word_1_82' title='bbox 334 1261 421 1315; x_wconf 88' lang='lat' dir='ltr'><strong>usque</strong></span> <span class='ocrx_word' id='word_1_83' title='bbox 434 1253 539 1314; x_wconf 90' lang='lat' dir='ltr'><strong>tempus</strong></span> <span class='ocrx_word' id='word_1_84' title='bbox 551 1249 707 1314; x_wconf 91' lang='lat' dir='ltr'><strong>permansit.</strong></span> <span class='ocrx_word' id='word_1_85' title='bbox 727 1249 777 1312; x_wconf 84' lang='lat' dir='ltr'><strong>Qui</strong></span> <span class='ocrx_word' id='word_1_86' title='bbox 798 1248 940 1303; x_wconf 89' lang='lat' dir='ltr'><strong>humiliato</strong></span> <span class='ocrx_word' id='word_1_87' title='bbox 962 1250 1049 1317; x_wconf 87' lang='lat' dir='ltr'><strong>capite</strong></span> <span class='ocrx_word' id='word_1_88' title='bbox 1071 1253 1098 1303; x_wconf 91' lang='lat' dir='ltr'><strong>et</strong></span> <span class='ocrx_word' id='word_1_89' title='bbox 1110 1250 1185 1304; x_wconf 92' lang='lat' dir='ltr'><strong>omni</strong></span> <span class='ocrx_word' id='word_1_90' title='bbox 1198 1263 1317 1316; x_wconf 87' lang='lat' dir='ltr'><strong>corpore</strong></span> <span class='ocrx_word' id='word_1_91' title='bbox 1329 1250 1361 1303; x_wconf 91' lang='lat' dir='ltr'><strong>in</strong></span> <span class='ocrx_word' id='word_1_92' title='bbox 1375 1251 1457 1305; x_wconf 87' lang='lat' dir='ltr'><strong>burno</strong></span> 
     </span>
     <span class='ocr_line' id='line_1_10' title="bbox 225 1346 1458 1416; baseline 0.002 -15"><span class='ocrx_word' id='word_1_93' title='bbox 225 1348 394 1416; x_wconf 78' lang='lat' dir='ltr'><strong>rogabatecs</strong></span> <span class='ocrx_word' id='word_1_94' title='bbox 406 1347 497 1399; x_wconf 82' lang='lat' dir='ltr'><strong>nisibi</strong></span> <span class='ocrx_word' id='word_1_95' title='bbox 510 1347 729 1414; x_wconf 88' lang='lat' dir='ltr'><strong>supplementum</strong></span> <span class='ocrx_word' id='word_1_96' title='bbox 750 1346 864 1413; x_wconf 89' lang='lat' dir='ltr'><strong>ierrent,</strong></span> <span class='ocrx_word' id='word_1_97' title='bbox 885 1346 1053 1412; x_wconf 84' lang='lat' dir='ltr'><strong>protendens</strong></span> <span class='ocrx_word' id='word_1_98' title='bbox 1066 1360 1164 1402; x_wconf 89' lang='lat' dir='ltr'><strong>manus</strong></span> <span class='ocrx_word' id='word_1_99' title='bbox 1175 1353 1204 1401; x_wconf 90' lang='lat' dir='ltr'><strong>et</strong></span> <span class='ocrx_word' id='word_1_100' title='bbox 1216 1348 1313 1403; x_wconf 88' lang='lat' dir='ltr'><strong>oculos</strong></span> <span class='ocrx_word' id='word_1_101' title='bbox 1324 1348 1360 1403; x_wconf 91' lang='lat' dir='ltr'><strong>ad</strong></span> <span class='ocrx_word' id='word_1_102' title='bbox 1373 1350 1458 1404; x_wconf 85' lang='lat' dir='ltr'><strong>snbli·</strong></span> 
     </span>
     <span class='ocr_line' id='line_1_11' title="bbox 224 1444 1503 1519; baseline 0.003 -19"><span class='ocrx_word' id='word_1_103' title='bbox 224 1448 288 1513; x_wconf 88' lang='lat' dir='ltr'><strong>mia,</strong></span> <span class='ocrx_word' id='word_1_104' title='bbox 301 1446 378 1513; x_wconf 90' lang='lat' dir='ltr'><strong>quasi</strong></span> <span class='ocrx_word' id='word_1_105' title='bbox 396 1444 501 1513; x_wconf 89' lang='lat' dir='ltr'><strong>aliquid</strong></span> <span class='ocrx_word' id='word_1_106' title='bbox 521 1446 586 1499; x_wconf 91' lang='lat' dir='ltr'><strong>inde</strong></span> <span class='ocrx_word' id='word_1_107' title='bbox 598 1447 776 1512; x_wconf 86' lang='lat' dir='ltr'><strong>praestolans.</strong></span> <span class='ocrx_word' id='word_1_108' title='bbox 789 1448 912 1513; x_wconf 87' lang='lat' dir='ltr'><strong>cumque</strong></span> <span class='ocrx_word' id='word_1_109' title='bbox 931 1446 995 1500; x_wconf 89' lang='lat' dir='ltr'><strong>talia</strong></span> <span class='ocrx_word' id='word_1_110' title='bbox 1014 1451 1117 1514; x_wconf 82' lang='lat' dir='ltr'><strong>ageret,</strong></span> <span class='ocrx_word' id='word_1_111' title='bbox 1141 1447 1254 1501; x_wconf 90' lang='lat' dir='ltr'><strong>resoluti</strong></span> <span class='ocrx_word' id='word_1_112' title='bbox 1276 1448 1409 1519; x_wconf 80' lang='lat' dir='ltr'><strong>lacrimis,</strong></span> <span class='ocrx_word' id='word_1_113' title='bbox 1427 1454 1458 1504; x_wconf 90' lang='lat' dir='ltr'><strong>ut</strong></span> <span class='ocrx_word' id='word_1_114' title='bbox 1474 1451 1503 1503; x_wconf 84' lang='lat' dir='ltr'><strong>lb</strong></span> 
     </span>
     <span class='ocr_line' id='line_1_12' title="bbox 223 1543 1461 1627; baseline 0.004 -27"><span class='ocrx_word' id='word_1_115' title='bbox 223 1544 371 1611; x_wconf 88' lang='lat' dir='ltr'><strong>credimus,</strong></span> <span class='ocrx_word' id='word_1_116' title='bbox 392 1545 486 1598; x_wconf 87' lang='lat' dir='ltr'><strong>divino</strong></span> <span class='ocrx_word' id='word_1_117' title='bbox 505 1543 648 1613; x_wconf 89' lang='lat' dir='ltr'><strong>instinctu,</strong></span> <span class='ocrx_word' id='word_1_118' title='bbox 670 1558 801 1598; x_wconf 82' lang='lat' dir='ltr'><strong>curavere</strong></span> <span class='ocrx_word' id='word_1_119' title='bbox 822 1545 936 1611; x_wconf 91' lang='lat' dir='ltr'><strong>implere</strong></span> <span class='ocrx_word' id='word_1_120' title='bbox 958 1550 1051 1614; x_wconf 79' lang='lat' dir='ltr'><strong>rogata</strong></span> <span class='ocrx_word' id='word_1_121' title='bbox 1071 1547 1194 1613; x_wconf 82' lang='lat' dir='ltr'><strong>ejusdem</strong></span> <span class='ocrx_word' id='word_1_122' title='bbox 1210 1547 1342 1615; x_wconf 81' lang='lat' dir='ltr'><strong>juvenis,</strong></span> <span class='ocrx_word' id='word_1_123' title='bbox 1365 1562 1461 1627; x_wconf 78' lang='lat' dir='ltr'><strong>amore</strong></span> 
     </span>
     <span class='ocr_line' id='line_1_13' title="bbox 222 1643 1458 1716; baseline 0.004 -20"><span class='ocrx_word' id='word_1_124' title='bbox 222 1643 338 1711; x_wconf 81' lang='lat' dir='ltr'><strong>piissimi</strong></span> <span class='ocrx_word' id='word_1_125' title='bbox 350 1643 475 1711; x_wconf 88' lang='lat' dir='ltr'><strong>apostoli,</strong></span> <span class='ocrx_word' id='word_1_126' title='bbox 487 1643 522 1697; x_wconf 94' lang='lat' dir='ltr'><strong>ad</strong></span> <span class='ocrx_word' id='word_1_127' title='bbox 535 1657 617 1710; x_wconf 87' lang='lat' dir='ltr'><strong>quern</strong></span> <span class='ocrx_word' id='word_1_128' title='bbox 629 1645 823 1711; x_wconf 85' lang='lat' dir='ltr'><strong>properabant,</strong></span> <span class='ocrx_word' id='word_1_129' title='bbox 833 1645 969 1698; x_wconf 89' lang='lat' dir='ltr'><strong>llartialis.</strong></span> <span class='ocrx_word' id='word_1_130' title='bbox 980 1645 1183 1713; x_wconf 77' lang='lat' dir='ltr'><strong>Attinqentibus</strong></span> <span class='ocrx_word' id='word_1_131' title='bbox 1195 1646 1250 1700; x_wconf 92' lang='lat' dir='ltr'><strong>illis</strong></span> <span class='ocrx_word' id='word_1_132' title='bbox 1262 1646 1388 1716; x_wconf 91' lang='lat' dir='ltr'><strong>denique</strong></span> <span class='ocrx_word' id='word_1_133' title='bbox 1398 1648 1458 1716; x_wconf 83' lang='lat' dir='ltr'><strong>jam</strong></span> 
     </span>
     <span class='ocr_line' id='line_1_14' title="bbox 224 1743 1462 1814; baseline 0.005 -18"><span class='ocrx_word' id='word_1_134' title='bbox 224 1743 358 1796; x_wconf 86' lang='lat' dir='ltr'><strong>ciuitatem</strong></span> <span class='ocrx_word' id='word_1_135' title='bbox 378 1743 649 1811; x_wconf 71' lang='lat' dir='ltr'><strong>petragoricensium,</strong></span> <span class='ocrx_word' id='word_1_136' title='bbox 671 1743 718 1810; x_wconf 89' lang='lat' dir='ltr'><strong>qui</strong></span> <span class='ocrx_word' id='word_1_137' title='bbox 740 1743 841 1797; x_wconf 92' lang='lat' dir='ltr'><strong>surdus</strong></span> <span class='ocrx_word' id='word_1_138' title='bbox 865 1748 893 1797; x_wconf 91' lang='lat' dir='ltr'><strong>et</strong></span> <span class='ocrx_word' id='word_1_139' title='bbox 912 1747 1004 1798; x_wconf 89' lang='lat' dir='ltr'><strong>mutus</strong></span> <span class='ocrx_word' id='word_1_140' title='bbox 1028 1748 1096 1811; x_wconf 92' lang='lat' dir='ltr'><strong>erat,</strong></span> <span class='ocrx_word' id='word_1_141' title='bbox 1118 1744 1203 1814; x_wconf 81' lang='lat' dir='ltr'><strong>etqui</strong></span> <span class='ocrx_word' id='word_1_142' title='bbox 1215 1751 1281 1800; x_wconf 88' lang='lat' dir='ltr'><strong>ante</strong></span> <span class='ocrx_word' id='word_1_143' title='bbox 1297 1747 1370 1801; x_wconf 86' lang='lat' dir='ltr'><strong>tristi</strong></span> <span class='ocrx_word' id='word_1_144' title='bbox 1382 1748 1462 1802; x_wconf 80' lang='lat' dir='ltr'><strong>vultu</strong></span> 
     </span>
     <span class='ocr_line' id='line_1_15' title="bbox 223 1824 1460 1914; baseline 0.004 -18"><span class='ocrx_word' id='word_1_145' title='bbox 223 1855 344 1897; x_wconf 88' lang='lat' dir='ltr'><strong>cernuus</strong></span> <span class='ocrx_word' id='word_1_146' title='bbox 355 1846 497 1909; x_wconf 88' lang='lat' dir='ltr'><strong>aspectans</strong></span> <span class='ocrx_word' id='word_1_147' title='bbox 514 1842 617 1896; x_wconf 90' lang='lat' dir='ltr'><strong>lumine</strong></span> <span class='ocrx_word' id='word_1_148' title='bbox 630 1848 741 1911; x_wconf 87' lang='lat' dir='ltr'><strong>terram,</strong></span> <span class='ocrx_word' id='word_1_149' title='bbox 755 1843 841 1897; x_wconf 87' lang='lat' dir='ltr'><strong>tristia</strong></span> <span class='ocrx_word' id='word_1_150' title='bbox 859 1824 941 1897; x_wconf 80' lang='lat' dir='ltr'><strong>corda</strong></span> <span class='ocrx_word' id='word_1_151' title='bbox 958 1845 1092 1912; x_wconf 76' lang='lat' dir='ltr'><strong>gestabat,</strong></span> <span class='ocrx_word' id='word_1_152' title='bbox 1111 1858 1219 1900; x_wconf 88' lang='lat' dir='ltr'><strong>summo</strong></span> <span class='ocrx_word' id='word_1_153' title='bbox 1237 1845 1337 1914; x_wconf 77' lang='lat' dir='ltr'><strong>gaudio</strong></span> <span class='ocrx_word' id='word_1_154' title='bbox 1356 1847 1460 1901; x_wconf 76' lang='lat' dir='ltr'><strong>bilare</strong></span> 
     </span>
     <span class='ocr_line' id='line_1_16' title="bbox 224 1941 1510 2012; baseline 0.003 -16"><span class='ocrx_word' id='word_1_155' title='bbox 224 1955 301 1996; x_wconf 88' lang='lat' dir='ltr'><strong>scere</strong></span> <span class='ocrx_word' id='word_1_156' title='bbox 311 1947 338 1995; x_wconf 90' lang='lat' dir='ltr'><strong>et</strong></span> <span class='ocrx_word' id='word_1_157' title='bbox 348 1942 383 1995; x_wconf 87' lang='lat' dir='ltr'><strong>ab</strong></span> <span class='ocrx_word' id='word_1_158' title='bbox 395 1941 493 1995; x_wconf 91' lang='lat' dir='ltr'><strong>intimo</strong></span> <span class='ocrx_word' id='word_1_159' title='bbox 503 1942 586 1995; x_wconf 89' lang='lat' dir='ltr'><strong>corde</strong></span> <span class='ocrx_word' id='word_1_160' title='bbox 595 1942 697 2010; x_wconf 82' lang='lat' dir='ltr'><strong>jubilos</strong></span> <span class='ocrx_word' id='word_1_161' title='bbox 707 1941 773 1995; x_wconf 91' lang='lat' dir='ltr'><strong>dare</strong></span> <span class='ocrx_word' id='word_1_162' title='bbox 788 1942 877 2008; x_wconf 89' lang='lat' dir='ltr'><strong>coepit</strong></span> <span class='ocrx_word' id='word_1_163' title='bbox 886 1942 1045 1998; x_wconf 90' lang='lat' dir='ltr'><strong>immensos.</strong></span> <span class='ocrx_word' id='word_1_164' title='bbox 1058 1945 1300 2012; x_wconf 75' lang='lat' dir='ltr'><strong>interrogavemnt</strong></span> <span class='ocrx_word' id='word_1_165' title='bbox 1308 1958 1356 2000; x_wconf 89' lang='lat' dir='ltr'><strong>eos</strong></span> <span class='ocrx_word' id='word_1_166' title='bbox 1369 1947 1460 2001; x_wconf 88' lang='lat' dir='ltr'><strong>borni·</strong></span> <span class='ocrx_word' id='word_1_167' title='bbox 1479 1947 1510 2000; x_wconf 78' lang='lat' dir='ltr'><strong>lb</strong></span> 
     </span>
     <span class='ocr_line' id='line_1_17' title="bbox 224 2041 1462 2110; baseline 0.006 -15"><span class='ocrx_word' id='word_1_168' title='bbox 224 2054 274 2095; x_wconf 90' lang='lat' dir='ltr'><strong>nes</strong></span> <span class='ocrx_word' id='word_1_169' title='bbox 286 2041 373 2107; x_wconf 91' lang='lat' dir='ltr'><strong>ipsius</strong></span> <span class='ocrx_word' id='word_1_170' title='bbox 384 2041 500 2095; x_wconf 81' lang='lat' dir='ltr'><strong>ciuitatis</strong></span> <span class='ocrx_word' id='word_1_171' title='bbox 512 2058 519 2095; x_wconf 74' lang='grc' dir='ltr'><strong><em>ε</em></strong></span> <span class='ocrx_word' id='word_1_172' title='bbox 539 2042 622 2094; x_wconf 83' lang='lat' dir='ltr'><strong>Unde</strong></span> <span class='ocrx_word' id='word_1_173' title='bbox 633 2041 691 2095; x_wconf 86' lang='lat' dir='ltr'><strong>iste</strong></span> <span class='ocrx_word' id='word_1_174' title='bbox 702 2045 748 2095; x_wconf 87' lang='lat' dir='ltr'><strong>est</strong></span> <span class='ocrx_word' id='word_1_175' title='bbox 760 2041 872 2096; x_wconf 67' lang='lat' dir='ltr'><strong>mmai</strong></span> <span class='ocrx_word' id='word_1_176' title='bbox 883 2044 916 2095; x_wconf 81' lang='lat' dir='ltr'><strong>lt</strong></span> <span class='ocrx_word' id='word_1_177' title='bbox 925 2042 965 2095; x_wconf 90' lang='lat' dir='ltr'><strong>illi</strong></span> <span class='ocrx_word' id='word_1_178' title='bbox 971 2043 1177 2110; x_wconf 89' lang='lat' dir='ltr'><strong>respondemnt</strong></span> <span class='ocrx_word' id='word_1_179' title='bbox 1187 2060 1194 2095; x_wconf 74' lang='grc' dir='ltr'><strong><em>ε</em></strong></span> <span class='ocrx_word' id='word_1_180' title='bbox 1205 2043 1462 2102; x_wconf 70' lang='lat' dir='ltr'><strong>seruientibus</strong></span> 
     </span>
     <span class='ocr_line' id='line_1_18' title="bbox 217 2138 1462 2210; baseline 0.006 -18"><span class='ocrx_word' id='word_1_181' title='bbox 217 2138 367 2208; x_wconf 79' lang='lat' dir='ltr'><strong>partibus</strong></span> <span class='ocrx_word' id='word_1_182' title='bbox 376 2138 410 2191; x_wconf 83' lang='lat' dir='ltr'><strong>iu</strong></span> <span class='ocrx_word' id='word_1_183' title='bbox 428 2139 646 2194; x_wconf 78' lang='lat' dir='ltr'><strong>taciturnitate</strong></span> <span class='ocrx_word' id='word_1_184' title='bbox 665 2142 696 2194; x_wconf 90' lang='lat' dir='ltr'><strong>et</strong></span> <span class='ocrx_word' id='word_1_185' title='bbox 714 2139 872 2194; x_wconf 82' lang='lat' dir='ltr'><strong>surditate</strong></span> <span class='ocrx_word' id='word_1_186' title='bbox 890 2139 1040 2196; x_wconf 77' lang='lat' dir='ltr'><strong>hacteuus</strong></span> <span class='ocrx_word' id='word_1_187' title='bbox 1052 2153 1257 2210; x_wconf 81' lang='lat' dir='ltr'><strong>permanent.</strong></span> <span class='ocrx_word' id='word_1_188' title='bbox 1277 2143 1462 2199; x_wconf 75' lang='lat' dir='ltr'><strong>Providentia</strong></span> 
     </span>
     <span class='ocr_line' id='line_1_19' title="bbox 223 2238 1460 2312; baseline 0.006 -21"><span class='ocrx_word' id='word_1_189' title='bbox 223 2238 418 2307; x_wconf 88' lang='lat' dir='ltr'><strong>itaquedirina</strong></span> <span class='ocrx_word' id='word_1_190' title='bbox 430 2240 551 2308; x_wconf 77' lang='lat' dir='ltr'><strong>contigit,</strong></span> <span class='ocrx_word' id='word_1_191' title='bbox 566 2246 596 2293; x_wconf 87' lang='lat' dir='ltr'><strong>ut</strong></span> <span class='ocrx_word' id='word_1_192' title='bbox 619 2240 778 2295; x_wconf 87' lang='lat' dir='ltr'><strong>ductoribus</strong></span> <span class='ocrx_word' id='word_1_193' title='bbox 797 2241 863 2307; x_wconf 90' lang='lat' dir='ltr'><strong>suis,</strong></span> <span class='ocrx_word' id='word_1_194' title='bbox 885 2245 979 2307; x_wconf 91' lang='lat' dir='ltr'><strong>utpote</strong></span> <span class='ocrx_word' id='word_1_195' title='bbox 997 2242 1118 2309; x_wconf 75' lang='lat' dir='ltr'><strong>iuvenis,</strong></span> <span class='ocrx_word' id='word_1_196' title='bbox 1141 2241 1225 2295; x_wconf 92' lang='lat' dir='ltr'><strong>multa</strong></span> <span class='ocrx_word' id='word_1_197' title='bbox 1247 2241 1384 2311; x_wconf 89' lang='lat' dir='ltr'><strong>obsequia</strong></span> <span class='ocrx_word' id='word_1_198' title='bbox 1397 2244 1460 2312; x_wconf 88' lang='lat' dir='ltr'><strong>ipsa</strong></span> 
     </span>
     <span class='ocr_line' id='line_1_20' title="bbox 224 2338 1457 2407; baseline 0.002 -16"><span class='ocrx_word' id='word_1_199' title='bbox 224 2343 304 2392; x_wconf 89' lang='lat' dir='ltr'><strong>nocte</strong></span> <span class='ocrx_word' id='word_1_200' title='bbox 316 2338 345 2391; x_wconf 91' lang='lat' dir='ltr'><strong>in</strong></span> <span class='ocrx_word' id='word_1_201' title='bbox 356 2339 471 2405; x_wconf 86' lang='lat' dir='ltr'><strong>bospitio</strong></span> <span class='ocrx_word' id='word_1_202' title='bbox 483 2339 642 2405; x_wconf 85' lang='lat' dir='ltr'><strong>deserviret,</strong></span> <span class='ocrx_word' id='word_1_203' title='bbox 664 2339 785 2407; x_wconf 84' lang='lat' dir='ltr'><strong>ipsisque</strong></span> <span class='ocrx_word' id='word_1_204' title='bbox 797 2338 954 2392; x_wconf 86' lang='lat' dir='ltr'><strong>videntibus</strong></span> <span class='ocrx_word' id='word_1_205' title='bbox 966 2338 1043 2406; x_wconf 79' lang='lat' dir='ltr'><strong>signo</strong></span> <span class='ocrx_word' id='word_1_206' title='bbox 1056 2351 1110 2406; x_wconf 91' lang='lat' dir='ltr'><strong>quo</strong></span> <span class='ocrx_word' id='word_1_207' title='bbox 1128 2338 1236 2392; x_wconf 86' lang='lat' dir='ltr'><strong>valebat</strong></span> <span class='ocrx_word' id='word_1_208' title='bbox 1247 2338 1457 2397; x_wconf 84' lang='lat' dir='ltr'><strong>demonstraret</strong></span> 
     </span>
    </p>

    <p class='ocr_par' dir='ltr' id='par_1_3' title="bbox 218 2437 1510 2804">
     <span class='ocr_line' id='line_1_21' title="bbox 224 2437 1510 2509; baseline 0.006 -21"><span class='ocrx_word' id='word_1_209' title='bbox 224 2437 253 2489; x_wconf 91' lang='lat' dir='ltr'><strong>in</strong></span> <span class='ocrx_word' id='word_1_210' title='bbox 265 2437 388 2505; x_wconf 80' lang='lat' dir='ltr'><strong>proximo</strong></span> <span class='ocrx_word' id='word_1_211' title='bbox 400 2437 454 2492; x_wconf 88' lang='lat' dir='ltr'><strong>sibi</strong></span> <span class='ocrx_word' id='word_1_212' title='bbox 467 2438 631 2492; x_wconf 86' lang='lat' dir='ltr'><strong>medicinam</strong></span> <span class='ocrx_word' id='word_1_213' title='bbox 643 2438 678 2492; x_wconf 89' lang='lat' dir='ltr'><strong>de</strong></span> <span class='ocrx_word' id='word_1_214' title='bbox 695 2451 802 2492; x_wconf 89' lang='lat' dir='ltr'><strong>summo</strong></span> <span class='ocrx_word' id='word_1_215' title='bbox 820 2437 890 2491; x_wconf 84' lang='lat' dir='ltr'><strong>caeli</strong></span> <span class='ocrx_word' id='word_1_216' title='bbox 907 2442 1050 2492; x_wconf 83' lang='lat' dir='ltr'><strong>venturam</strong></span> <span class='ocrx_word' id='word_1_217' title='bbox 1068 2438 1137 2505; x_wconf 90' lang='lat' dir='ltr'><strong>iore,</strong></span> <span class='ocrx_word' id='word_1_218' title='bbox 1147 2443 1174 2492; x_wconf 92' lang='lat' dir='ltr'><strong>et</strong></span> <span class='ocrx_word' id='word_1_219' title='bbox 1186 2444 1294 2507; x_wconf 77' lang='lat' dir='ltr'><strong>rogaret</strong></span> <span class='ocrx_word' id='word_1_220' title='bbox 1306 2452 1343 2493; x_wconf 92' lang='lat' dir='ltr'><strong>ne</strong></span> <span class='ocrx_word' id='word_1_221' title='bbox 1356 2447 1461 2509; x_wconf 88' lang='lat' dir='ltr'><strong>coepta</strong></span> <span class='ocrx_word' id='word_1_222' title='bbox 1476 2443 1510 2496; x_wconf 72' lang='lat' dir='ltr'><strong>ab</strong></span> 
     </span>
     <span class='ocr_line' id='line_1_22' title="bbox 224 2536 1464 2608; baseline 0.005 -20"><span class='ocrx_word' id='word_1_223' title='bbox 224 2536 385 2603; x_wconf 78' lang='lat' dir='ltr'><strong>imperfecta</strong></span> <span class='ocrx_word' id='word_1_224' title='bbox 404 2536 584 2592; x_wconf 86' lang='lat' dir='ltr'><strong>dimitterent.</strong></span> <span class='ocrx_word' id='word_1_225' title='bbox 597 2538 665 2602; x_wconf 82' lang='lat' dir='ltr'><strong>Quid</strong></span> <span class='ocrx_word' id='word_1_226' title='bbox 679 2538 782 2593; x_wconf 77' lang='lat' dir='ltr'><strong>multa?</strong></span> <span class='ocrx_word' id='word_1_227' title='bbox 794 2541 859 2592; x_wconf 84' lang='lat' dir='ltr'><strong>curn</strong></span> <span class='ocrx_word' id='word_1_228' title='bbox 873 2537 986 2592; x_wconf 90' lang='lat' dir='ltr'><strong>abeatis</strong></span> <span class='ocrx_word' id='word_1_229' title='bbox 997 2537 1147 2592; x_wconf 75' lang='lat' dir='ltr'><strong>viammbus</strong></span> <span class='ocrx_word' id='word_1_230' title='bbox 1159 2537 1189 2590; x_wconf 92' lang='lat' dir='ltr'><strong>in</strong></span> <span class='ocrx_word' id='word_1_231' title='bbox 1200 2545 1382 2606; x_wconf 87' lang='lat' dir='ltr'><strong>conspectum</strong></span> <span class='ocrx_word' id='word_1_232' title='bbox 1393 2553 1464 2608; x_wconf 89' lang='lat' dir='ltr'><strong>apo-</strong></span> 
     </span>
     <span class='ocr_line' id='line_1_23' title="bbox 220 2634 1462 2706; baseline 0.006 -18"><span class='ocrx_word' id='word_1_233' title='bbox 220 2635 283 2690; x_wconf 91' lang='lat' dir='ltr'><strong>stoli</strong></span> <span class='ocrx_word' id='word_1_234' title='bbox 295 2634 429 2690; x_wconf 87' lang='lat' dir='ltr'><strong>adductus</strong></span> <span class='ocrx_word' id='word_1_235' title='bbox 441 2637 546 2700; x_wconf 82' lang='lat' dir='ltr'><strong>luisset,</strong></span> <span class='ocrx_word' id='word_1_236' title='bbox 560 2643 711 2705; x_wconf 89' lang='lat' dir='ltr'><strong>coeperunt</strong></span> <span class='ocrx_word' id='word_1_237' title='bbox 724 2651 774 2705; x_wconf 92' lang='lat' dir='ltr'><strong>pro</strong></span> <span class='ocrx_word' id='word_1_238' title='bbox 786 2651 819 2691; x_wconf 89' lang='lat' dir='ltr'><strong>ec</strong></span> <span class='ocrx_word' id='word_1_239' title='bbox 832 2651 929 2706; x_wconf 80' lang='lat' dir='ltr'><strong>rogare</strong></span> <span class='ocrx_word' id='word_1_240' title='bbox 943 2640 1037 2690; x_wconf 82' lang='lat' dir='ltr'><strong>licum.</strong></span> <span class='ocrx_word' id='word_1_241' title='bbox 1051 2637 1140 2705; x_wconf 80' lang='lat' dir='ltr'><strong>Quia,</strong></span> <span class='ocrx_word' id='word_1_242' title='bbox 1151 2636 1289 2704; x_wconf 90' lang='lat' dir='ltr'><strong>inquiunt,</strong></span> <span class='ocrx_word' id='word_1_243' title='bbox 1294 2650 1358 2705; x_wconf 81' lang='lat' dir='ltr'><strong>per</strong></span> <span class='ocrx_word' id='word_1_244' title='bbox 1366 2641 1462 2695; x_wconf 81' lang='lat' dir='ltr'><strong>tuam</strong></span> 
     </span>
     <span class='ocr_line' id='line_1_24' title="bbox 218 2735 1461 2804; baseline 0.002 -14"><span class='ocrx_word' id='word_1_245' title='bbox 218 2735 356 2803; x_wconf 64' lang='lat' dir='ltr'><strong>amam</strong></span> <span class='ocrx_word' id='word_1_246' title='bbox 364 2738 394 2790; x_wconf 91' lang='lat' dir='ltr'><strong>et</strong></span> <span class='ocrx_word' id='word_1_247' title='bbox 405 2736 563 2802; x_wconf 84' lang='lat' dir='ltr'><strong>uirtutem,</strong></span> <span class='ocrx_word' id='word_1_248' title='bbox 576 2749 593 2790; x_wconf 91' lang='lat' dir='ltr'><strong>o</strong></span> <span class='ocrx_word' id='word_1_249' title='bbox 605 2736 783 2792; x_wconf 84' lang='lat' dir='ltr'><strong>beatissime</strong></span> <span class='ocrx_word' id='word_1_250' title='bbox 793 2740 823 2791; x_wconf 91' lang='lat' dir='ltr'><strong>et</strong></span> <span class='ocrx_word' id='word_1_251' title='bbox 829 2737 976 2804; x_wconf 83' lang='lat' dir='ltr'><strong>piissime</strong></span> <span class='ocrx_word' id='word_1_252' title='bbox 987 2736 1125 2804; x_wconf 84' lang='lat' dir='ltr'><strong>apostate</strong></span> <span class='ocrx_word' id='word_1_253' title='bbox 1133 2736 1197 2804; x_wconf 86' lang='lat' dir='ltr'><strong>Dei,</strong></span> <span class='ocrx_word' id='word_1_254' title='bbox 1212 2736 1309 2791; x_wconf 67' lang='lat' dir='ltr'><strong>utum</strong></span> <span class='ocrx_word' id='word_1_255' title='bbox 1320 2739 1461 2794; x_wconf 73' lang='lat' dir='ltr'><strong>suram</strong></span> 
     </span>
    </p>
   </div>
   <div class='ocr_carea' id='block_1_3' title="bbox 128 2835 1459 2904">
    <p class='ocr_par' dir='ltr' id='par_1_4' title="bbox 128 2835 1459 2904">
     <span class='ocr_line' id='line_1_25' title="bbox 128 2835 1459 2904; baseline 0.006 -18"><span class='ocrx_word' id='word_1_256' title='bbox 128 2856 133 2868; x_wconf 93' lang='lat'><strong>·</strong></span> <span class='ocrx_word' id='word_1_257' title='bbox 214 2835 377 2889; x_wconf 88' lang='lat' dir='ltr'><strong>eimutum</strong></span> <span class='ocrx_word' id='word_1_258' title='bbox 397 2836 435 2891; x_wconf 82' lang='lat' dir='ltr'><strong>cte</strong></span> <span class='ocrx_word' id='word_1_259' title='bbox 456 2836 633 2904; x_wconf 74' lang='lat' dir='ltr'><strong>touqiuquis</strong></span> <span class='ocrx_word' id='word_1_260' title='bbox 651 2837 716 2891; x_wconf 88' lang='lat' dir='ltr'><strong>oris</strong></span> <span class='ocrx_word' id='word_1_261' title='bbox 728 2837 772 2890; x_wconf 83' lang='lat' dir='ltr'><strong>ad</strong></span> <span class='ocrx_word' id='word_1_262' title='bbox 790 2835 1029 2903; x_wconf 80' lang='lat' dir='ltr'><strong>tededuaimus,</strong></span> <span class='ocrx_word' id='word_1_263' title='bbox 1051 2835 1200 2903; x_wconf 83' lang='lat' dir='ltr'><strong>quiequid</strong></span> <span class='ocrx_word' id='word_1_264' title='bbox 1208 2837 1319 2904; x_wconf 81' lang='lat' dir='ltr'><strong>piacet</strong></span> <span class='ocrx_word' id='word_1_265' title='bbox 1342 2840 1459 2904; x_wconf 76' lang='lat' dir='ltr'><strong>aperie</strong></span> 
     </span>
    </p>
   </div>
   <div class='ocr_carea' id='block_1_4' title="bbox 205 2933 1510 4687">
    <p class='ocr_par' dir='ltr' id='par_1_5' title="bbox 210 2933 1510 4093">
     <span class='ocr_line' id='line_1_26' title="bbox 215 2933 1510 3004; baseline 0.006 -19"><span class='ocrx_word' id='word_1_266' title='bbox 215 2933 292 3001; x_wconf 73' lang='lat' dir='ltr'><strong>apso.</strong></span> <span class='ocrx_word' id='word_1_267' title='bbox 309 2935 393 2994; x_wconf 78' lang='lat' dir='ltr'><strong>duod</strong></span> <span class='ocrx_word' id='word_1_268' title='bbox 404 2937 545 2989; x_wconf 83' lang='lat' dir='ltr'><strong>nostrum</strong></span> <span class='ocrx_word' id='word_1_269' title='bbox 556 2938 603 2990; x_wconf 87' lang='lat' dir='ltr'><strong>est</strong></span> <span class='ocrx_word' id='word_1_270' title='bbox 614 2933 769 3004; x_wconf 72' lang='lat' dir='ltr'><strong>fecimus,</strong></span> <span class='ocrx_word' id='word_1_271' title='bbox 782 2938 871 2989; x_wconf 91' lang='lat' dir='ltr'><strong>tuum</strong></span> <span class='ocrx_word' id='word_1_272' title='bbox 884 2948 940 3003; x_wconf 76' lang='lat' dir='ltr'><strong>ape</strong></span> <span class='ocrx_word' id='word_1_273' title='bbox 952 2935 1019 3003; x_wconf 84' lang='lat' dir='ltr'><strong>ipse</strong></span> <span class='ocrx_word' id='word_1_274' title='bbox 1030 2933 1250 2989; x_wconf 79' lang='lat' dir='ltr'><strong>nihilomiuus.</strong></span> <span class='ocrx_word' id='word_1_275' title='bbox 1263 2935 1457 2992; x_wconf 77' lang='lat' dir='ltr'><strong>Audivimus</strong></span> <span class='ocrx_word' id='word_1_276' title='bbox 1475 2940 1510 2993; x_wconf 74' lang='lat' dir='ltr'><strong>ab</strong></span> 
     </span>
     <span class='ocr_line' id='line_1_27' title="bbox 214 3032 1459 3104; baseline 0.005 -17"><span class='ocrx_word' id='word_1_277' title='bbox 214 3032 342 3101; x_wconf 84' lang='lat' dir='ltr'><strong>saeptus</strong></span> <span class='ocrx_word' id='word_1_278' title='bbox 354 3034 487 3089; x_wconf 89' lang='lat' dir='ltr'><strong>virtutes</strong></span> <span class='ocrx_word' id='word_1_279' title='bbox 497 3038 579 3104; x_wconf 90' lang='lat' dir='ltr'><strong>tuas,</strong></span> <span class='ocrx_word' id='word_1_280' title='bbox 593 3036 794 3104; x_wconf 76' lang='lat' dir='ltr'><strong>audivimus,</strong></span> <span class='ocrx_word' id='word_1_281' title='bbox 814 3037 868 3089; x_wconf 87' lang='lat' dir='ltr'><strong>sed</strong></span> <span class='ocrx_word' id='word_1_282' title='bbox 886 3036 1027 3103; x_wconf 82' lang='lat' dir='ltr'><strong>virtutes,</strong></span> <span class='ocrx_word' id='word_1_283' title='bbox 1044 3047 1124 3102; x_wconf 79' lang='lat' dir='ltr'><strong>ques</strong></span> <span class='ocrx_word' id='word_1_284' title='bbox 1141 3035 1332 3104; x_wconf 79' lang='lat' dir='ltr'><strong>audivimus,</strong></span> <span class='ocrx_word' id='word_1_285' title='bbox 1347 3036 1459 3093; x_wconf 67' lang='lat' dir='ltr'><strong>videm</strong></span> 
     </span>
     <span class='ocr_line' id='line_1_28' title="bbox 214 3134 1458 3203; baseline 0.005 -17"><span class='ocrx_word' id='word_1_286' title='bbox 214 3145 278 3186; x_wconf 87' lang='lat' dir='ltr'><strong>unu</strong></span> <span class='ocrx_word' id='word_1_287' title='bbox 284 3134 457 3201; x_wconf 80' lang='lat' dir='ltr'><strong>potuimus.</strong></span> <span class='ocrx_word' id='word_1_288' title='bbox 470 3135 582 3189; x_wconf 84' lang='lat' dir='ltr'><strong>Merita</strong></span> <span class='ocrx_word' id='word_1_289' title='bbox 595 3149 665 3190; x_wconf 89' lang='lat' dir='ltr'><strong>vero</strong></span> <span class='ocrx_word' id='word_1_290' title='bbox 678 3138 743 3200; x_wconf 90' lang='lat' dir='ltr'><strong>tua,</strong></span> <span class='ocrx_word' id='word_1_291' title='bbox 753 3135 897 3203; x_wconf 82' lang='lat' dir='ltr'><strong>piissime</strong></span> <span class='ocrx_word' id='word_1_292' title='bbox 909 3135 1055 3202; x_wconf 82' lang='lat' dir='ltr'><strong>apostole,</strong></span> <span class='ocrx_word' id='word_1_293' title='bbox 1069 3135 1171 3188; x_wconf 85' lang='lat' dir='ltr'><strong>muita</strong></span> <span class='ocrx_word' id='word_1_294' title='bbox 1184 3135 1269 3202; x_wconf 81' lang='lat' dir='ltr'><strong>apua</strong></span> <span class='ocrx_word' id='word_1_295' title='bbox 1277 3136 1376 3189; x_wconf 64' lang='lat' dir='ltr'><strong>Mum</strong></span> <span class='ocrx_word' id='word_1_296' title='bbox 1388 3149 1458 3192; x_wconf 85' lang='lat' dir='ltr'><strong>cre·</strong></span> 
     </span>
     <span class='ocr_line' id='line_1_29' title="bbox 213 3232 1458 3303; baseline 0.004 -19"><span class='ocrx_word' id='word_1_297' title='bbox 213 3232 327 3286; x_wconf 82' lang='lat' dir='ltr'><strong>aimus.</strong></span> <span class='ocrx_word' id='word_1_298' title='bbox 340 3233 496 3301; x_wconf 84' lang='lat' dir='ltr'><strong>Miserere,</strong></span> <span class='ocrx_word' id='word_1_299' title='bbox 505 3247 686 3303; x_wconf 86' lang='lat' dir='ltr'><strong>precamur,</strong></span> <span class='ocrx_word' id='word_1_300' title='bbox 700 3248 740 3288; x_wconf 86' lang='lat' dir='ltr'><strong>ue</strong></span> <span class='ocrx_word' id='word_1_301' title='bbox 750 3235 829 3303; x_wconf 74' lang='lat' dir='ltr'><strong>tides</strong></span> <span class='ocrx_word' id='word_1_302' title='bbox 840 3237 950 3289; x_wconf 83' lang='lat' dir='ltr'><strong>rwstra</strong></span> <span class='ocrx_word' id='word_1_303' title='bbox 962 3232 1147 3302; x_wconf 82' lang='lat' dir='ltr'><strong>frustretur,</strong></span> <span class='ocrx_word' id='word_1_304' title='bbox 1161 3236 1195 3287; x_wconf 90' lang='lat' dir='ltr'><strong>ut</strong></span> <span class='ocrx_word' id='word_1_305' title='bbox 1207 3234 1280 3287; x_wconf 86' lang='lat' dir='ltr'><strong>tuas</strong></span> <span class='ocrx_word' id='word_1_306' title='bbox 1293 3234 1404 3289; x_wconf 84' lang='lat' dir='ltr'><strong>laudes</strong></span> <span class='ocrx_word' id='word_1_307' title='bbox 1420 3236 1458 3289; x_wconf 83' lang='lat' dir='ltr'><strong>iu</strong></span> 
     </span>
     <span class='ocr_line' id='line_1_30' title="bbox 211 3332 1458 3403; baseline 0.004 -18"><span class='ocrx_word' id='word_1_308' title='bbox 211 3332 389 3400; x_wconf 75' lang='lat' dir='ltr'><strong>reptantibus</strong></span> <span class='ocrx_word' id='word_1_309' title='bbox 400 3334 517 3389; x_wconf 85' lang='lat' dir='ltr'><strong>uostris</strong></span> <span class='ocrx_word' id='word_1_310' title='bbox 524 3347 585 3402; x_wconf 86' lang='lat' dir='ltr'><strong>per</strong></span> <span class='ocrx_word' id='word_1_311' title='bbox 597 3334 678 3389; x_wconf 88' lang='lat' dir='ltr'><strong>buuc</strong></span> <span class='ocrx_word' id='word_1_312' title='bbox 683 3335 830 3400; x_wconf 83' lang='lat' dir='ltr'><strong>juvenem</strong></span> <span class='ocrx_word' id='word_1_313' title='bbox 845 3334 1061 3403; x_wconf 79' lang='lat' dir='ltr'><strong>confiteamur.</strong></span> <span class='ocrx_word' id='word_1_314' title='bbox 1080 3336 1113 3386; x_wconf 84' lang='lat' dir='ltr'><strong>Et</strong></span> <span class='ocrx_word' id='word_1_315' title='bbox 1132 3347 1193 3387; x_wconf 89' lang='lat' dir='ltr'><strong>cum</strong></span> <span class='ocrx_word' id='word_1_316' title='bbox 1207 3333 1362 3389; x_wconf 88' lang='lat' dir='ltr'><strong>diutissime</strong></span> <span class='ocrx_word' id='word_1_317' title='bbox 1375 3348 1458 3402; x_wconf 84' lang='lat' dir='ltr'><strong>peru-</strong></span> 
     </span>
     <span class='ocr_line' id='line_1_31' title="bbox 211 3432 1503 3502; baseline 0.005 -20"><span class='ocrx_word' id='word_1_318' title='bbox 211 3435 327 3496; x_wconf 89' lang='lat' dir='ltr'><strong>rassent,</strong></span> <span class='ocrx_word' id='word_1_319' title='bbox 342 3437 506 3498; x_wconf 88' lang='lat' dir='ltr'><strong>receperunt</strong></span> <span class='ocrx_word' id='word_1_320' title='bbox 518 3447 579 3486; x_wconf 90' lang='lat' dir='ltr'><strong>sese</strong></span> <span class='ocrx_word' id='word_1_321' title='bbox 592 3447 653 3487; x_wconf 87' lang='lat' dir='ltr'><strong>cum</strong></span> <span class='ocrx_word' id='word_1_322' title='bbox 664 3435 765 3500; x_wconf 82' lang='lat' dir='ltr'><strong>juvene</strong></span> <span class='ocrx_word' id='word_1_323' title='bbox 778 3434 807 3486; x_wconf 93' lang='lat' dir='ltr'><strong>in</strong></span> <span class='ocrx_word' id='word_1_324' title='bbox 826 3434 952 3500; x_wconf 89' lang='lat' dir='ltr'><strong>bospitio.</strong></span> <span class='ocrx_word' id='word_1_325' title='bbox 971 3436 1056 3498; x_wconf 80' lang='lat' dir='ltr'><strong>Tunc,</strong></span> <span class='ocrx_word' id='word_1_326' title='bbox 1073 3435 1151 3499; x_wconf 76' lang='lat' dir='ltr'><strong>Juxta</strong></span> <span class='ocrx_word' id='word_1_327' title='bbox 1165 3432 1304 3498; x_wconf 88' lang='lat' dir='ltr'><strong>pullorum</strong></span> <span class='ocrx_word' id='word_1_328' title='bbox 1315 3438 1441 3502; x_wconf 89' lang='lat' dir='ltr'><strong>cantum,</strong></span> <span class='ocrx_word' id='word_1_329' title='bbox 1470 3436 1503 3488; x_wconf 78' lang='lat'><strong>3⁰</strong></span> 
     </span>
     <span class='ocr_line' id='line_1_32' title="bbox 212 3529 1454 3601; baseline 0.006 -20"><span class='ocrx_word' id='word_1_330' title='bbox 212 3529 312 3596; x_wconf 91' lang='lat' dir='ltr'><strong>placuit</strong></span> <span class='ocrx_word' id='word_1_331' title='bbox 325 3532 379 3584; x_wconf 89' lang='lat' dir='ltr'><strong>beo</strong></span> <span class='ocrx_word' id='word_1_332' title='bbox 401 3534 545 3587; x_wconf 88' lang='lat' dir='ltr'><strong>ostendere</strong></span> <span class='ocrx_word' id='word_1_333' title='bbox 563 3534 691 3587; x_wconf 87' lang='lat' dir='ltr'><strong>virtutem</strong></span> <span class='ocrx_word' id='word_1_334' title='bbox 710 3532 861 3586; x_wconf 86' lang='lat' dir='ltr'><strong>mirificam.</strong></span> <span class='ocrx_word' id='word_1_335' title='bbox 880 3536 949 3586; x_wconf 81' lang='lat' dir='ltr'><strong>Nam</strong></span> <span class='ocrx_word' id='word_1_336' title='bbox 970 3532 1097 3585; x_wconf 90' lang='lat' dir='ltr'><strong>omnibus</strong></span> <span class='ocrx_word' id='word_1_337' title='bbox 1118 3531 1314 3599; x_wconf 75' lang='lat' dir='ltr'><strong>vigilantibus,</strong></span> <span class='ocrx_word' id='word_1_338' title='bbox 1334 3533 1454 3601; x_wconf 84' lang='lat' dir='ltr'><strong>jamque</strong></span> 
     </span>
     <span class='ocr_line' id='line_1_33' title="bbox 211 3627 1450 3696; baseline 0.005 -17"><span class='ocrx_word' id='word_1_339' title='bbox 211 3627 359 3681; x_wconf 90' lang='lat' dir='ltr'><strong>matutinos</strong></span> <span class='ocrx_word' id='word_1_340' title='bbox 372 3630 487 3696; x_wconf 85' lang='lat' dir='ltr'><strong>hymnos</strong></span> <span class='ocrx_word' id='word_1_341' title='bbox 498 3630 574 3684; x_wconf 86' lang='lat' dir='ltr'><strong>adire</strong></span> <span class='ocrx_word' id='word_1_342' title='bbox 593 3631 777 3696; x_wconf 90' lang='lat' dir='ltr'><strong>cupientibus,</strong></span> <span class='ocrx_word' id='word_1_343' title='bbox 790 3633 885 3684; x_wconf 88' lang='lat' dir='ltr'><strong>contra</strong></span> <span class='ocrx_word' id='word_1_344' title='bbox 904 3635 1030 3684; x_wconf 87' lang='lat' dir='ltr'><strong>naturam</strong></span> <span class='ocrx_word' id='word_1_345' title='bbox 1048 3629 1190 3683; x_wconf 88' lang='lat' dir='ltr'><strong>bominum</strong></span> <span class='ocrx_word' id='word_1_346' title='bbox 1209 3634 1237 3682; x_wconf 92' lang='lat' dir='ltr'><strong>et</strong></span> <span class='ocrx_word' id='word_1_347' title='bbox 1254 3629 1349 3684; x_wconf 88' lang='lat' dir='ltr'><strong>solitas</strong></span> <span class='ocrx_word' id='word_1_348' title='bbox 1362 3632 1450 3686; x_wconf 82' lang='lat' dir='ltr'><strong>visio-</strong></span> 
     </span>
     <span class='ocr_line' id='line_1_34' title="bbox 213 3726 1447 3796; baseline 0.006 -19"><span class='ocrx_word' id='word_1_349' title='bbox 213 3737 262 3777; x_wconf 90' lang='lat' dir='ltr'><strong>nes</strong></span> <span class='ocrx_word' id='word_1_350' title='bbox 273 3726 416 3779; x_wconf 89' lang='lat' dir='ltr'><strong>oculorum</strong></span> <span class='ocrx_word' id='word_1_351' title='bbox 438 3728 603 3795; x_wconf 85' lang='lat' dir='ltr'><strong>mortalium,</strong></span> <span class='ocrx_word' id='word_1_352' title='bbox 623 3728 772 3796; x_wconf 82' lang='lat' dir='ltr'><strong>sanguineo</strong></span> <span class='ocrx_word' id='word_1_353' title='bbox 791 3741 889 3782; x_wconf 90' lang='lat' dir='ltr'><strong>cruore</strong></span> <span class='ocrx_word' id='word_1_354' title='bbox 907 3742 956 3793; x_wconf 90' lang='lat' dir='ltr'><strong>per</strong></span> <span class='ocrx_word' id='word_1_355' title='bbox 972 3740 1003 3781; x_wconf 91' lang='lat' dir='ltr'><strong>os</strong></span> <span class='ocrx_word' id='word_1_356' title='bbox 1021 3740 1124 3794; x_wconf 86' lang='lat' dir='ltr'><strong>perque</strong></span> <span class='ocrx_word' id='word_1_357' title='bbox 1142 3740 1224 3781; x_wconf 91' lang='lat' dir='ltr'><strong>nares</strong></span> <span class='ocrx_word' id='word_1_358' title='bbox 1241 3741 1347 3796; x_wconf 90' lang='lat' dir='ltr'><strong>perque</strong></span> <span class='ocrx_word' id='word_1_359' title='bbox 1359 3742 1447 3784; x_wconf 84' lang='lat' dir='ltr'><strong>aures</strong></span> 
     </span>
     <span class='ocr_line' id='line_1_35' title="bbox 210 3822 1446 3893; baseline 0.005 -18"><span class='ocrx_word' id='word_1_360' title='bbox 210 3822 270 3889; x_wconf 83' lang='lat' dir='ltr'><strong>ejus</strong></span> <span class='ocrx_word' id='word_1_361' title='bbox 283 3823 461 3877; x_wconf 81' lang='lat' dir='ltr'><strong>uehementer</strong></span> <span class='ocrx_word' id='word_1_362' title='bbox 473 3825 640 3893; x_wconf 85' lang='lat' dir='ltr'><strong>exundante,</strong></span> <span class='ocrx_word' id='word_1_363' title='bbox 654 3827 742 3893; x_wconf 89' lang='lat' dir='ltr'><strong>capite</strong></span> <span class='ocrx_word' id='word_1_364' title='bbox 759 3831 815 3880; x_wconf 89' lang='lat' dir='ltr'><strong>tcto</strong></span> <span class='ocrx_word' id='word_1_365' title='bbox 828 3826 994 3890; x_wconf 88' lang='lat' dir='ltr'><strong>bumeiacto,</strong></span> <span class='ocrx_word' id='word_1_366' title='bbox 1009 3826 1109 3893; x_wconf 87' lang='lat' dir='ltr'><strong>pietate</strong></span> <span class='ocrx_word' id='word_1_367' title='bbox 1121 3829 1148 3878; x_wconf 88' lang='lat' dir='ltr'><strong>et</strong></span> <span class='ocrx_word' id='word_1_368' title='bbox 1163 3826 1251 3893; x_wconf 79' lang='lat' dir='ltr'><strong>gratia</strong></span> <span class='ocrx_word' id='word_1_369' title='bbox 1262 3828 1328 3880; x_wconf 81' lang='lat' dir='ltr'><strong>lesu</strong></span> <span class='ocrx_word' id='word_1_370' title='bbox 1342 3827 1446 3881; x_wconf 83' lang='lat' dir='ltr'><strong>curisti</strong></span> 
     </span>
     <span class='ocr_line' id='line_1_36' title="bbox 212 3921 1503 3993; baseline 0.008 -19"><span class='ocrx_word' id='word_1_371' title='bbox 212 3921 320 3975; x_wconf 88' lang='lat' dir='ltr'><strong>bomini</strong></span> <span class='ocrx_word' id='word_1_372' title='bbox 333 3924 429 3990; x_wconf 91' lang='lat' dir='ltr'><strong>nostri,</strong></span> <span class='ocrx_word' id='word_1_373' title='bbox 442 3924 489 3991; x_wconf 89' lang='lat' dir='ltr'><strong>qni</strong></span> <span class='ocrx_word' id='word_1_374' title='bbox 508 3939 657 3992; x_wconf 87' lang='lat' dir='ltr'><strong>numquam</strong></span> <span class='ocrx_word' id='word_1_375' title='bbox 675 3925 799 3980; x_wconf 90' lang='lat' dir='ltr'><strong>audierat</strong></span> <span class='ocrx_word' id='word_1_376' title='bbox 814 3927 856 3980; x_wconf 84' lang='lat' dir='ltr'><strong>uel</strong></span> <span class='ocrx_word' id='word_1_377' title='bbox 874 3927 957 3979; x_wconf 84' lang='lat' dir='ltr'><strong>verba</strong></span> <span class='ocrx_word' id='word_1_378' title='bbox 975 3926 1089 3979; x_wconf 88' lang='lat' dir='ltr'><strong>articula</strong></span> <span class='ocrx_word' id='word_1_379' title='bbox 1107 3924 1324 3993; x_wconf 87' lang='lat' dir='ltr'><strong>deprompserat,</strong></span> <span class='ocrx_word' id='word_1_380' title='bbox 1343 3928 1449 3982; x_wconf 88' lang='lat' dir='ltr'><strong>abbinc</strong></span> <span class='ocrx_word' id='word_1_381' title='bbox 1466 3931 1503 3984; x_wconf 74' lang='lat' dir='ltr'><strong>bb</strong></span> 
     </span>
     <span class='ocr_line' id='line_1_37' title="bbox 507 4025 1147 4093; baseline 0.003 -16"><span class='ocrx_word' id='word_1_382' title='bbox 507 4025 654 4079; x_wconf 81' lang='lat' dir='ltr'><strong>Flebilibus</strong></span> <span class='ocrx_word' id='word_1_383' title='bbox 668 4039 769 4080; x_wconf 86' lang='lat' dir='ltr'><strong>vacuas</strong></span> <span class='ocrx_word' id='word_1_384' title='bbox 781 4027 904 4093; x_wconf 87' lang='lat' dir='ltr'><strong>implevit</strong></span> <span class='ocrx_word' id='word_1_385' title='bbox 923 4026 1036 4080; x_wconf 89' lang='lat' dir='ltr'><strong>vocibus</strong></span> <span class='ocrx_word' id='word_1_386' title='bbox 1055 4038 1147 4079; x_wconf 87' lang='lat' dir='ltr'><strong>auras.</strong></span> 
     </span>
    </p>

    <p class='ocr_par' dir='ltr' id='par_1_6' title="bbox 205 4121 1505 4572">
     <span class='ocr_line' id='line_1_38' title="bbox 241 4121 1452 4193; baseline 0.007 -21"><span class='ocrx_word' id='word_1_387' title='bbox 241 4121 294 4174; x_wconf 87' lang='lat' dir='ltr'><strong>Nos</strong></span> <span class='ocrx_word' id='word_1_388' title='bbox 309 4121 390 4175; x_wconf 90' lang='lat' dir='ltr'><strong>etiam</strong></span> <span class='ocrx_word' id='word_1_389' title='bbox 405 4126 488 4176; x_wconf 90' lang='lat' dir='ltr'><strong>testes</strong></span> <span class='ocrx_word' id='word_1_390' title='bbox 499 4136 604 4190; x_wconf 88' lang='lat' dir='ltr'><strong>sumus,</strong></span> <span class='ocrx_word' id='word_1_391' title='bbox 618 4124 664 4192; x_wconf 90' lang='lat' dir='ltr'><strong>qui</strong></span> <span class='ocrx_word' id='word_1_392' title='bbox 676 4133 815 4178; x_wconf 88' lang='lat' dir='ltr'><strong>recentem</strong></span> <span class='ocrx_word' id='word_1_393' title='bbox 827 4125 855 4177; x_wconf 91' lang='lat' dir='ltr'><strong>in</strong></span> <span class='ocrx_word' id='word_1_394' title='bbox 868 4125 945 4193; x_wconf 81' lang='lat' dir='ltr'><strong>genis</strong></span> <span class='ocrx_word' id='word_1_395' title='bbox 956 4126 1016 4191; x_wconf 83' lang='lat' dir='ltr'><strong>ejus</strong></span> <span class='ocrx_word' id='word_1_396' title='bbox 1028 4122 1189 4193; x_wconf 82' lang='lat' dir='ltr'><strong>sanguinem</strong></span> <span class='ocrx_word' id='word_1_397' title='bbox 1205 4122 1333 4177; x_wconf 85' lang='lat' dir='ltr'><strong>vidimus.</strong></span> <span class='ocrx_word' id='word_1_398' title='bbox 1346 4125 1452 4193; x_wconf 85' lang='lat' dir='ltr'><strong>sicque</strong></span> 
     </span>
     <span class='ocr_line' id='line_1_39' title="bbox 205 4208 1450 4293; baseline 0.006 -20"><span class='ocrx_word' id='word_1_399' title='bbox 205 4218 316 4285; x_wconf 78' lang='lat' dir='ltr'><strong>iuvenis</strong></span> <span class='ocrx_word' id='word_1_400' title='bbox 332 4222 472 4289; x_wconf 88' lang='lat' dir='ltr'><strong>accipiens</strong></span> <span class='ocrx_word' id='word_1_401' title='bbox 489 4223 652 4277; x_wconf 90' lang='lat' dir='ltr'><strong>medicinam</strong></span> <span class='ocrx_word' id='word_1_402' title='bbox 669 4224 825 4291; x_wconf 88' lang='lat' dir='ltr'><strong>caelestem,</strong></span> <span class='ocrx_word' id='word_1_403' title='bbox 839 4225 898 4292; x_wconf 91' lang='lat' dir='ltr'><strong>ipso</strong></span> <span class='ocrx_word' id='word_1_404' title='bbox 916 4223 961 4277; x_wconf 93' lang='lat' dir='ltr'><strong>die</strong></span> <span class='ocrx_word' id='word_1_405' title='bbox 979 4238 1041 4277; x_wconf 89' lang='lat' dir='ltr'><strong>cum</strong></span> <span class='ocrx_word' id='word_1_406' title='bbox 1060 4222 1252 4276; x_wconf 90' lang='lat' dir='ltr'><strong>inaestimabili</strong></span> <span class='ocrx_word' id='word_1_407' title='bbox 1264 4222 1378 4293; x_wconf 75' lang='lat' dir='ltr'><strong>gaudio,</strong></span> <span class='ocrx_word' id='word_1_408' title='bbox 1393 4208 1450 4280; x_wconf 63' lang='lat' dir='ltr'><strong>lauss</strong></span> 
     </span>
     <span class='ocr_line' id='line_1_40' title="bbox 209 4315 1451 4390; baseline 0.008 -22"><span class='ocrx_word' id='word_1_409' title='bbox 209 4315 278 4370; x_wconf 89' lang='lat' dir='ltr'><strong>dans</strong></span> <span class='ocrx_word' id='word_1_410' title='bbox 291 4320 386 4386; x_wconf 80' lang='lat' dir='ltr'><strong>baum,</strong></span> <span class='ocrx_word' id='word_1_411' title='bbox 400 4333 462 4373; x_wconf 91' lang='lat' dir='ltr'><strong>cum</strong></span> <span class='ocrx_word' id='word_1_412' title='bbox 475 4321 532 4372; x_wconf 88' lang='lat' dir='ltr'><strong>suis</strong></span> <span class='ocrx_word' id='word_1_413' title='bbox 541 4321 575 4374; x_wconf 90' lang='lat' dir='ltr'><strong>ad</strong></span> <span class='ocrx_word' id='word_1_414' title='bbox 585 4322 694 4388; x_wconf 90' lang='lat' dir='ltr'><strong>propria</strong></span> <span class='ocrx_word' id='word_1_415' title='bbox 707 4323 855 4388; x_wconf 83' lang='lat' dir='ltr'><strong>repedavit,</strong></span> <span class='ocrx_word' id='word_1_416' title='bbox 865 4322 1036 4390; x_wconf 79' lang='lat' dir='ltr'><strong>glorificante</strong></span> <span class='ocrx_word' id='word_1_417' title='bbox 1049 4321 1277 4388; x_wconf 90' lang='lat' dir='ltr'><strong>pretiosissimum</strong></span> <span class='ocrx_word' id='word_1_418' title='bbox 1290 4324 1451 4388; x_wconf 90' lang='lat' dir='ltr'><strong>apostolum</strong></span> 
     </span>
     <span class='ocr_line' id='line_1_41' title="bbox 207 4419 1505 4489; baseline 0.011 -22"><span class='ocrx_word' id='word_1_419' title='bbox 207 4428 287 4469; x_wconf 91' lang='lat' dir='ltr'><strong>suum</strong></span> <span class='ocrx_word' id='word_1_420' title='bbox 307 4419 457 4471; x_wconf 88' lang='lat' dir='ltr'><strong>blartialem</strong></span> <span class='ocrx_word' id='word_1_421' title='bbox 475 4421 589 4475; x_wconf 82' lang='lat' dir='ltr'><strong>bomine</strong></span> <span class='ocrx_word' id='word_1_422' title='bbox 608 4425 703 4474; x_wconf 89' lang='lat' dir='ltr'><strong>nostro</strong></span> <span class='ocrx_word' id='word_1_423' title='bbox 720 4425 785 4475; x_wconf 85' lang='lat' dir='ltr'><strong>iesu</strong></span> <span class='ocrx_word' id='word_1_424' title='bbox 803 4423 918 4486; x_wconf 82' lang='lat' dir='ltr'><strong>cbristo,</strong></span> <span class='ocrx_word' id='word_1_425' title='bbox 932 4423 976 4476; x_wconf 87' lang='lat' dir='ltr'><strong>cui</strong></span> <span class='ocrx_word' id='word_1_426' title='bbox 994 4427 1035 4475; x_wconf 89' lang='lat' dir='ltr'><strong>est</strong></span> <span class='ocrx_word' id='word_1_427' title='bbox 1054 4421 1280 4489; x_wconf 74' lang='lat' dir='ltr'><strong>bonoretqloria</strong></span> <span class='ocrx_word' id='word_1_428' title='bbox 1294 4422 1452 4479; x_wconf 88' lang='lat' dir='ltr'><strong>insaecula</strong></span> <span class='ocrx_word' id='word_1_429' title='bbox 1471 4429 1505 4481; x_wconf 80' lang='lat' dir='ltr'><strong>td</strong></span> 
     </span>
     <span class='ocr_line' id='line_1_42' title="bbox 207 4495 815 4572; baseline 0.012 -6"><span class='ocrx_word' id='word_1_430' title='bbox 207 4516 390 4570; x_wconf 85' lang='lat' dir='ltr'><strong>saeculorum.</strong></span> <span class='ocrx_word' id='word_1_431' title='bbox 401 4519 498 4572; x_wconf 78' lang='lat' dir='ltr'><strong>Amen.</strong></span> <span class='ocrx_word' id='word_1_432' title='bbox 813 4495 815 4498; x_wconf 24' lang='lat'>⁸</span> 
     </span>
    </p>

    <p class='ocr_par' dir='ltr' id='par_1_7' title="bbox 238 4612 1448 4687">
     <span class='ocr_line' id='line_1_43' title="bbox 238 4612 1448 4687; baseline 0.011 -23"><span class='ocrx_word' id='word_1_433' title='bbox 238 4612 294 4666; x_wconf 79' lang='lat'><strong>80.</strong></span> <span class='ocrx_word' id='word_1_434' title='bbox 306 4613 402 4668; x_wconf 76' lang='lat' dir='ltr'><strong>Aliud</strong></span> <span class='ocrx_word' id='word_1_435' title='bbox 422 4615 621 4671; x_wconf 66' lang='lat' dir='ltr'><strong>inmusulum.</strong></span> <span class='ocrx_word' id='word_1_436' title='bbox 651 4620 716 4684; x_wconf 70' lang='lat' dir='ltr'><strong>[bl]</strong></span> <span class='ocrx_word' id='word_1_437' title='bbox 735 4618 809 4672; x_wconf 91' lang='lat' dir='ltr'><strong>llulti</strong></span> <span class='ocrx_word' id='word_1_438' title='bbox 837 4619 966 4687; x_wconf 86' lang='lat' dir='ltr'><strong>antiquae</strong></span> <span class='ocrx_word' id='word_1_439' title='bbox 987 4617 1156 4673; x_wconf 87' lang='lat' dir='ltr'><strong>auctoritatis</strong></span> <span class='ocrx_word' id='word_1_440' title='bbox 1179 4619 1304 4673; x_wconf 84' lang='lat' dir='ltr'><strong>referunt</strong></span> <span class='ocrx_word' id='word_1_441' title='bbox 1329 4621 1448 4677; x_wconf 86' lang='lat' dir='ltr'><strong>beatum</strong></span> 
     </span>
    </p>
   </div>
   <div class='ocr_carea' id='block_1_5' title="bbox 0 0 1662 5482">
    <p class='ocr_par' dir='ltr' id='par_1_8' title="bbox 0 0 1662 5482">
     <span class='ocr_line' id='line_1_44' title="bbox 0 0 1662 5482; baseline 0 4"><span class='ocrx_word' id='word_1_442' title='bbox 0 0 1662 5482; x_wconf 95' lang='lat' dir='ltr'><strong> </strong></span> 
     </span>
    </p>
   </div>
  </div>
 </body>
</html>
