<?xml version="1.0" encoding="UTF-8"?>
<!DOCTYPE html PUBLIC "-//W3C//DTD XHTML 1.0 Transitional//EN"
    "http://www.w3.org/TR/xhtml1/DTD/xhtml1-transitional.dtd">
<html xmlns="http://www.w3.org/1999/xhtml" xml:lang="en" lang="en">
 <head>
  <title>
</title>
<meta http-equiv="Content-Type" content="text/html;charset=utf-8" />
  <meta name='ocr-system' content='tesseract 3.04.00' />
  <meta name='ocr-capabilities' content='ocr_page ocr_carea ocr_par ocr_line ocrx_word'/>
</head>
<body>
  <div class='ocr_page' id='page_1' title='image "./cataloguscodicu02manugoog_0636.png"; bbox 0 0 3316 5482; ppageno 0'>
   <div class='ocr_carea' id='block_1_1' title="bbox 521 318 1435 387">
    <p class='ocr_par' dir='ltr' id='par_1_1' title="bbox 521 318 1435 387">
     <span class='ocr_line' id='line_1_1' title="bbox 521 318 1435 387; baseline 0.001 -3"><span class='ocrx_word' id='word_1_1' title='bbox 521 335 613 384; x_wconf 80' lang='lat' dir='ltr'>uisu.</span> <span class='ocrx_word' id='word_1_2' title='bbox 632 334 716 387; x_wconf 74' lang='lat' dir='ltr'>nir.</span> <span class='ocrx_word' id='word_1_3' title='bbox 735 334 851 384; x_wconf 77' lang='lat' dir='ltr'>runrs.</span> <span class='ocrx_word' id='word_1_4' title='bbox 871 353 916 365; x_wconf 90' lang='lat'>-</span> <span class='ocrx_word' id='word_1_5' title='bbox 932 333 1009 384; x_wconf 91' lang='lat' dir='ltr'>oon.</span> <span class='ocrx_word' id='word_1_6' title='bbox 1030 331 1121 383; x_wconf 74' lang='lat' dir='ltr'>rosor.</span> <span class='ocrx_word' id='word_1_7' title='bbox 1371 318 1435 385; x_wconf 85' lang='grc'>611</span> 
     </span>
    </p>
   </div>
   <div class='ocr_carea' id='block_1_2' title="bbox 202 499 1440 1156">
    <p class='ocr_par' dir='ltr' id='par_1_2' title="bbox 202 499 1440 1156">
     <span class='ocr_line' id='line_1_2' title="bbox 306 499 1440 603; baseline 0.001 -25"><span class='ocrx_word' id='word_1_8' title='bbox 306 502 348 578; x_wconf 69' lang='lat'>2⁰</span> <span class='ocrx_word' id='word_1_9' title='bbox 362 502 445 580; x_wconf 85' lang='lat' dir='ltr'>Vita</span> <span class='ocrx_word' id='word_1_10' title='bbox 474 501 536 580; x_wconf 89' lang='lat' dir='ltr'>vel</span> <span class='ocrx_word' id='word_1_11' title='bbox 566 507 675 581; x_wconf 89' lang='lat' dir='ltr'>actus</span> <span class='ocrx_word' id='word_1_12' title='bbox 704 502 808 580; x_wconf 88' lang='lat' dir='ltr'>beati</span> <span class='ocrx_word' id='word_1_13' title='bbox 828 500 1003 602; x_wconf 82' lang='lat' dir='ltr'>Gregorii</span> <span class='ocrx_word' id='word_1_14' title='bbox 1021 523 1146 603; x_wconf 89' lang='lat' dir='ltr'>papae</span> <span class='ocrx_word' id='word_1_15' title='bbox 1165 499 1275 579; x_wconf 89' lang='lat' dir='ltr'>urbis</span> <span class='ocrx_word' id='word_1_16' title='bbox 1293 500 1440 579; x_wconf 91' lang='lat' dir='ltr'>Romae</span> 
     </span>
     <span class='ocr_line' id='line_1_3' title="bbox 339 625 650 727; baseline 0.01 -28"><span class='ocrx_word' id='word_1_17' title='bbox 339 625 432 727; x_wconf 73' lang='lat' dir='ltr'>nor.</span> <span class='ocrx_word' id='word_1_18' title='bbox 455 625 650 727; x_wconf 67' lang='lat' dir='ltr'>sar-oui*</span> 
     </span>
     <span class='ocr_line' id='line_1_4' title="bbox 239 760 519 825; baseline 0.004 -14"><span class='ocrx_word' id='word_1_19' title='bbox 239 760 358 813; x_wconf 78' lang='lat' dir='ltr'><strong>Auctore</strong></span> <span class='ocrx_word' id='word_1_20' title='bbox 370 770 519 825; x_wconf 80' lang='lat' dir='ltr'>anonymo.</span> 
     </span>
     <span class='ocr_line' id='line_1_5' title="bbox 307 856 1127 959; baseline 0 -24"><span class='ocrx_word' id='word_1_21' title='bbox 307 857 348 935; x_wconf 83' lang='lat'>3⁰</span> <span class='ocrx_word' id='word_1_22' title='bbox 364 857 450 935; x_wconf 86' lang='lat' dir='ltr'>Vita</span> <span class='ocrx_word' id='word_1_23' title='bbox 467 857 570 935; x_wconf 92' lang='lat' dir='ltr'>beati</span> <span class='ocrx_word' id='word_1_24' title='bbox 594 857 819 959; x_wconf 84' lang='lat' dir='ltr'>Hieronymi</span> <span class='ocrx_word' id='word_1_25' title='bbox 837 856 916 957; x_wconf 81' lang='lat' dir='ltr'>(fol.</span> <span class='ocrx_word' id='word_1_26' title='bbox 937 857 1127 958; x_wconf 50' lang='lat' dir='ltr'>(itt-ddi*</span> 
     </span>
     <span class='ocr_line' id='line_1_6' title="bbox 238 989 1438 1059; baseline 0.002 -15"><span class='ocrx_word' id='word_1_27' title='bbox 238 993 357 1044; x_wconf 76' lang='lat' dir='ltr'>Auctore</span> <span class='ocrx_word' id='word_1_28' title='bbox 370 1004 517 1058; x_wconf 80' lang='lat' dir='ltr'>anonymo.</span> <span class='ocrx_word' id='word_1_29' title='bbox 532 991 605 1044; x_wconf 76' lang='lat' dir='ltr'>Folio</span> <span class='ocrx_word' id='word_1_30' title='bbox 618 991 722 1058; x_wconf 86' lang='lat' dir='ltr'>avulso,</span> <span class='ocrx_word' id='word_1_31' title='bbox 733 990 828 1045; x_wconf 88' lang='lat' dir='ltr'>mutila</span> <span class='ocrx_word' id='word_1_32' title='bbox 838 990 941 1043; x_wconf 84' lang='lat' dir='ltr'><strong>desinit</strong></span> <span class='ocrx_word' id='word_1_33' title='bbox 951 990 979 1043; x_wconf 92' lang='lat' dir='ltr'>in</span> <span class='ocrx_word' id='word_1_34' title='bbox 990 991 1079 1044; x_wconf 80' lang='lat' dir='ltr'>verbis</span> <span class='ocrx_word' id='word_1_35' title='bbox 1085 989 1338 1059; x_wconf 81' lang='lat' dir='ltr'>praefationibus</span> <span class='ocrx_word' id='word_1_36' title='bbox 1343 1005 1438 1059; x_wconf 79' lang='lat' dir='ltr'>prae·</span> 
     </span>
     <span class='ocr_line' id='line_1_7' title="bbox 202 1088 705 1156; baseline -0.004 -13"><span class='ocrx_word' id='word_1_37' title='bbox 202 1091 345 1154; x_wconf 79' lang='lat' dir='ltr'>notatas,</span> <span class='ocrx_word' id='word_1_38' title='bbox 359 1088 495 1156; x_wconf 79' lang='lat' dir='ltr'>quinque</span> <span class='ocrx_word' id='word_1_39' title='bbox 504 1088 541 1155; x_wconf 88' lang='lat' dir='ltr'>(p.</span> <span class='ocrx_word' id='word_1_40' title='bbox 556 1089 604 1142; x_wconf 74' lang='lat' dir='ltr'>tat</span> <span class='ocrx_word' id='word_1_41' title='bbox 616 1090 705 1153; x_wconf 77' lang='lat' dir='ltr'>extr).</span> 
     </span>
    </p>
   </div>
   <div class='ocr_carea' id='block_1_3' title="bbox 688 1283 968 1298">
    <p class='ocr_par' dir='ltr' id='par_1_3' title="bbox 688 1283 968 1298">
     <span class='ocr_line' id='line_1_8' title="bbox 688 1283 968 1298; baseline -0.004 -2"><span class='ocrx_word' id='word_1_42' title='bbox 688 1283 968 1298; x_wconf 41' lang='grc' dir='ltr'>-ῥα</span> 
     </span>
    </p>
   </div>
   <div class='ocr_carea' id='block_1_4' title="bbox 394 1568 1232 1681">
    <p class='ocr_par' dir='ltr' id='par_1_4' title="bbox 394 1568 1232 1681">
     <span class='ocr_line' id='line_1_9' title="bbox 394 1568 1232 1681; baseline -0.004 -25"><span class='ocrx_word' id='word_1_43' title='bbox 394 1568 555 1657; x_wconf 87' lang='lat' dir='ltr'>nxvn.</span> <span class='ocrx_word' id='word_1_44' title='bbox 582 1569 707 1657; x_wconf 83' lang='lat' dir='ltr'>dodex</span> <span class='ocrx_word' id='word_1_45' title='bbox 726 1570 915 1681; x_wconf 84' lang='lat' dir='ltr'>signatus</span> <span class='ocrx_word' id='word_1_46' title='bbox 938 1595 1052 1657; x_wconf 91' lang='lat' dir='ltr'>uum.</span> <span class='ocrx_word' id='word_1_47' title='bbox 1081 1571 1232 1661; x_wconf 85' lang='grc'><strong>10864.</strong></span> 
     </span>
    </p>
   </div>
   <div class='ocr_carea' id='block_1_5' title="bbox 208 1807 1443 2175">
    <p class='ocr_par' dir='ltr' id='par_1_5' title="bbox 208 1807 1441 1964">
     <span class='ocr_line' id='line_1_10' title="bbox 244 1807 1441 1878; baseline 0.001 -15"><span class='ocrx_word' id='word_1_48' title='bbox 244 1810 315 1863; x_wconf 83' lang='lat' dir='ltr'>Olim</span> <span class='ocrx_word' id='word_1_49' title='bbox 330 1808 456 1862; x_wconf 78' lang='lat' dir='ltr'>coenobii</span> <span class='ocrx_word' id='word_1_50' title='bbox 470 1825 480 1857; x_wconf 78' lang='lat' dir='ltr'>i</span> <span class='ocrx_word' id='word_1_51' title='bbox 496 1807 587 1874; x_wconf 88' lang='lat' dir='ltr'>sancti</span> <span class='ocrx_word' id='word_1_52' title='bbox 594 1807 769 1862; x_wconf 83' lang='lat' dir='ltr'>willebrordi</span> <span class='ocrx_word' id='word_1_53' title='bbox 779 1809 989 1874; x_wconf 77' lang='lat' dir='ltr'>Epternacensis</span> <span class='ocrx_word' id='word_1_54' title='bbox 1001 1825 1011 1858; x_wconf 80' lang='grc' dir='ltr'><strong>ι</strong></span> <span class='ocrx_word' id='word_1_55' title='bbox 1025 1809 1082 1874; x_wconf 83' lang='lat' dir='ltr'>(sol.</span> <span class='ocrx_word' id='word_1_56' title='bbox 1094 1810 1158 1875; x_wconf 69' lang='lat'>38¹),</span> <span class='ocrx_word' id='word_1_57' title='bbox 1172 1808 1274 1863; x_wconf 86' lang='lat' dir='ltr'>deinde</span> <span class='ocrx_word' id='word_1_58' title='bbox 1287 1810 1381 1878; x_wconf 82' lang='lat' dir='ltr'><strong>suppl.</strong></span> <span class='ocrx_word' id='word_1_59' title='bbox 1394 1810 1441 1865; x_wconf 86' lang='lat' dir='ltr'>iat.</span> 
     </span>
     <span class='ocr_line' id='line_1_11' title="bbox 208 1908 304 1964; baseline -0.01 0"><span class='ocrx_word' id='word_1_60' title='bbox 208 1908 304 1964; x_wconf 59' lang='lat' dir='ltr'>mom.</span> 
     </span>
    </p>

    <p class='ocr_par' dir='ltr' id='par_1_6' title="bbox 210 2007 1443 2175">
     <span class='ocr_line' id='line_1_12' title="bbox 242 2007 1443 2078; baseline 0.002 -17"><span class='ocrx_word' id='word_1_61' title='bbox 242 2008 381 2062; x_wconf 82' lang='lat' dir='ltr'>Foliomm</span> <span class='ocrx_word' id='word_1_62' title='bbox 393 2009 450 2074; x_wconf 78' lang='lat'>121,</span> <span class='ocrx_word' id='word_1_63' title='bbox 465 2009 532 2061; x_wconf 87' lang='lat' dir='ltr'>min.</span> <span class='ocrx_word' id='word_1_64' title='bbox 544 2009 766 2073; x_wconf 56' lang='lat' dir='ltr'>(motmunt),</span> <span class='ocrx_word' id='word_1_65' title='bbox 780 2007 861 2061; x_wconf 87' lang='lat' dir='ltr'>lineis</span> <span class='ocrx_word' id='word_1_66' title='bbox 873 2007 972 2075; x_wconf 86' lang='lat' dir='ltr'>plenis,</span> <span class='ocrx_word' id='word_1_67' title='bbox 987 2013 1191 2062; x_wconf 83' lang='lat' dir='ltr'>exaratusextr.</span> <span class='ocrx_word' id='word_1_68' title='bbox 1202 2022 1274 2063; x_wconf 87' lang='lat' dir='ltr'>saec.</span> <span class='ocrx_word' id='word_1_69' title='bbox 1288 2012 1320 2078; x_wconf 78' lang='lat' dir='ltr'>x,</span> <span class='ocrx_word' id='word_1_70' title='bbox 1334 2016 1443 2076; x_wconf 88' lang='lat' dir='ltr'>praeter</span> 
     </span>
     <span class='ocr_line' id='line_1_13' title="bbox 210 2109 663 2175; baseline 0 -14"><span class='ocrx_word' id='word_1_71' title='bbox 210 2109 276 2164; x_wconf 84' lang='lat' dir='ltr'>tolia</span> <span class='ocrx_word' id='word_1_72' title='bbox 290 2109 377 2175; x_wconf 56' lang='grc'><strong>5897,</strong></span> <span class='ocrx_word' id='word_1_73' title='bbox 389 2114 498 2162; x_wconf 87' lang='lat' dir='ltr'>exarata</span> <span class='ocrx_word' id='word_1_74' title='bbox 511 2120 582 2162; x_wconf 89' lang='lat' dir='ltr'>saec.</span> <span class='ocrx_word' id='word_1_75' title='bbox 595 2110 663 2161; x_wconf 84' lang='lat' dir='ltr'>xlll.</span> 
     </span>
    </p>
   </div>
   <div class='ocr_carea' id='block_1_6' title="bbox 313 2206 1440 2300">
    <p class='ocr_par' dir='ltr' id='par_1_7' title="bbox 313 2206 1440 2300">
     <span class='ocr_line' id='line_1_14' title="bbox 313 2206 1440 2300; baseline 0.001 -16"><span class='ocrx_word' id='word_1_76' title='bbox 313 2208 352 2284; x_wconf 79' lang='lat'>1⁰</span> <span class='ocrx_word' id='word_1_77' title='bbox 370 2207 568 2300; x_wconf 82' lang='lat' dir='ltr'>Quaedam</span> <span class='ocrx_word' id='word_1_78' title='bbox 601 2206 650 2285; x_wconf 91' lang='lat' dir='ltr'>de</span> <span class='ocrx_word' id='word_1_79' title='bbox 677 2207 756 2284; x_wconf 86' lang='lat' dir='ltr'>vita</span> <span class='ocrx_word' id='word_1_80' title='bbox 774 2215 812 2285; x_wconf 90' lang='lat' dir='ltr'>et</span> <span class='ocrx_word' id='word_1_81' title='bbox 831 2208 985 2287; x_wconf 89' lang='lat' dir='ltr'>actibus</span> <span class='ocrx_word' id='word_1_82' title='bbox 1002 2215 1226 2286; x_wconf 87' lang='lat' dir='ltr'>sanctorum</span> <span class='ocrx_word' id='word_1_83' title='bbox 1245 2208 1440 2299; x_wconf 79' lang='lat' dir='ltr'>Eucherii,</span> 
     </span>
    </p>
   </div>
   <div class='ocr_carea' id='block_1_7' title="bbox 245 2338 1444 2799">
    <p class='ocr_par' dir='ltr' id='par_1_8' title="bbox 245 2338 1444 2799">
     <span class='ocr_line' id='line_1_15' title="bbox 361 2338 1444 2442; baseline 0.006 -28"><span class='ocrx_word' id='word_1_84' title='bbox 361 2340 502 2418; x_wconf 88' lang='lat' dir='ltr'>Valerii</span> <span class='ocrx_word' id='word_1_85' title='bbox 530 2344 647 2440; x_wconf 88' lang='lat' dir='ltr'>atque</span> <span class='ocrx_word' id='word_1_86' title='bbox 664 2338 838 2437; x_wconf 85' lang='lat' dir='ltr'>Materni,</span> <span class='ocrx_word' id='word_1_87' title='bbox 860 2341 1084 2419; x_wconf 87' lang='lat' dir='ltr'>Trevericae</span> <span class='ocrx_word' id='word_1_88' title='bbox 1116 2339 1224 2420; x_wconf 90' lang='lat' dir='ltr'>urbis</span> <span class='ocrx_word' id='word_1_89' title='bbox 1241 2341 1444 2442; x_wconf 88' lang='lat' dir='ltr'>episcopo·</span> 
     </span>
     <span class='ocr_line' id='line_1_16' title="bbox 363 2464 716 2566; baseline 0 -25"><span class='ocrx_word' id='word_1_90' title='bbox 363 2464 545 2553; x_wconf 80' lang='lat' dir='ltr'>rumtfol.</span> <span class='ocrx_word' id='word_1_91' title='bbox 570 2464 716 2566; x_wconf 55' lang='grc' dir='ltr'>ΜΒΓ).</span> 
     </span>
     <span class='ocr_line' id='line_1_17' title="bbox 245 2596 1252 2666; baseline 0 -16"><span class='ocrx_word' id='word_1_92' title='bbox 245 2599 362 2651; x_wconf 75' lang='lat' dir='ltr'>ductore</span> <span class='ocrx_word' id='word_1_93' title='bbox 374 2597 536 2664; x_wconf 86' lang='lat' dir='ltr'>Goldcnero,</span> <span class='ocrx_word' id='word_1_94' title='bbox 550 2597 595 2651; x_wconf 90' lang='lat' dir='ltr'>ed.</span> <span class='ocrx_word' id='word_1_95' title='bbox 609 2599 674 2652; x_wconf 77' lang='lat' dir='ltr'>Act.</span> <span class='ocrx_word' id='word_1_96' title='bbox 687 2599 744 2665; x_wconf 67' lang='lat' dir='ltr'>SS,</span> <span class='ocrx_word' id='word_1_97' title='bbox 758 2596 792 2652; x_wconf 88' lang='lat' dir='ltr'>ad</span> <span class='ocrx_word' id='word_1_98' title='bbox 805 2598 832 2651; x_wconf 93' lang='lat' dir='ltr'>d.</span> <span class='ocrx_word' id='word_1_99' title='bbox 846 2599 888 2651; x_wconf 71' lang='lat'>29.</span> <span class='ocrx_word' id='word_1_100' title='bbox 902 2601 973 2665; x_wconf 83' lang='lat' dir='ltr'>tan,</span> <span class='ocrx_word' id='word_1_101' title='bbox 987 2603 1054 2652; x_wconf 86' lang='lat' dir='ltr'>torn.</span> <span class='ocrx_word' id='word_1_102' title='bbox 1066 2600 1100 2666; x_wconf 85' lang='grc' dir='ltr'>ΙΙ,</span> <span class='ocrx_word' id='word_1_103' title='bbox 1114 2612 1140 2664; x_wconf 92' lang='lat' dir='ltr'>p.</span> <span class='ocrx_word' id='word_1_104' title='bbox 1151 2598 1252 2652; x_wconf 72' lang='lat' dir='ltr'>oleta.</span> 
     </span>
     <span class='ocr_line' id='line_1_18' title="bbox 313 2697 1440 2799; baseline 0.003 -26"><span class='ocrx_word' id='word_1_105' title='bbox 313 2697 354 2773; x_wconf 70' lang='lat'>2⁰</span> <span class='ocrx_word' id='word_1_106' title='bbox 371 2697 455 2774; x_wconf 88' lang='lat' dir='ltr'>Vita</span> <span class='ocrx_word' id='word_1_107' title='bbox 485 2721 554 2776; x_wconf 94' lang='lat' dir='ltr'>seu</span> <span class='ocrx_word' id='word_1_108' title='bbox 586 2698 774 2775; x_wconf 88' lang='lat' dir='ltr'>miracula</span> <span class='ocrx_word' id='word_1_109' title='bbox 805 2705 960 2776; x_wconf 89' lang='lat' dir='ltr'>sanctae</span> <span class='ocrx_word' id='word_1_110' title='bbox 990 2697 1240 2799; x_wconf 82' lang='lat' dir='ltr'>Waltburgae</span> <span class='ocrx_word' id='word_1_111' title='bbox 1264 2697 1440 2799; x_wconf 81' lang='lat' dir='ltr'>virginis,</span> 
     </span>
    </p>
   </div>
   <div class='ocr_carea' id='block_1_8' title="bbox 246 2819 1445 3254">
    <p class='ocr_par' dir='ltr' id='par_1_9' title="bbox 246 2819 1445 3254">
     <span class='ocr_line' id='line_1_19' title="bbox 361 2819 1174 2921; baseline -0.002 -24"><span class='ocrx_word' id='word_1_112' title='bbox 361 2820 471 2921; x_wconf 91' lang='lat' dir='ltr'>quod</span> <span class='ocrx_word' id='word_1_113' title='bbox 488 2825 546 2898; x_wconf 87' lang='lat' dir='ltr'>est</span> <span class='ocrx_word' id='word_1_114' title='bbox 563 2820 751 2898; x_wconf 89' lang='lat' dir='ltr'>kalendas</span> <span class='ocrx_word' id='word_1_115' title='bbox 769 2820 890 2898; x_wconf 89' lang='lat' dir='ltr'>maias</span> <span class='ocrx_word' id='word_1_116' title='bbox 907 2819 985 2920; x_wconf 73' lang='lat' dir='ltr'>(fol.</span> <span class='ocrx_word' id='word_1_117' title='bbox 1004 2819 1174 2917; x_wconf 61' lang='lat' dir='ltr'>td&#39;dds).</span> 
     </span>
     <span class='ocr_line' id='line_1_20' title="bbox 246 2952 1230 3020; baseline 0.002 -16"><span class='ocrx_word' id='word_1_118' title='bbox 246 2954 363 3005; x_wconf 76' lang='lat' dir='ltr'>Auctore</span> <span class='ocrx_word' id='word_1_119' title='bbox 378 2953 539 3018; x_wconf 82' lang='lat' dir='ltr'>ndelboldo,</span> <span class='ocrx_word' id='word_1_120' title='bbox 553 2952 598 3004; x_wconf 90' lang='lat' dir='ltr'>ed.</span> <span class='ocrx_word' id='word_1_121' title='bbox 612 2953 690 3019; x_wconf 78' lang='lat' dir='ltr'>ibid,</span> <span class='ocrx_word' id='word_1_122' title='bbox 704 2952 738 3005; x_wconf 88' lang='lat' dir='ltr'>ad</span> <span class='ocrx_word' id='word_1_123' title='bbox 751 2952 779 3007; x_wconf 90' lang='lat' dir='ltr'>d.</span> <span class='ocrx_word' id='word_1_124' title='bbox 792 2955 825 3006; x_wconf 73' lang='lat'>25</span> <span class='ocrx_word' id='word_1_125' title='bbox 839 2953 930 3019; x_wconf 66' lang='lat' dir='ltr'>Febr„</span> <span class='ocrx_word' id='word_1_126' title='bbox 944 2959 1010 3006; x_wconf 89' lang='lat' dir='ltr'>tom.</span> <span class='ocrx_word' id='word_1_127' title='bbox 1024 2955 1070 3020; x_wconf 88' lang='lat'>111,</span> <span class='ocrx_word' id='word_1_128' title='bbox 1084 2969 1111 3020; x_wconf 87' lang='lat' dir='ltr'>p.</span> <span class='ocrx_word' id='word_1_129' title='bbox 1125 2956 1230 3008; x_wconf 76' lang='lat' dir='ltr'>sta-to.</span> 
     </span>
     <span class='ocr_line' id='line_1_21' title="bbox 314 3050 1333 3154; baseline 0.003 -26"><span class='ocrx_word' id='word_1_130' title='bbox 314 3050 353 3128; x_wconf 87' lang='lat'>3⁰</span> <span class='ocrx_word' id='word_1_131' title='bbox 371 3052 501 3129; x_wconf 90' lang='lat' dir='ltr'>Passio</span> <span class='ocrx_word' id='word_1_132' title='bbox 521 3053 643 3129; x_wconf 87' lang='lat' dir='ltr'>sancti</span> <span class='ocrx_word' id='word_1_133' title='bbox 663 3051 832 3130; x_wconf 88' lang='lat' dir='ltr'>Cornelii</span> <span class='ocrx_word' id='word_1_134' title='bbox 852 3053 1026 3154; x_wconf 90' lang='lat' dir='ltr'>episcopi</span> <span class='ocrx_word' id='word_1_135' title='bbox 1046 3053 1122 3152; x_wconf 81' lang='lat' dir='ltr'>(fol.</span> <span class='ocrx_word' id='word_1_136' title='bbox 1144 3052 1333 3154; x_wconf 59' lang='lat' dir='ltr'><strong>30f-33‘).*</strong></span> 
     </span>
     <span class='ocr_line' id='line_1_22' title="bbox 248 3183 1445 3254; baseline 0.004 -18"><span class='ocrx_word' id='word_1_137' title='bbox 248 3187 303 3236; x_wconf 78' lang='lat' dir='ltr'>inc.</span> <span class='ocrx_word' id='word_1_138' title='bbox 320 3184 492 3249; x_wconf 82' lang='lat' dir='ltr'>Cornelius,</span> <span class='ocrx_word' id='word_1_139' title='bbox 506 3183 635 3237; x_wconf 72' lang='lat' dir='ltr'>rectione</span> <span class='ocrx_word' id='word_1_140' title='bbox 647 3185 816 3250; x_wconf 81' lang='lat' dir='ltr'>Romanus,</span> <span class='ocrx_word' id='word_1_141' title='bbox 830 3187 970 3251; x_wconf 75' lang='lat' dir='ltr'>expuere</span> <span class='ocrx_word' id='word_1_142' title='bbox 981 3185 1112 3252; x_wconf 77' lang='lat' dir='ltr'>castino,</span> <span class='ocrx_word' id='word_1_143' title='bbox 1123 3185 1203 3239; x_wconf 81' lang='lat' dir='ltr'>sedit</span> <span class='ocrx_word' id='word_1_144' title='bbox 1214 3187 1247 3238; x_wconf 82' lang='lat' dir='ltr'>in</span> <span class='ocrx_word' id='word_1_145' title='bbox 1264 3186 1445 3254; x_wconf 79' lang='lat' dir='ltr'>episcopatu</span> 
     </span>
    </p>
   </div>
   <div class='ocr_carea' id='block_1_9' title="bbox 213 3282 1445 3450">
    <p class='ocr_par' dir='ltr' id='par_1_10' title="bbox 213 3282 1445 3450">
     <span class='ocr_line' id='line_1_23' title="bbox 214 3282 1445 3354; baseline 0.003 -16"><span class='ocrx_word' id='word_1_146' title='bbox 214 3285 375 3338; x_wconf 72' lang='lat' dir='ltr'>Romame</span> <span class='ocrx_word' id='word_1_147' title='bbox 387 3282 585 3336; x_wconf 81' lang='lat' dir='ltr'>urbisannos</span> <span class='ocrx_word' id='word_1_148' title='bbox 604 3283 639 3337; x_wconf 89' lang='lat' dir='ltr'>II</span> <span class='ocrx_word' id='word_1_149' title='bbox 654 3296 775 3338; x_wconf 76' lang='lat' dir='ltr'>oteness</span> <span class='ocrx_word' id='word_1_150' title='bbox 794 3283 827 3338; x_wconf 90' lang='lat' dir='ltr'>Il</span> <span class='ocrx_word' id='word_1_151' title='bbox 845 3283 911 3339; x_wconf 80' lang='lat' dir='ltr'>dics</span> <span class='ocrx_word' id='word_1_152' title='bbox 929 3284 986 3351; x_wconf 84' lang='lat'>111,</span> <span class='ocrx_word' id='word_1_153' title='bbox 1007 3287 1037 3338; x_wconf 87' lang='lat' dir='ltr'>et</span> <span class='ocrx_word' id='word_1_154' title='bbox 1054 3297 1125 3340; x_wconf 83' lang='lat' dir='ltr'>cum</span> <span class='ocrx_word' id='word_1_155' title='bbox 1136 3285 1445 3354; x_wconf 63' lang='lat' dir='ltr'>accessmsetmouoa</span> 
     </span>
     <span class='ocr_line' id='line_1_24' title="bbox 213 3382 874 3450; baseline 0 -15"><span class='ocrx_word' id='word_1_156' title='bbox 213 3382 390 3450; x_wconf 79' lang='lat' dir='ltr'>persecutio</span> <span class='ocrx_word' id='word_1_157' title='bbox 400 3382 589 3449; x_wconf 81' lang='lat' dir='ltr'>temporibus</span> <span class='ocrx_word' id='word_1_158' title='bbox 604 3382 690 3436; x_wconf 80' lang='lat' dir='ltr'>Decii</span> <span class='ocrx_word' id='word_1_159' title='bbox 702 3382 874 3437; x_wconf 83' lang='lat' dir='ltr'>caesaris...</span> 
     </span>
    </p>
   </div>
   <div class='ocr_carea' id='block_1_10' title="bbox 311 3480 1066 3585">
    <p class='ocr_par' dir='ltr' id='par_1_11' title="bbox 311 3480 1066 3585">
     <span class='ocr_line' id='line_1_25' title="bbox 311 3480 1066 3585; baseline 0.004 -28"><span class='ocrx_word' id='word_1_160' title='bbox 311 3481 351 3557; x_wconf 74' lang='lat'>4⁰</span> <span class='ocrx_word' id='word_1_161' title='bbox 368 3480 512 3582; x_wconf 88' lang='lat' dir='ltr'>[Passio</span> <span class='ocrx_word' id='word_1_162' title='bbox 531 3481 654 3558; x_wconf 86' lang='lat' dir='ltr'>sancti</span> <span class='ocrx_word' id='word_1_163' title='bbox 674 3480 869 3583; x_wconf 83' lang='lat' dir='ltr'>Cypriani]</span> <span class='ocrx_word' id='word_1_164' title='bbox 881 3480 959 3581; x_wconf 81' lang='lat' dir='ltr'>(iol.</span> <span class='ocrx_word' id='word_1_165' title='bbox 982 3482 1066 3585; x_wconf 68' lang='lat'><strong>33¹).</strong></span> 
     </span>
    </p>
   </div>
   <div class='ocr_carea' id='block_1_11' title="bbox 247 3613 1031 3681">
    <p class='ocr_par' dir='ltr' id='par_1_12' title="bbox 247 3613 1031 3681">
     <span class='ocr_line' id='line_1_26' title="bbox 247 3613 1031 3681; baseline 0.008 -16"><span class='ocrx_word' id='word_1_166' title='bbox 247 3613 447 3680; x_wconf 83' lang='lat' dir='ltr'>compendium</span> <span class='ocrx_word' id='word_1_167' title='bbox 459 3614 634 3679; x_wconf 87' lang='lat' dir='ltr'>desumptum</span> <span class='ocrx_word' id='word_1_168' title='bbox 647 3627 681 3668; x_wconf 82' lang='lat' dir='ltr'>ex</span> <span class='ocrx_word' id='word_1_169' title='bbox 692 3614 766 3667; x_wconf 77' lang='lat' dir='ltr'>Actis</span> <span class='ocrx_word' id='word_1_170' title='bbox 779 3616 1031 3681; x_wconf 81' lang='lat' dir='ltr'>proconsularibus.</span> 
     </span>
    </p>
   </div>
   <div class='ocr_carea' id='block_1_12' title="bbox 248 3711 1445 4046">
    <p class='ocr_par' dir='ltr' id='par_1_13' title="bbox 248 3711 1445 4046">
     <span class='ocr_line' id='line_1_27' title="bbox 311 3711 1444 3818; baseline 0.006 -29"><span class='ocrx_word' id='word_1_171' title='bbox 311 3713 351 3789; x_wconf 77' lang='lat'>5⁰</span> <span class='ocrx_word' id='word_1_172' title='bbox 369 3712 500 3791; x_wconf 90' lang='lat' dir='ltr'>Passio</span> <span class='ocrx_word' id='word_1_173' title='bbox 533 3721 757 3792; x_wconf 86' lang='lat' dir='ltr'>sanctorum</span> <span class='ocrx_word' id='word_1_174' title='bbox 788 3711 950 3794; x_wconf 85' lang='lat' dir='ltr'>Cosmae</span> <span class='ocrx_word' id='word_1_175' title='bbox 979 3723 1018 3794; x_wconf 90' lang='lat' dir='ltr'>et</span> <span class='ocrx_word' id='word_1_176' title='bbox 1047 3716 1225 3794; x_wconf 89' lang='lat' dir='ltr'>Damiani</span> <span class='ocrx_word' id='word_1_177' title='bbox 1256 3717 1333 3818; x_wconf 83' lang='lat' dir='ltr'>(fol.</span> <span class='ocrx_word' id='word_1_178' title='bbox 1363 3717 1444 3796; x_wconf 70' lang='lat'><strong>33¹-</strong></span> 
     </span>
     <span class='ocr_line' id='line_1_28' title="bbox 361 3844 471 3922; baseline -0.036 -35"><span class='ocrx_word' id='word_1_179' title='bbox 361 3844 424 3922; x_wconf 57' lang='lat'>38‘</span> <span class='ocrx_word' id='word_1_180' title='bbox 441 3848 471 3919; x_wconf 33' lang='lat' dir='ltr'>&#39;a</span> 
     </span>
     <span class='ocr_line' id='line_1_29' title="bbox 248 3846 1445 4046; baseline 0.004 -16"><span class='ocrx_word' id='word_1_181' title='bbox 248 3979 335 4033; x_wconf 89' lang='lat' dir='ltr'>omm.</span> <span class='ocrx_word' id='word_1_182' title='bbox 349 3846 452 4032; x_wconf 36' lang='lat' dir='ltr'>numaga</span> <span class='ocrx_word' id='word_1_183' title='bbox 473 3983 496 4045; x_wconf 85' lang='lat' dir='ltr'>t,</span> <span class='ocrx_word' id='word_1_184' title='bbox 509 3981 535 4044; x_wconf 70' lang='lat' dir='ltr'>t,</span> <span class='ocrx_word' id='word_1_185' title='bbox 550 3981 633 4033; x_wconf 66' lang='lat' dir='ltr'>teto.</span> <span class='ocrx_word' id='word_1_186' title='bbox 647 3981 704 4032; x_wconf 88' lang='lat' dir='ltr'>lnc.</span> <span class='ocrx_word' id='word_1_187' title='bbox 717 3979 790 4032; x_wconf 83' lang='lat' dir='ltr'>Fuit</span> <span class='ocrx_word' id='word_1_188' title='bbox 806 3979 841 4032; x_wconf 82' lang='lat' dir='ltr'>tn</span> <span class='ocrx_word' id='word_1_189' title='bbox 862 3978 988 4033; x_wconf 81' lang='lat' dir='ltr'>civitate</span> <span class='ocrx_word' id='word_1_190' title='bbox 1008 3979 1089 4046; x_wconf 71' lang='lat' dir='ltr'>epea</span> <span class='ocrx_word' id='word_1_191' title='bbox 1109 3991 1203 4046; x_wconf 73' lang='lat' dir='ltr'>octor,</span> <span class='ocrx_word' id='word_1_192' title='bbox 1215 3980 1340 4034; x_wconf 79' lang='lat' dir='ltr'>nomine</span> <span class='ocrx_word' id='word_1_193' title='bbox 1357 3980 1445 4036; x_wconf 72' lang='lat' dir='ltr'>ditec-</span> 
     </span>
    </p>
   </div>
   <div class='ocr_carea' id='block_1_13' title="bbox 214 4078 1446 4246">
    <p class='ocr_par' dir='ltr' id='par_1_14' title="bbox 214 4078 1446 4246">
     <span class='ocr_line' id='line_1_30' title="bbox 214 4078 1446 4148; baseline 0.002 -16"><span class='ocrx_word' id='word_1_194' title='bbox 214 4080 293 4145; x_wconf 85' lang='lat' dir='ltr'>dote,</span> <span class='ocrx_word' id='word_1_195' title='bbox 306 4079 399 4133; x_wconf 81' lang='lat' dir='ltr'>ualde</span> <span class='ocrx_word' id='word_1_196' title='bbox 411 4079 598 4133; x_wconf 78' lang='lat' dir='ltr'>veccernotlis</span> <span class='ocrx_word' id='word_1_197' title='bbox 618 4092 657 4133; x_wconf 86' lang='lat' dir='ltr'>ac</span> <span class='ocrx_word' id='word_1_198' title='bbox 678 4079 791 4131; x_wconf 85' lang='lat' dir='ltr'>timens</span> <span class='ocrx_word' id='word_1_199' title='bbox 811 4080 917 4133; x_wconf 60' lang='lat' dir='ltr'>munt.</span> <span class='ocrx_word' id='word_1_200' title='bbox 930 4078 1014 4132; x_wconf 85' lang='lat' dir='ltr'>Haec</span> <span class='ocrx_word' id='word_1_201' title='bbox 1032 4080 1130 4133; x_wconf 76' lang='lat' dir='ltr'>eiciam</span> <span class='ocrx_word' id='word_1_202' title='bbox 1146 4082 1191 4133; x_wconf 87' lang='lat' dir='ltr'>est</span> <span class='ocrx_word' id='word_1_203' title='bbox 1211 4082 1289 4136; x_wconf 79' lang='lat' dir='ltr'>dnos</span> <span class='ocrx_word' id='word_1_204' title='bbox 1307 4082 1446 4148; x_wconf 74' lang='lat' dir='ltr'>pectinos</span> 
     </span>
     <span class='ocr_line' id='line_1_31' title="bbox 217 4176 1313 4246; baseline -0.001 -13"><span class='ocrx_word' id='word_1_205' title='bbox 217 4178 355 4233; x_wconf 66' lang='lat' dir='ltr'>wsmom</span> <span class='ocrx_word' id='word_1_206' title='bbox 367 4180 396 4231; x_wconf 87' lang='lat' dir='ltr'>et</span> <span class='ocrx_word' id='word_1_207' title='bbox 409 4178 608 4231; x_wconf 71' lang='lat' dir='ltr'>damianum.</span> <span class='ocrx_word' id='word_1_208' title='bbox 625 4178 757 4244; x_wconf 73' lang='lat' dir='ltr'>Cumque</span> <span class='ocrx_word' id='word_1_209' title='bbox 763 4180 873 4245; x_wconf 83' lang='lat' dir='ltr'>postca</span> <span class='ocrx_word' id='word_1_210' title='bbox 885 4176 972 4245; x_wconf 82' lang='lat' dir='ltr'>facta</span> <span class='ocrx_word' id='word_1_211' title='bbox 984 4176 1097 4244; x_wconf 75' lang='lat' dir='ltr'>fnisset</span> <span class='ocrx_word' id='word_1_212' title='bbox 1103 4180 1313 4246; x_wconf 76' lang='lat' dir='ltr'>persecutio...</span> 
     </span>
    </p>
   </div>
   <div class='ocr_carea' id='block_1_14' title="bbox 312 4274 1446 4379">
    <p class='ocr_par' dir='ltr' id='par_1_15' title="bbox 312 4274 1446 4379">
     <span class='ocr_line' id='line_1_32' title="bbox 312 4274 1446 4379; baseline -0.001 -24"><span class='ocrx_word' id='word_1_213' title='bbox 312 4277 352 4355; x_wconf 83' lang='lat'>6⁰</span> <span class='ocrx_word' id='word_1_214' title='bbox 369 4276 585 4354; x_wconf 91' lang='lat' dir='ltr'>Translatio</span> <span class='ocrx_word' id='word_1_215' title='bbox 599 4275 721 4353; x_wconf 89' lang='lat' dir='ltr'>sancti</span> <span class='ocrx_word' id='word_1_216' title='bbox 738 4274 923 4377; x_wconf 88' lang='lat' dir='ltr'>Stephani</span> <span class='ocrx_word' id='word_1_217' title='bbox 938 4278 1238 4379; x_wconf 84' lang='lat' dir='ltr'>protomartyris</span> <span class='ocrx_word' id='word_1_218' title='bbox 1248 4277 1446 4378; x_wconf 88' lang='lat' dir='ltr'>[Constan-</span> 
     </span>
    </p>
   </div>
   <div class='ocr_carea' id='block_1_15' title="bbox 245 4397 1170 4625">
    <p class='ocr_par' dir='ltr' id='par_1_16' title="bbox 245 4397 1170 4625">
     <span class='ocr_line' id='line_1_33' title="bbox 361 4397 1009 4500; baseline 0 -23"><span class='ocrx_word' id='word_1_219' title='bbox 361 4398 528 4500; x_wconf 91' lang='lat' dir='ltr'>tinopoli</span> <span class='ocrx_word' id='word_1_220' title='bbox 548 4397 725 4498; x_wconf 84' lang='lat' dir='ltr'>Romam]</span> <span class='ocrx_word' id='word_1_221' title='bbox 741 4397 819 4497; x_wconf 74' lang='lat' dir='ltr'>tiol.</span> <span class='ocrx_word' id='word_1_222' title='bbox 841 4397 1009 4498; x_wconf 57' lang='lat' dir='ltr'>38f-dds).</span> 
     </span>
     <span class='ocr_line' id='line_1_34' title="bbox 245 4531 1170 4625; baseline 0 -39"><span class='ocrx_word' id='word_1_223' title='bbox 245 4532 293 4586; x_wconf 83' lang='lat' dir='ltr'>Ed.</span> <span class='ocrx_word' id='word_1_224' title='bbox 307 4546 341 4586; x_wconf 82' lang='lat' dir='ltr'>cx</span> <span class='ocrx_word' id='word_1_225' title='bbox 352 4531 412 4586; x_wconf 90' lang='lat' dir='ltr'>cod.</span> <span class='ocrx_word' id='word_1_226' title='bbox 427 4534 506 4585; x_wconf 81' lang='lat' dir='ltr'>Brux.</span> <span class='ocrx_word' id='word_1_227' title='bbox 522 4533 626 4600; x_wconf 72' lang='grc'>98-100,</span> <span class='ocrx_word' id='word_1_228' title='bbox 643 4531 706 4586; x_wconf 77' lang='lat' dir='ltr'>Cot.</span> <span class='ocrx_word' id='word_1_229' title='bbox 719 4531 831 4599; x_wconf 66' lang='lat' dir='ltr'>Bracae,</span> <span class='ocrx_word' id='word_1_230' title='bbox 844 4535 911 4587; x_wconf 92' lang='lat' dir='ltr'>tom.</span> <span class='ocrx_word' id='word_1_231' title='bbox 925 4533 944 4601; x_wconf 90' lang='lat'>1,</span> <span class='ocrx_word' id='word_1_232' title='bbox 958 4547 985 4600; x_wconf 90' lang='lat' dir='ltr'>p.</span> <span class='ocrx_word' id='word_1_233' title='bbox 997 4533 1080 4588; x_wconf 70' lang='lat' dir='ltr'>tote.</span> <span class='ocrx_word' id='word_1_234' title='bbox 1165 4618 1170 4625; x_wconf 29' lang='grc' dir='ltr'>Ι</span> 
     </span>
    </p>
   </div>
   <div class='ocr_carea' id='block_1_16' title="bbox 0 0 1671 5482">
    <p class='ocr_par' dir='ltr' id='par_1_17' title="bbox 0 0 1671 5482">
     <span class='ocr_line' id='line_1_35' title="bbox 0 0 1671 5482; baseline 0 0"><span class='ocrx_word' id='word_1_235' title='bbox 0 0 1671 5482; x_wconf 95' lang='lat' dir='ltr'> </span> 
     </span>
    </p>
   </div>
  </div>
 </body>
</html>
