3316 5482
450 352 1271 417 nma.nuu.en1s1s.—neennn.anconam.
1414 345 1479 412 167
1552 416 1555 422 ,

282 517 511 577 dunestanestinit
527 537 557 578 se
578 525 740 579 sacerdotali
757 530 786 580 et
803 526 952 581 celebrauit
972 528 1092 582 missam.
1106 528 1249 582 celebrata
1270 534 1362 582 antem
1384 529 1476 593 missa,

277 628 330 671 cccc
338 621 435 689 angelus
447 623 554 676 domini
573 630 638 677 ante
659 638 721 679 cum
735 639 818 693 super
830 627 916 680 aliare
929 628 1013 691 stetit,
1026 627 1121 681 dicens
1141 627 1166 681 ei
1180 643 1188 680 ε
1202 627 1408 682 Dilectissime
1421 629 1477 682 Dei

272 715 391 787 menori,
403 720 579 790 impetrasti
590 736 611 777 a
623 725 752 781 Domina
774 726 856 794 quad
868 727 988 795 petisti.
1001 729 1032 780 at
1049 715 1159 793 iterum,
1172 726 1347 782 audientibus
1359 728 1475 795 cunctis,

268 815 324 870 dixit
335 834 342 871 ι
355 820 454 875 omnis
464 823 548 876 enim
559 823 745 892 quicumque
755 825 791 879 iu
803 827 934 881 ueritate
944 828 974 880 et
986 827 1020 880 iu
1027 826 1173 895 perfecta
1184 827 1247 895 fide
1252 839 1314 894 per
1325 830 1355 880 te
1364 839 1477 882 nomeu

187 984 192 1001 .
234 915 374 971 immisi
380 919 578 989 invocaverit,
587 923 1051 992 qualicumquetridulaticueet
1060 925 1243 981 necessitate
1254 929 1312 979 aut
1321 927 1475 993 auaustia

256 1017 303 1070 cet
319 1017 502 1086 infirmitate
514 1025 768 1089 praeoccupatus
783 1022 893 1092 fuerit,
915 1024 1026 1079 amodo
1049 1024 1158 1078 saluus
1181 1023 1252 1078 erit.
1265 1024 1400 1079 audiente
1422 1026 1474 1079 icc

253 1115 453 1185 3331333313,
475 1118 576 1185 gratias
595 1124 709 1186 egerunt
731 1122 856 1186 damino,
878 1120 1002 1176 dicentes
1024 1138 1031 1175 :
1053 1122 1255 1177 Benedictum
1275 1123 1327 1191 sit,
1346 1123 1475 1179 Domine

245 1214 461 1283 mmmmm
481 1220 579 1285 tuum,
592 1219 647 1286 qui
667 1221 763 1274 tatem
778 1222 961 1288 praesulem
981 1221 1069 1276 uobis
1089 1222 1213 1288 dedisti,
1226 1223 1284 1290 qui
1302 1235 1475 1278 uascnuuee

242 1314 376 1370 absoluit
394 1328 414 1370 a
432 1317 571 1372 uinculis
582 1322 785 1386 peccatorum
796 1323 826 1374 et
846 1334 867 1374 a
882 1323 1040 1389 potestate
1059 1321 1209 1375 similiter
1228 1321 1474 1376 daemoniorum.

194 1414 225 1467 11
239 1415 311 1467 cum
330 1414 550 1481 succinerent,
572 1424 681 1471 sanctus
700 1419 851 1472 Leandrius
867 1419 948 1484 jussit
969 1419 1109 1474 hominem
1131 1425 1195 1472 ante
1216 1433 1245 1474 se
1263 1419 1471 1474 daemoniacum

237 1511 390 1579 adducere,
400 1517 429 1567 31
438 1513 507 1568 dixit
519 1530 527 1567 c
540 1514 658 1582 Adiuro
666 1528 729 1586 cos,
743 1515 899 1570 immundi
908 1517 1051 1585 spiritus,
1062 1518 1118 1585 qui
1129 1518 1225 1571 istum
1234 1518 1367 1585 acitatis
1379 1517 1474 1574 domi-

234 1623 321 1680 nem,
334 1611 455 1693 utaiue·
469 1625 560 1667 mara
576 1614 697 1668 ematis
713 1614 751 1668 ad
771 1627 815 1682 eo,
826 1617 856 1670 et
867 1628 907 1669 ue
923 1616 1063 1682 amptius
1082 1616 1249 1670 introeatis
1271 1617 1306 1670 in
1323 1630 1403 1685 eum,
1416 1630 1474 1672 uec

234 1711 345 1765 mima
356 1712 496 1767 noceatis
507 1711 719 1768 christianum
731 1711 896 1770 homiuem.
910 1715 1014 1769 Diaboli
1032 1714 1067 1768 ad
1085 1716 1156 1769 hanc
1174 1729 1268 1771 vocem
1280 1716 1333 1770 cito
1347 1718 1474 1771 cxicrunt

233 1810 272 1864 ab
283 1815 366 1878 eo‚et
377 1816 514 1865 steterunt
524 1813 573 1866 tati
584 1818 638 1866 tres
651 1826 744 1867 caram
757 1814 804 1869 illo
816 1815 935 1881 despecti
947 1819 974 1868 et
983 1814 1054 1882 nigri
1063 1815 1133 1870 sicut
1143 1816 1228 1869 13331
1238 1816 1331 1869 nimis.
1342 1817 1472 1871 Homines

187 1913 218 1966 15
233 1909 286 1979 qui
299 1911 1470 1981 3313113311113313333311333333313333331113333.83331331,333311131111113133

239 2010 397 2080 wnfidite
414 2011 449 2063 in
460 2011 589 2066 Domina
600 2014 630 2065 et
641 2012 739 2067 uciite
751 2013 868 2067 timere.
881 2016 968 2067 iiomc
980 2012 1026 2066 ille
1042 2026 1075 2067 cx
1096 2025 1151 2080 quc
1165 2012 1204 2065 iiii
1225 2013 1353 2068 exierunt
1365 2015 1473 2082 jacebat

236 2112 268 2167 in
278 2111 441 2166 terravelut
451 2116 585 2180 manuus,
599 2113 635 2166 ita
647 2119 678 2166 ut
689 2127 785 2168 omnes
805 2113 935 2168 dixerunt
946 2114 1011 2182 quia
1032 2118 1156 2168 mortuus
1177 2118 1228 2168 est.
1243 2117 1358 2169 sanctus
1369 2118 1472 2172 Leonn-

234 2212 297 2267 rius
309 2212 427 2266 33333311
436 2216 465 2266 31
475 2213 564 2266 tenuit
578 2226 690 2267 manum
702 2214 762 2281 ejus
784 2220 812 2267 ct
831 2214 899 2267 dixit
918 2215 964 2268 ei:
981 2215 1020 2268 Iu
1038 2213 1164 2268 nomine
1180 2215 1306 2268 Domini
1324 2216 1387 2270 mei
1397 2216 1472 2270 Jcsu

236 2309 368 2379 Chmsti,
380 2322 475 2379 surae
485 2323 584 2365 sanus
600 2313 631 2365 et
646 2312 715 2366 uati
726 2312 845 2377 timere,
857 2314 887 2367 et
908 2313 1014 2379 accipe
1030 2311 1178 2367 iaculum
1189 2325 1292 2366 meum
1304 2316 1333 2367 et
1345 2313 1410 2369 eice
1420 2327 1471 2369 ecs

187 2414 217 2466 11
232 2410 276 2465 ab
288 2410 352 2465 istc
365 2410 439 2465 lacn
451 2411 501 2464 ilie
511 2411 649 2478 accipiens
661 2411 791 2465 baculum
803 2413 890 2466 sancti
901 2411 1038 2474 Leonorii,
1052 2418 1080 2466 et
1099 2413 1217 2467 multum
1232 2412 1369 2481 percussit
1380 2422 1408 2468 et
1427 2414 1472 2469 tia·

232 2512 350 2581 geilasit
360 2525 420 2575 ecs,
433 2517 460 2566 et
472 2512 611 2580 tugiemnt
622 2518 649 2566 et
669 2525 819 2580 numquam
837 2517 930 2580 postca
947 2518 1169 2580 campemerunt.
1183 2517 1298 2567 sanctas
1319 2516 1470 2569 Leandrius

232 2612 344 2667 secavit
350 2612 492 2666 hominem
501 2611 535 2665 ad
548 2625 579 2666 se
591 2618 618 2665 et
629 2613 667 2666 ait
678 2612 717 2665 iiii
731 2630 738 2666 :
754 2612 879 2681 confide
891 2614 925 2666 iu
938 2613 1075 2681 Domino,
1086 2616 1116 2667 et
1127 2613 1195 2668 acti
1205 2615 1345 2682 amptius
1357 2619 1468 2670 cantra

227 2714 439 2783 praeceptum
456 2712 581 2767 Domini
601 2713 727 2781 atiquid
745 2725 845 2781 caere,
862 2725 902 2766 ue
922 2713 1060 2767 deterius
1081 2713 1137 2766 tici
1153 2713 1277 2781 aliquid
1297 2715 1470 2781 contineat.

234 2811 286 2865 iiie
297 2811 472 2879 respondens
483 2812 521 2865 ait
535 2827 542 2864 :
557 2811 668 2865 dmuia
678 2812 790 2866 amodo
801 2824 881 2880 quae
892 2808 972 2865 ruini
984 2811 1249 2866 commendaveris
1259 2810 1367 2879 facere
1372 2825 1470 2880 para-

187 2915 216 2967 111
232 2915 289 2966 tus
306 2925 378 2966 sum
394 2911 577 2980 adimplere,
590 2914 620 2965 et
630 2914 694 2966 esto
711 2911 791 2965 mini
811 2911 956 2966 daminus
968 2912 997 2965 et
1013 2923 1067 2978 eac
1084 2923 1138 2965 ero
1156 2909 1212 2964 tibi
1222 2923 1339 2979 seratis,
1352 2913 1382 2966 et
1400 2925 1469 2966 mea

231 3010 352 3079 mansa,
365 3010 601 3077 sicutjuratum
614 3013 660 3065 est
672 3009 738 3077 tici,
750 3013 824 3064 suut
837 3010 984 3065 13131333
1001 3013 1075 3065 tcta.
1088 3010 1267 3077 despondens
1279 3014 1390 3063 sanctus
1400 3013 1466 3064 Len-

232 3111 332 3165 norins
348 3109 419 3163 dixit
439 3111 478 3164 ilii
492 3126 499 3162 :
512 3109 604 3164 1111111
622 3123 663 3164 eu
684 3109 748 3163 tuis
768 3109 908 3164 omuibus
928 3111 996 3165 vcia
1017 3108 1137 3177 habere,
1157 3108 1223 3163 uisi
1242 3108 1470 3164 dimidietatem

232 3209 424 3264 hereditatis
436 3213 519 3265 tuac.
530 3212 562 3263 iit
572 3211 610 3263 ita
621 3211 722 3264 iactum
732 3216 783 3277 est,
793 3216 822 3263 ct
830 3209 933 3277 placuit
944 3211 989 3263 nic
997 3223 1088 3263 sermo
1098 3210 1144 3277 qui
1158 3209 1262 3262 33131331
1270 3209 1346 3263 omni
1358 3210 1469 3277 popula,

231 3309 361 3363 sincrum
373 3310 501 3363 similiter
513 3315 540 3363 et
557 3309 714 3375 mulierum,
728 3316 755 3364 et
766 3309 948 3363 laudaverunt
960 3315 987 3362 ct
995 3309 1215 3377 glorificaverunt
1226 3322 1276 3375 per
1288 3322 1369 3362 saum
1381 3309 1467 3363 inmu-

187 3410 218 3462 id
235 3407 295 3462 ium
307 3408 471 3462 manerium
484 3409 629 3462 iiominum
640 3412 734 3463 iesum
754 3409 900 3469 Christum,
913 3409 960 3475 qui
973 3421 1035 3461 cum
1049 3408 1127 3461 Patre
1142 3413 1170 3460 et
1182 3406 1284 3473 Spiritu
1296 3411 1391 3461 sancto
1402 3407 1467 3462 vivit

235 3513 266 3560 et
277 3507 411 3575 gloriatur
420 3511 491 3560 neus
506 3520 555 3574 per
566 3506 673 3561 infinita
684 3508 793 3561 saecula
805 3507 988 3561 saeculoram.
1001 3508 1097 3561 nmen.

269 3605 326 3659 22.
339 3605 388 3661 iiie
404 3608 452 3674 qui
471 3607 506 3661 de
524 3613 619 3662 sancto
638 3609 772 3662 Leandrio
790 3606 918 3662 veniebat
940 3607 1031 3673 nomo,
1050 3605 1085 3659 de
1103 3618 1157 3671 quc
1178 3604 1401 3673 emendarimus,
1423 3614 1471 3674 qui

234 3719 335 3774 panem
346 3707 508 3774 adportanat
519 3708 696 3762 benedictum
709 3707 820 3776 quando
838 3708 1032 3762 daemoniacus
1045 3708 1073 3759 in
1091 3708 1135 3760 via
1149 3707 1259 3774 jacebat
1270 3711 1362 3760 mutus
1375 3712 1402 3760 ct
1418 3709 1467 3774 qui

232 3805 329 3860 deiilc
340 3819 414 3873 pane
425 3807 500 3859 misit
511 3821 574 3860 cum
594 3820 664 3875 aqua
684 3807 809 3861 similiter
822 3808 850 3860 in
863 3821 911 3862 ore
923 3807 996 3860 iilius
1017 3807 1171 3873 benedicta,
1188 3805 1284 3860 exiens
1301 3805 1335 3859 ad
1353 3819 1466 3861 uxorem

187 3908 215 3960 iit
232 3917 322 3968 suam,
335 3903 442 3957 invenit
453 3918 513 3958 eam
531 3905 560 3958 in
580 3905 650 3959 lecta
663 3907 832 3960 semivivam.
846 3908 879 3959 Et
890 3905 986 3960 videns
999 3919 1059 3958 cam
1080 3904 1193 3959 devitet
1209 3905 1299 3958 dixit:
1315 3906 1338 3959 0
1354 3905 1466 3960 dilecta

232 4005 290 4059 Dei
305 4006 415 4059 sancte
435 4005 627 4073 Leandrius
645 4007 735 4073 cuius
752 4006 841 4061 umbo
861 4005 989 4074 fuciunt
1006 4005 1044 4060 ab
1056 4004 1233 4060 douziuidus
1253 4004 1380 4076 diaboii,
1393 4018 1464 4060 satc-

231 4105 433 4160 cammada
451 4118 539 4159 meae
550 4107 655 4174 uacari,
668 4107 745 4174 quic
765 4107 795 4159 si
815 4109 905 4160 tuum
920 4106 1121 4175 praesidium
1141 4117 1204 4159 aaa
1225 4104 1387 4159 subveniat
1405 4105 1467 4174 1111,

232 4203 326 4259 hodie
336 4205 401 4274 filii
413 4207 479 4272 31313
490 4208 520 4259 31
528 4207 590 4260 mei
601 4207 795 4262 vocabuntur
807 4206 951 4275 orphani.
960 4211 991 4261 iit
1002 4208 1069 4262 hacc
1081 4206 1177 4260 dicens
1186 4208 1303 4273 aspersit
1314 4220 1397 4274 super
1407 4220 1467 4260 eam

231 4318 332 4372 aquam
346 4305 520 4359 benedictam
533 4311 561 4359 et
572 4307 647 4360 misit
664 4306 699 4360 de
712 4321 783 4372 panc
794 4308 939 4360 benedictn
960 4308 987 4359 in
1006 4320 1053 4360 ore
1071 4308 1140 4373 ejus.
1155 4308 1187 4359 Et
1199 4308 1298 4360 mirum
1311 4307 1340 4359 in
1353 4307 1464 4359 madum

187 4408 215 4460 11
233 4417 329 4459 omnes
349 4406 397 4472 qui
411 4405 538 4457 astabant
558 4406 586 4458 in
607 4407 722 4459 circuitu
743 4407 802 4473 ejus
820 4407 970 4471 [viderunt]
991 4421 1075 4460 unam
1094 4409 1156 4462 nive
1177 4407 1364 4461 candidiorem
1383 4418 1465 4472 saper

232 4510 314 4571 caput
325 4505 401 4558 illius
413 4504 538 4557 mulieris
558 4502 725 4558 descendere
743 4507 899 4560 columbam
914 4511 942 4559 et
959 4511 1048 4560 rastro
1065 4507 1209 4561 colubrum
1227 4521 1276 4574 ner
1294 4519 1388 4559 aurem
1406 4505 1465 4571 ejus

231 4604 341 4659 trahere
351 4604 491 4666 dextram,
503 4602 598 4656 dicens
610 4604 649 4657 iiii
666 4605 809 4673 :Multam
825 4604 923 4659 libera
934 4619 966 4659 cs
977 4605 1016 4660 ab
1034 4607 1222 4676 infirmitate
1237 4608 1304 4660 tua.
1322 4607 1418 4672 Surae
1433 4607 1463 4657 ct
