3316 5482
438 354 533 405 omn.
552 355 636 406 nar.
654 356 773 408 rasere.
793 376 838 390 -
854 357 1009 408 anenno.
1028 357 1076 406 sb
1092 355 1171 406 coo.
1190 351 1267 404 orae.
1400 336 1467 404 569

233 537 382 594 regnorum
395 525 517 592 regimen
530 539 578 592 per
591 525 638 579 bei
658 526 773 593 gratiam
785 527 963 592 pervenisset,
985 525 1039 579 fuit
1049 523 1076 578 vi
1093 524 1209 578 febrium
1223 522 1314 577 taliter
1331 525 1468 576 coartatus

233 624 308 692 quod
319 625 376 692 jam
388 624 466 691 quasi
478 622 513 677 de
525 625 580 678 vita
592 625 712 679 totaliter
724 625 895 692 desperaret.
913 627 946 677 ut
959 625 1024 692 quia
1041 636 1152 691 semper
1170 628 1198 676 et
1211 622 1321 675 assidue
1335 620 1407 674 idem
1422 632 1469 673 rer

232 723 388 778 Ludovicus
405 725 434 776 in
455 715 615 778 memoriam
635 724 752 777 babebat
772 724 959 777 beatissimum
980 722 1125 777 llartinum
1147 724 1286 787 tamquam
1306 720 1467 786 ergabeum

234 823 286 876 sibi
299 830 328 877 et
339 837 424 891 regno
436 836 486 876 suo
498 823 644 890 propitium
655 825 819 891 adjutorem,
833 828 860 876 et
871 824 930 890 ejus
948 822 1084 890 adjutorio
1097 825 1123 874 et
1138 818 1384 873 intercessionibus
1393 817 1466 885 apud

204 923 221 975 tt
237 924 322 975 beum
335 935 486 989 numquam
498 935 528 975 se
542 922 635 975 sentiit
644 922 813 976 destitutum.
827 925 903 976 Tunc
920 935 977 976 non
997 922 1143 975 immemor
1160 919 1313 973 devotionis
1323 930 1405 986 quam
1419 931 1468 972 rex

234 1021 374 1089 Philippus
395 1026 471 1088 pater
491 1035 558 1074 suus
578 1027 605 1075 et
624 1022 739 1089 ipsemet
759 1035 822 1091 erga
842 1021 1072 1090 gloriosissimum
1090 1021 1239 1075 antistitem
1261 1019 1417 1074 habuerunt
1441 1022 1468 1071 et

234 1121 361 1188 babebat,
386 1120 532 1175 destinavit
552 1120 782 1188 elemosynarium
809 1135 890 1176 suum
909 1121 943 1175 ad
965 1121 1109 1176 eeclesiam
1129 1120 1280 1175 beatissimi
1301 1117 1468 1173 confessoris

233 1232 297 1272 cum
308 1219 389 1273 donis
401 1224 429 1273 et
441 1220 636 1283 oblationibus,
650 1225 681 1273 ut
693 1233 743 1286 per
754 1220 981 1274 intercessionem
993 1220 1117 1287 eiusdem
1136 1218 1300 1286 protectoris
1312 1217 1355 1271 sui
1368 1217 1468 1270 sanita·

234 1319 385 1384 tisoptatae
398 1318 549 1373 remedium
572 1320 718 1373 obtineret.
732 1320 782 1384 Qui
804 1332 867 1372 cum
888 1317 923 1372 ad
945 1318 1089 1371 ecclesiam
1109 1317 1287 1384 peruenisset,
1301 1315 1467 1381 missamque

187 1419 215 1470 to
233 1417 344 1471 fecisset
355 1418 498 1483 celebrari,
513 1418 732 1486 muneribusque
743 1418 840 1472 oblatis
858 1423 921 1472 ante
943 1418 1102 1485 sepulcrum
1123 1416 1274 1470 beatissimi
1286 1414 1464 1480 confessoris,

234 1530 282 1571 rex
295 1516 415 1572 dedicta
428 1517 588 1571 infirmitate
601 1518 741 1572 convaluit
752 1522 780 1572 et
797 1519 826 1571 in
844 1518 931 1571 brevi.
943 1517 1049 1572 Etenim
1067 1515 1186 1583 quadam
1198 1516 1251 1569 alia
1262 1516 1322 1569 vice
1334 1513 1407 1567 idem
1420 1526 1467 1567 rex

232 1617 397 1683 ludovicus,
411 1617 478 1671 dum
491 1631 541 1684 per
553 1617 736 1685 burgundiam
750 1617 785 1672 ad
799 1622 891 1685 partes
908 1617 976 1672 alias
994 1617 1151 1670 intenderet
1167 1614 1313 1682 proficisci,
1328 1616 1467 1682 ingressus

234 1715 374 1784 quandam
387 1717 552 1782 naviculam,
562 1723 657 1772 vocato
669 1729 763 1770 secum
775 1716 896 1785 quodam
909 1717 1009 1770 dilecto
1022 1716 1074 1769 sibi
1089 1715 1176 1768 milite
1187 1720 1215 1768 et
1227 1713 1392 1781 quibusdam
1405 1713 1467 1767 aliis

234 1815 287 1868 sibi
300 1815 490 1883 familiaribus,
503 1816 642 1883 quandam
655 1817 737 1870 latam
750 1829 848 1884 aquam
861 1822 889 1869 et
900 1815 1065 1882 profundam
1078 1815 1186 1884 navigio
1199 1815 1352 1880 praeterire
1364 1825 1465 1881 propo·

187 1917 219 1970 ts
237 1911 330 1968 nebat.
343 1916 428 1978 Quam
442 1928 504 1968 eum
516 1916 631 1983 ingressi
642 1915 760 1969 fuissent
768 1921 795 1969 et
803 1916 859 1982 jam
870 1916 948 1983 quasi
960 1916 989 1968 in
997 1928 1088 1982 ,aquae
1099 1914 1189 1968 medio
1202 1912 1401 1980 pervenissent,
1412 1927 1461 1967 rex

235 2025 301 2067 casu
314 2014 424 2068 fortuito
436 2014 471 2068 de
484 2015 607 2068 navicula
620 2016 648 2068 in
661 2029 733 2082 aqua
745 2017 839 2069 sentiit
851 2017 941 2070 subito
954 2030 984 2069 se
1002 2016 1150 2083 submergi.
1165 2015 1267 2068 videns
1279 2020 1369 2068 autem
1384 2015 1463 2069 miles

237 2113 395 2181 praedictus
406 2115 549 2181 dominum
562 2128 643 2169 suum
654 2116 682 2167 in
695 2128 793 2183 aquam
808 2114 951 2183 cecidisse,
970 2115 1061 2168 statim
1079 2115 1156 2182 quasi
1169 2114 1330 2181 desperatus
1346 2113 1463 2168 :dumi-

235 2212 327 2281 tiare,
340 2212 426 2267 beate
438 2214 585 2281 Martiae,
599 2213 663 2268 totis
676 2215 779 2268 viribus
792 2214 972 2268 exclamabat.
986 2217 1041 2267 ilex
1052 2226 1118 2267 vero
1130 2213 1177 2267 bei
1189 2219 1259 2267 nutu
1271 2214 1304 2267 ad
1323 2214 1464 2267 summita-

233 2317 291 2366 tem
303 2325 390 2379 aquae
398 2314 475 2379 Juxta
487 2314 642 2367 naviculam
656 2314 766 2367 illaesus
779 2314 913 2382 apparuit.
934 2315 1018 2377 Quem
1038 2327 1100 2367 cum
1110 2313 1245 2367 vidissent
1256 2325 1318 2367 cum
1331 2313 1377 2366 bei
1389 2314 1464 2380 adlu-

187 2414 214 2467 to
232 2412 305 2466 torio
316 2412 369 2466 alta
383 2413 503 2466 fluminis
514 2420 541 2467 et
550 2416 625 2481 juxta
639 2415 791 2467 naviculam
801 2414 954 2481 advenisse,
965 2415 1054 2467 statim
1066 2414 1156 2480 ipsum
1169 2413 1204 2466 de
1216 2426 1356 2480 aquacum
1364 2413 1464 2481 gaudio
1482 2451 1484 2455 «

234 2512 410 2566 extrahentes
422 2526 515 2566 seeum
528 2514 557 2567 in
579 2514 734 2567 naviculam
746 2513 958 2576 collocaverunt,
980 2519 1006 2566 et
1027 2513 1061 2567 ad
1078 2519 1253 2580 portumque
1267 2511 1463 2567 tendebantad

233 2609 342 2664 libitum
355 2610 555 2678 perduxerunt.
567 2613 623 2675 Quo
634 2612 716 2680 facto,
729 2614 868 2678 petierunt
877 2613 912 2666 ab
921 2626 954 2667 eo
965 2614 1083 2680 qualiter
1092 2614 1145 2667 boc
1154 2613 1309 2680 periculum
1321 2613 1461 2668 evasisset.

232 2710 338 2774 Quibus
349 2709 522 2777 respondens
533 2711 612 2777 dixit,
625 2725 654 2765 se
667 2713 695 2765 in
708 2725 796 2780 aquae
808 2713 937 2766 conflictu
952 2713 1025 2766 beati
1039 2713 1147 2766 llartini
1160 2713 1188 2765 in
1207 2710 1290 2766 corde
1302 2713 1465 2767 memoriam

233 2810 363 2864 babuisse
374 2816 402 2864 et
413 2812 472 2878 ejus
484 2812 619 2877 adiutorio
640 2813 692 2866 boc
712 2813 867 2879 periculum
880 2813 1008 2866 evasisse.
1021 2815 1120 2866 Tractu
1131 2825 1196 2867 vero
1213 2812 1346 2879 temporis
1366 2813 1465 2866 accidit

187 2913 215 2966 ld
233 2908 309 2978 quod
327 2923 386 2977 rex,
409 2911 493 2965 nimia
514 2911 675 2966 infirmitate
696 2913 835 2977 detentus,
857 2912 925 2965 duas
945 2912 1112 2979 capellanias
1130 2913 1159 2965 in
1180 2913 1295 2966 ecclesia
1313 2912 1463 2967 beatissimi

231 3012 342 3079 patroni
354 3012 463 3065 fundari
475 3013 614 3079 praecepit
626 3012 660 3066 de
673 3019 783 3065 centum
798 3013 874 3066 libris
889 3013 990 3066 annuis
1009 3012 1131 3066 redditus
1142 3013 1178 3066 ob
1191 3013 1342 3067 remedium
1356 3013 1465 3067 animae

231 3123 299 3174 suae
311 3116 338 3164 et
349 3111 384 3166 ob
398 3113 577 3166 reverentiam
599 3113 748 3167 beatissimi
767 3114 942 3179 confessoris,
963 3119 990 3166 et
1007 3115 1084 3180 juxta
1096 3127 1202 3167 morem
1215 3113 1336 3167 fidelium
1349 3114 1465 3168 feliciter

232 3209 358 3278 migravit
369 3210 403 3263 ad
416 3211 569 3265 bominum.
584 3212 633 3265 (lui
654 3213 682 3264 in
699 3225 846 3280 regnorum
872 3213 994 3280 regimen
1012 3213 1143 3266 successit
1160 3212 1361 3265 illustrissimus
1379 3211 1463 3266 irater

231 3309 293 3376 olus
305 3309 453 3377 Philippus,
466 3314 533 3364 tun'c
545 3324 637 3365 eomes
649 3312 768 3365 existens
782 3312 958 3366 pictavensis.

187 3409 215 3461 to
265 3406 299 3460 8.
312 3406 577 3467 Veniensautemad
591 3423 739 3477 regnorum
751 3410 872 3478 regimen
891 3411 1094 3464 illustrissimus
1116 3410 1266 3479 Philippus,
1288 3416 1354 3465 tuuc
1371 3425 1464 3467 eomes

232 3506 407 3574 Pictavensis,
421 3507 503 3561 frater
514 3509 584 3575 elus,
597 3510 626 3561 in
640 3522 705 3574 pace
717 3513 745 3562 et
766 3511 965 3578 tranquillitate
988 3523 1071 3578 regna
1090 3511 1160 3564 rexit
1180 3511 1318 3578 praedicta
1336 3526 1399 3565 cum
1417 3514 1463 3567 bei

232 3605 387 3673 adjutori03
400 3611 428 3659 et
440 3607 673 3675 quemadmodum
686 3609 774 3662 bonae
787 3610 936 3662 memoriae
949 3615 1026 3675 pater
1044 3616 1072 3663 et
1090 3610 1175 3663 frater
1187 3612 1228 3663 sui
1241 3611 1374 3678 praedicti
1387 3626 1464 3680 spem

233 3709 261 3758 et
271 3704 399 3759 fiduciam
411 3707 549 3759 habebant
568 3707 597 3758 in
620 3707 779 3761 beatissimo
800 3708 969 3773 confessore,
992 3709 1029 3762 ita
1051 3721 1146 3762 eorum
1160 3711 1279 3778 vestigiis
1293 3711 1464 3767 inhaerendo

232 3804 324 3870 ipsum
335 3817 444 3871 semper
455 3812 517 3872 post
537 3808 621 3860 beum
642 3808 814 3874 proponebat
833 3808 978 3874 propitium
990 3808 1154 3874 adjutorem.
1169 3811 1219 3873 Qui
1231 3816 1362 3867 coronato
1374 3814 1464 3878 primo

187 3905 216 3956 ib
233 3902 262 3955 in
275 3915 338 3970 rege
350 3910 378 3956 et
389 3904 501 3958 inuncto
519 3917 595 3959 more
609 3906 849 3972 praedecessorum
872 3919 995 3972 suorum,
1009 3908 1128 3974 quadam
1140 3908 1185 3961 die
1198 3911 1315 3963 Turonis
1328 3911 1363 3965 ad
1376 3913 1460 3966 eccle·

234 4001 303 4054 siam
315 4002 387 4055 beati
407 4005 513 4056 llartini
527 4005 650 4070 accessit,
671 4006 718 4059 ubi
740 4006 831 4059 clerus
849 4007 972 4073 ejusdem
991 4008 1124 4060 ecclesiae
1142 4009 1294 4062 mirabilem
1307 4017 1409 4064 suum·
1431 4021 1461 4068 ut

234 4101 336 4153 moris·
349 4106 401 4168 est,
422 4101 574 4155 honorifice
595 4109 767 4170 receperunt.
790 4106 847 4168 Quo
870 4111 990 4172 recepto,
1014 4106 1153 4175 privilegia
1175 4108 1311 4176 aregibus
1332 4112 1461 4167 franciae
1524 4115 1533 4134 '

234 4200 489 4266 praedecessoribus
509 4202 565 4254 suis
584 4202 714 4255 ecclesiae
735 4208 763 4256 et
782 4204 907 4269 personis
925 4204 1047 4270 ejusdem
1065 4217 1195 4258 concessa
1207 4219 1239 4259 ex
1257 4206 1331 4261 dono
1351 4211 1421 4277 regis
1437 4216 1463 4264 et

234 4299 423 4352 munificentia
442 4299 614 4354 confirmavit
634 4303 776 4369 multaque
796 4303 848 4355 alia
872 4304 943 4356 bona
964 4306 1026 4357 huic
1048 4305 1183 4358 ecclesiae
1196 4307 1338 4373 impendit,
1352 4311 1463 4376 quaein

187 4400 216 4452 to
234 4400 372 4464 praesenti
386 4401 520 4465 scriptura
532 4413 613 4453 causa
627 4402 793 4467 prolixitatis
806 4403 949 4457 evitandae
963 4405 1075 4457 minime
1088 4407 1256 4472 recitantur3
1270 4412 1305 4474 et,
1319 4408 1391 4475 quod
1406 4423 1463 4464 non

233 4505 275 4550 est
286 4499 434 4552 oblivionis
446 4501 511 4553 vitio
521 4500 745 4568 relinquendum,
757 4508 838 4568 caput
849 4503 1039 4569 gloriosissimi
1048 4504 1214 4559 confessoris
1223 4506 1270 4559 illo
1284 4514 1348 4561 tunc
1357 4508 1463 4563 favente

232 4596 346 4652 bomino
359 4599 395 4651 de
407 4611 520 4651 assensu
533 4607 560 4651 et
571 4600 686 4654 consilio
705 4601 770 4654 cleri
789 4601 913 4670 ejusdem
931 4602 1063 4658 ecclesiae
1075 4605 1224 4658 transferre
1237 4606 1388 4661 honorilice
1400 4622 1462 4675 pro·
