3316 5482
423 331 515 383 sinn.
535 332 619 385 nar.
638 334 751 385 enum.
772 355 818 366 -
832 335 986 386 trenno.
1004 337 1052 386 an
1068 335 1146 387 con.
1165 335 1240 386 eaor.
1399 323 1444 390 29

305 497 411 578 oo⁰v
429 499 517 581 idus
542 502 647 603 julii,
676 502 878 583 translatio
908 505 1030 585 sancti
1049 505 1249 585 Benedicti
1268 506 1435 605 abbatis,

358 625 460 706 sicut
477 627 516 704 in
534 628 791 729 sequentibus
807 629 950 731 legitur
966 630 1043 732 (iol.
1065 628 1284 732 did-327⁹).
1303 632 1322 669 *

239 759 438 826 lmgmentunr
449 760 617 814 narrationis
629 763 768 828 quaejam
786 764 913 830 superins
932 763 961 816 in
974 764 1071 818 eodem
1088 762 1183 818 codice
1194 764 1330 832 descripta
1342 763 1443 833 leqitur

203 856 253 911 iol.
268 859 406 911 inv-152¹
416 860 507 926 (supra
519 873 546 925 p.
566 861 608 925 25,
623 861 692 926 19⁰);
703 861 807 915 scilicet
819 875 897 916 num.
912 865 963 916 ld.

306 953 375 1032 610
391 956 522 1036 Pridie
540 980 662 1037 nonas
686 959 872 1058 octobris,
901 961 1031 1063 passio
1061 969 1216 1040 sanctae
1234 961 1344 1040 Fidei
1364 962 1443 1040 vir-

358 1079 459 1180 ginis
475 1088 513 1161 et
532 1081 711 1183 martyris
728 1083 981 1185 [aginnensis]
998 1084 1076 1182 (fol.
1099 1083 1315 1187 illd-330⁹).
1339 1088 1357 1124 *

233 1215 403 1282 sequuntur
413 1214 551 1269 orationes
562 1215 698 1283 quaedam
709 1220 736 1271 et
748 1215 879 1283 praefatio
892 1218 1003 1285 propria
1012 1217 1048 1272 de
1059 1219 1087 1272 s.
1101 1218 1177 1273 Fide.

553 1599 761 1713 Appendix
784 1600 937 1692 ednod
964 1600 1086 1693 5301.

360 1814 449 1882 Viri
463 1834 610 1885 narnien
625 1817 679 1886 8Ιιο
698 1818 849 1923 Aennrrs
864 1816 950 1893 (Gir.
969 1837 1081 1905 supra,
1100 1839 1133 1906 p,
1159 1819 1216 1900 23,
1236 1818 1299 1908 20).

472 2002 574 2056 lloruit
585 2003 614 2056 in
626 2004 729 2057 mundo
741 2004 875 2072 quaedam
888 2003 992 2073 virgula
1004 2004 1112 2072 christi,

472 2103 560 2170 lqnes
571 2103 616 2156 cui
628 2117 730 2158 nomen
742 2104 824 2171 prisci
834 2103 931 2158 dixere
942 2109 1078 2172 parentes.

474 2200 568 2255 lnobta
580 2201 648 2256 naec
660 2202 757 2271 irrorat,
770 2203 887 2273 flagrans
897 2203 997 2258 virtute
1009 2203 1132 2271 pudoris.

473 2300 571 2353 Aemus
583 2301 706 2355 decimus
718 2315 770 2356 nec
782 2315 838 2356 non
851 2308 879 2355 et
889 2302 1034 2357 vicesimus
1047 2315 1137 2356 annus

474 2399 599 2454 Fluxerat
610 2401 640 2454 in
655 2402 747 2468 terris,
760 2415 824 2456 cum
839 2402 927 2469 primo
938 2401 1065 2471 glisceret
1078 2413 1156 2467 aevo,
1494 2399 1583 2455 ‘cod

474 2500 606 2554 inluviem
618 2500 722 2555 mundo
733 2506 862 2556 temnens
873 2506 930 2555 toto
942 2500 1025 2555 corde
1037 2499 1186 2555 nefandam
1196 2500 1216 2555 ·.
1459 2464 1620 2523 mandam·

473 2598 525 2652 sed
537 2612 639 2666 procus
651 2600 786 2654 illustrem
798 2601 930 2668 praefecit
941 2599 1016 2654 tilius
1025 2602 1131 2670 agnen,

474 2699 649 2764 Quitamosns
661 2706 719 2754 erat
731 2701 814 2770 regali
827 2701 901 2755 fasce
915 2704 1035 2769 rogatus,

472 2798 600 2853 subnixis
611 2801 739 2866 precibus
750 2801 876 2855 thalamis
888 2800 997 2855 adscire
1009 2800 1143 2854 renitens.

471 2900 557 2953 turea
567 2913 632 2953 cum
644 2901 731 2954 rubiis
744 2899 822 2955 offert
834 2901 973 2967 crepantia
985 2899 1110 2968 gemmis,

470 2999 591 3051 Necnon
603 2998 709 3068 argenti
721 2998 892 3065 splendidior
905 2999 982 3065 plura
995 2998 1114 3064 talenta;

469 3097 565 3150 Nititur
576 3098 710 3152 intactum
722 3099 859 3152 donorum
872 3098 968 3152 fallere
980 3098 1065 3165 risco,

472 3193 546 3249 Sicut
556 3203 648 3250 autem
663 3198 746 3250 nectit
758 3198 845 3252 nodos
859 3198 964 3250 retibus
976 3173 1086 3262 auceps.

473 3294 524 3347 Sed
536 3308 599 3349 mox
613 3297 700 3350 sensit
712 3295 1040 3364 letiferam'virguncula
1055 3294 1171 3361 cladem,
1494 3306 1581 3360 wod,

473 3395 598 3448 Crebrius
611 3395 733 3449 hauriret
745 3396 767 3449 si
780 3408 893 3462 spurcas
905 3408 971 3448 aure
985 3393 1110 3461 loquelas
1465 3371 1613 3427 “memm-

471 3496 520 3545 tut
531 3495 654 3561 pulsaret
666 3496 806 3562 probrosis
818 3493 979 3564 virguncula
992 3494 1083 3547 bellis.

472 3592 620 3660 lluscipula
632 3600 768 3660 metuens
781 3594 883 3662 sprevit
895 3606 1022 3647 sermone
1035 3592 1190 3659 peculeum.

473 3693 537 3744 llam
549 3706 679 3759 sponsam
690 3693 779 3760 potius
791 3688 945 3760 spondebat
956 3706 986 3746 se
998 3693 1056 3746 lore
1070 3691 1179 3758 Christi,

471 3791 598 3860 Virgineo
611 3805 719 3858 semper
730 3797 883 3846 servantem
896 3792 1006 3847 loedere
1018 3804 1129 3860 corpus.

475 3892 546 3954 Quae
558 3891 582 3943 si
595 3891 646 3943 rite
658 3890 813 3944 subarravit
825 3904 887 3945 cum
899 3891 963 3945 dote
975 3890 1051 3958 tidel,

472 3990 576 4044 Anulus
589 3996 617 4043 et
629 3990 708 4056 cujus
720 3991 836 4043 sacravit
848 3991 971 4043 membra
983 3989 1103 4056 puellae.

473 4090 591 4144 Plurima
603 4095 771 4158 quapropter
783 4091 889 4156 patiens
901 4089 1060 4144 discrlmina
1072 4090 1158 4158 virgo,

473 4189 584 4243 Pertulit
596 4191 625 4242 in
637 4190 717 4243 terris
731 4189 827 4242 insons
839 4188 975 4256 ergastula
987 4193 1067 4242 tetra.

472 4287 523 4340 sed
533 4290 594 4355 pius
606 4294 750 4354 aspectans
763 4288 895 4341 certantis
907 4289 979 4341 bella
993 4287 1101 4353 puellae

470 4386 584 4451 Arbiter,
597 4388 750 4442 horrendas
762 4386 892 4441 discussit
904 4387 1022 4440 carceris
1035 4388 1148 4439 umbras

472 4486 502 4538 Et
512 4486 615 4540 clarum
629 4488 745 4552 caelum,
759 4487 853 4540 lumen
867 4486 901 4539 de
915 4486 1028 4550 lumine,
1043 4485 1122 4551 ludit,

470 4585 583 4653 virqinls
594 4591 625 4639 ut
636 4587 763 4640 tenebras
776 4599 833 4640 non
845 4585 950 4639 ferrent
962 4586 1067 4640 lumina
1080 4587 1182 4640 furvas.
