3316 5482
438 385 530 436 stan.
550 383 634 434 nar.
653 382 769 433 euna.
787 401 834 414 -
848 380 1002 433 sereno.
1021 381 1069 431 at>
1086 380 1164 431 coo.
1183 376 1259 430 5594.
1399 362 1468 429 505

233 554 344 619 animis,
357 553 496 621 aliquibus
508 553 638 606 imtribus
650 552 742 605 accitis
755 552 796 603 sui
809 564 919 604 causam
932 549 1032 618 detegit
1049 548 1170 617 angoris,
1183 548 1285 615 illoque
1298 561 1328 601 se
1343 552 1467 614 praeten-

233 654 300 708 dere
312 654 384 708 velle
395 653 504 718 asserit,
517 652 670 706 dominicae
682 650 800 704 conlisus
810 649 963 703 sufflamine
972 649 1088 703 virtutis.
1099 652 1183 702 Porro
1196 654 1286 701 autem
1300 647 1354 700 lllis
1366 648 1468 702 obnixe

234 754 418 821 probantibus
436 765 521 819 seque
537 751 738 805 commilitones
759 749 960 816 profitentibus,
973 749 1065 802 locum
1086 749 1127 800 uir
1155 748 1200 800 bei
1220 747 1287 813 petit
1303 746 1467 814 intrepidus.

234 857 306 907 llutu
319 866 438 920 quoque,
453 857 482 905 ut
493 865 596 917 remur,
609 850 707 903 Christi
720 850 806 902 multa
818 850 962 915 utriusque
974 862 1067 912 serus,
1080 849 1202 902 virorum
1215 847 1318 901 scilicet
1327 860 1359 901 ac
1374 847 1468 900 mulie·

194 955 215 1006 5
234 966 307 1012 rtrm,
320 952 443 1016 copiaco
456 949 499 1003 dic
510 963 543 1003 ac
554 950 577 1001 si
590 949 810 1002 sollemnitatum
831 947 978 1000 simulacro
997 947 1176 1000 conduxerat.
1191 947 1315 1013 Gulussa
1328 947 1356 997 in
1369 946 1461 1000 medio

238 1052 398 1118 ltigomerus
410 1050 554 1102 inserens:
572 1048 602 1114 0,
617 1047 715 1114 inquit,
723 1060 786 1114 pro
802 1047 907 1114 pedor
913 1050 924 1101 t
937 1059 995 1100 cur
1007 1046 1049 1099 ad
1063 1045 1218 1112 injuriam
1230 1044 1468 1113 cunchhotentis

236 1150 295 1203 Det
305 1148 392 1216 operi
402 1149 445 1202 ad
457 1148 580 1202 libitum
592 1146 729 1215 artificis
743 1146 916 1212 irnoptnato
933 1147 1082 1199 cornicem
1101 1145 1246 1213 flecteris,
1260 1157 1374 1212 corpus
1381 1156 1469 1212 pros-

238 1248 347 1315 ternis,
360 1246 477 1314 repetis
490 1246 591 1314 imago
603 1245 712 1300 certet?
728 1245 796 1309 Cur,
810 1257 934 1311 quaeso,
945 1244 1073 1312 fictilem
1090 1242 1232 1311 effigiem,
1247 1243 1341 1297 totius
1360 1255 1468 1299 sertem

237 1360 277 1402 ac
287 1346 422 1401 rationis
434 1348 600 1412 enomere,
612 1345 792 1398 verbotenus
804 1345 915 1397 saltem
921 1356 1078 1411 personas
1087 1344 1193 1409 Deum,
1205 1355 1293 1409 quoe,
1304 1345 1340 1395 ut
1350 1355 1386 1395 re
1398 1341 1468 1408 epea

187 1451 219 1503 to
236 1448 347 1511 scitur,
361 1445 651 1511 debt'iitatipenitus
671 1445 708 1513 flt
728 1444 863 1499 obscoena
874 1445 910 1498 ni
922 1446 976 1497 tua
988 1444 1031 1498 sit
1048 1443 1207 1497 industrie
1230 1440 1413 1510 deferente?
1429 1441 1469 1494 nd

238 1547 306 1599 haec
319 1543 418 1599 ederae
431 1543 600 1598 crudelitatis
609 1544 713 1597 dudum
726 1557 793 1612 gens
806 1557 867 1598 mox
881 1543 1054 1610 conglobata,
1064 1543 1219 1609 talibusque
1228 1541 1396 1595 carminibus
1407 1553 1469 1593 cae·

237 1647 313 1699 lestis
331 1626 485 1698 medicinae
502 1644 581 1710 periti
603 1649 777 1710 praecantata
795 1656 827 1696 ac
845 1642 968 1708 subacta,
982 1642 1048 1710 quid
1062 1642 1113 1695 sibi
1127 1647 1239 1695 restaret
1251 1640 1388 1708 agendum
1400 1654 1466 1706 sup·

237 1745 300 1812 pler
312 1744 449 1812 efflagitat.
458 1743 606 1810 ltespirans
614 1756 678 1796 vero
690 1743 830 1809 paulisper
841 1742 1016 1808 dulciloquus
1027 1740 1190 1808 disputator,
1204 1741 1251 1795 ubi
1264 1740 1468 1794 multitudinem

237 1841 336 1896 deihca
347 1842 512 1909 aspiratione
525 1842 656 1895 odoratur
676 1854 839 1908 respersam,
853 1847 981 1908 coeptum
999 1843 1057 1908 jam
1077 1841 1178 1909 gratior
1196 1840 1294 1906 repetit
1305 1837 1466 1906 alloquium,

187 1944 219 1999 tt
238 1941 437 2008 multiplicique
450 1941 576 2009 dogmate
588 1941 686 1993 Christi
708 1946 735 1993 et
746 1940 883 1994 Ecclesiae
902 1942 983 2007 plane
995 1941 1109 1994 nimium
1123 1939 1289 2006 evangelizat
1308 1951 1464 1991 sacramen·

237 2047 308 2107 tum,
320 2041 462 2108 assignans
474 2053 529 2107 quo
541 2040 712 2093 condicionis
725 2040 784 2093 loro
797 2040 894 2106 stringi
905 2038 1004 2093 debeat
1015 2040 1063 2106 qui
1075 2052 1105 2092 se
1118 2039 1256 2092 dominico
1268 2037 1377 2103 corpori
1389 2048 1466 2088 man·

238 2140 331 2206 cipere
342 2138 536 2192 deliberaverit
548 2138 712 2191 membrum.
723 2139 792 2204 Quid
805 2138 907 2191 multat
920 2138 969 2191 Ubi
982 2138 1117 2191 scelerum
1130 2149 1242 2191 suorum
1252 2137 1280 2188 in
1294 2134 1467 2189 sermonibus

238 2239 374 2307 Rigomeri
386 2238 559 2304 sanctissimi,
572 2245 602 2292 ut
614 2240 650 2291 ita
662 2239 786 2305 dixerim,
800 2240 934 2305 picturam
947 2239 1087 2305 prospicit,
1100 2238 1279 2305 delusamque
1297 2250 1327 2289 se
1338 2233 1467 2300 versipel-

239 2337 273 2390 lis
286 2337 371 2391 hostis
383 2338 457 2404 dolo,
470 2336 536 2390 dum
549 2338 648 2391 sabaea
660 2336 787 2392 daemoni
800 2339 847 2405 qui
860 2339 888 2391 in
901 2339 964 2392 lano
978 2339 1099 2392 latitabat
1111 2344 1171 2391 tura
1187 2336 1360 2401 accenderet,
1375 2334 1467 2399 sentit,

187 2439 217 2492 lb
235 2437 333 2491 concio
344 2441 399 2491 tota
413 2437 558 2491 resolvitur
569 2438 597 2489 in
611 2438 725 2504 luctum,
739 2438 1017 2506 moestitudinemque
1029 2451 1085 2492 non
1098 2439 1201 2503 ferens,
1214 2437 1272 2504 pari
1285 2434 1466 2501 conspiratio·

238 2535 282 2588 nis
294 2540 366 2601 roto,
374 2540 512 2602 tamquam
524 2537 600 2589 necis
610 2549 675 2589 suae
687 2536 855 2590 incentorem
867 2536 1064 2602 interemptum
1075 2535 1162 2589 euolat
1171 2536 1204 2589 ad
1217 2534 1374 2597 delubrum,
1385 2540 1467 2599 atque

237 2633 314 2687 mille
334 2635 456 2689 convicia
477 2648 617 2700 evomens,
632 2638 726 2689 lanum
746 2637 862 2703 turpiter
882 2636 1004 2703 quidem,
1017 2637 1056 2689 uti
1069 2636 1191 2702 decebat,
1205 2635 1320 2701 impellit
1332 2635 1365 2687 ad
1378 2634 1467 2687 solum

238 2733 477 2801 particulatimque
490 2737 631 2788 concisum
644 2735 774 2804 dispergit
787 2736 814 2787 in
826 2749 922 2803 gyrum
933 2753 941 2802 ;
953 2736 1046 2802 sicque
1058 2735 1154 2788 salutis
1165 2735 1293 2801 propriae
1309 2733 1365 2786 adit
1382 2732 1467 2800 magi-

239 2836 338 2896 strum,
355 2834 441 2887 errori
464 2847 514 2887 suo
535 2835 645 2888 salubre
665 2836 808 2903 indulgere
829 2835 956 2902 implorat
976 2834 1138 2888 antidotum.
1156 2836 1204 2887 Cui
1224 2834 1338 2899 belliger
1361 2832 1468 2886 bomini

187 2932 221 2985 ts
239 2930 387 2985 admodum
397 2934 487 2989 alacer
499 2940 669 3001 opportunae
682 2935 868 3001 paenitudinis
880 2935 1005 3003 designat
1016 2936 1133 3001 spatium
1144 2953 1152 3000 3
1171 2948 1224 2987 nec
1236 2935 1321 2987 multo
1333 2940 1394 3001 post
1406 2932 1467 2986 dili-

238 3036 337 3098 genter
347 3032 537 3087 instrumentis
550 3033 611 3088 tidei
625 3042 789 3088 cameratam
802 3035 964 3100 baptismate
977 3040 1149 3088 sacrosancto
1167 3034 1235 3088 eluit
1252 3047 1283 3088 ac
1293 3033 1322 3087 iu
1335 3030 1469 3086 thesauris

238 3130 376 3184 beclesiae
388 3131 502 3186 inducit.
516 3135 548 3185 nt
561 3147 657 3187 recens
677 3135 798 3187 triticum
821 3135 867 3188 liei
889 3135 1002 3200 apaleis
1021 3139 1166 3202 secretum,
1181 3135 1308 3187 hortante
1320 3133 1465 3200 Rigomero

237 3241 299 3293 suo,
312 3231 413 3284 multae
426 3232 637 3297 pulchritudinis
649 3232 791 3286 basilicam
803 3234 955 3301 construit,
976 3234 1156 3301 ordinataque
1175 3234 1242 3286 inibi
1260 3232 1367 3286 bomini
1381 3231 1465 3284 clien·

239 3326 304 3392 tela,
316 3330 477 3397 retrogradu
489 3331 558 3384 calle
572 3332 684 3398 repedat
698 3333 732 3385 ad
745 3334 865 3400 propria.

187 3429 220 3482 bd
272 3428 311 3480 V.
324 3430 429 3482 Interea
441 3430 575 3496 quaedam
589 3437 615 3485 et
626 3432 733 3499 generis
746 3439 772 3484 et
784 3431 926 3500 dignitatis
938 3433 1079 3486 nobilitate
1093 3446 1210 3486 vernans
1227 3437 1362 3495 matrona,
1375 3428 1467 3482 Truda

240 3523 443 3595 cognominata,
465 3531 509 3582 cui
530 3532 718 3586 tantummodo
741 3516 828 3585 inerat
848 3533 940 3599 unica,
960 3534 993 3586 de
1014 3546 1067 3600 qua
1085 3546 1134 3586 suo
1152 3532 1212 3586 loco
1226 3532 1319 3598 paucis
1331 3530 1468 3593 dicemus,

240 3632 313 3695 nata,
326 3628 415 3695 gravis
427 3629 594 3683 incommodi
611 3632 754 3685 vexatione
773 3633 851 3685 raldo
874 3633 1065 3699 tribulabatur,
1088 3634 1157 3686 adeo
1169 3639 1200 3685 ut
1212 3633 1246 3686 de
1259 3633 1300 3684 sui
1313 3629 1469 3698 corpusculi

240 3726 407 3780 relevatione
416 3728 529 3782 omnino
549 3743 612 3795 spes
632 3730 747 3783 abesset.
769 3731 916 3783 sanctitate
937 3732 987 3783 viri
1009 3732 1080 3784 lama
1093 3731 1221 3785 volitante
1236 3735 1385 3797 comperta,
1398 3731 1468 3796 lega·

239 3825 317 3878 tione
329 3825 405 3893 fungi
417 3827 555 3893 quendam
572 3829 657 3881 esuis
679 3829 843 3882 industrium
862 3830 896 3882 ad
911 3843 1048 3883 eumcum
1062 3830 1146 3883 multa
1164 3830 1354 3884 obsecratione
1367 3829 1468 3896 dirigit,

187 3927 220 3981 35
238 3936 294 3991 quo
306 3923 382 3976 adse
394 3925 522 3979 sacerdos
544 3928 711 3980 reverendus
732 3927 862 3981 accedere
884 3942 940 3982 non
957 3928 1119 3997 dedignaret
1130 3930 1266 3995 mortique
1276 3941 1363 3995 paene
1377 3928 1466 3980 immi·

237 4022 314 4076 nenti
326 4022 449 4076 solamen
461 4025 540 4078 solita
554 4026 653 4091 pietate
675 4027 877 4092 praetenderet.
893 4031 946 4080 Neo
964 4034 1107 4081 eunomius
1125 4028 1181 4093 ille,
1195 4029 1296 4094 quippe
1310 4028 1423 4080 caritate
1435 4040 1466 4080 ac

238 4120 384 4176 clementia
397 4121 556 4189 ditissimus,
570 4138 679 4193 aegram
700 4125 830 4191 invisere,
851 4128 978 4180 recolens
997 4128 1129 4193 scriptum
1150 4127 1245 4180 viduas
1266 4134 1293 4180 et
1304 4127 1422 4193 pupillos
1436 4127 1464 4179 in

239 4220 417 4275 tribulatione
430 4235 524 4276 eorum
537 4223 640 4278 debere
652 4226 773 4289 visitare,
784 4227 926 4279 bominum
940 4239 1050 4293 quoque
1059 4227 1101 4278 his
1110 4227 1157 4293 qui
1169 4226 1296 4279 tribulato
1310 4231 1373 4279 sunt
1385 4225 1468 4279 corde

237 4322 316 4387 juxta
335 4322 402 4375 lore.
425 4323 564 4389 Extemplo
586 4338 650 4391 ergo
674 4327 698 4378 ei
720 4326 863 4387 accedens,
887 4327 1002 4392 primum
1028 4326 1118 4379 verbis
1139 4325 1250 4379 salutari
1276 4326 1332 4378 sale
1350 4325 1468 4379 conditis

190 4423 222 4473 to
239 4420 395 4494 demulcet3
409 4421 519 4486 deinde,
533 4437 568 4476 ne
579 4424 636 4477 ullo
649 4439 678 4478 se
691 4438 815 4478 maerore
828 4439 876 4491 pro
891 4427 932 4477 his
945 4439 1015 4492 quae
1028 4427 1079 4478 sibi
1091 4428 1186 4492 ajusto
1200 4426 1367 4478 inferrentur
1374 4426 1466 4491 judice
1531 4479 1533 4484 ,

238 4520 502 4574 admeliorationem
521 4523 592 4575 ritae
613 4523 803 4589 labefactaret3
824 4530 960 4591 postremo
978 4525 1060 4577 insert
1079 4530 1110 4577 ut
1122 4531 1229 4591 peccata
1242 4538 1290 4577 sua
1303 4525 1467 4591 elemosynis

237 4617 387 4671 redimeret
398 4630 431 4670 ac
441 4631 521 4685 gazas
532 4619 584 4671 sibi
596 4619 728 4674 divinitus
741 4621 891 4691 largissime
905 4622 1056 4691 praestitas,
1072 4623 1149 4694 juxta
1166 4622 1295 4682 altissimi
1309 4628 1464 4692 praecepta,
1479 4622 1482 4628 '
