3316 5482
208 359 273 423 418
553 373 677 424 onaan.
698 373 801 423 conn.
821 373 998 424 usercen.
1017 373 1099 424 nar.

208 543 372 596 monachum
395 543 422 594 iu
444 555 526 609 saepe
548 541 676 609 superius
698 543 837 595 nominata
861 542 988 595 lieceeusi
1009 540 1135 608 ecclesia,
1158 544 1249 596 honae
1267 548 1295 596 el
1314 543 1422 610 simplicis

207 642 288 708 vilae,
302 643 413 696 nemine
426 643 579 696 Ricardum.
599 645 661 696 Erat
681 642 788 695 veroin
812 643 869 707 ipsa
882 641 974 695 villaa
997 646 1073 708 parte
1094 642 1248 696 occidentis
1267 641 1424 710 parrochialis

207 745 322 799 ecclesia
336 744 492 812 permodica
504 744 538 798 de
552 744 633 810 lignis
646 748 802 797 constructa
816 744 844 796 iu
864 745 970 798 honore
982 744 1056 798 heati
1068 744 1202 811 llicholal,
1216 745 1253 798 ad
1269 757 1352 813 quam
1363 744 1425 797 mulli

210 844 357 898 veniebant
368 843 500 897 orationis
513 843 607 910 gralia.
622 843 670 896 ille
690 848 781 897 autem
799 843 840 896 uir
862 842 897 896 ad
918 843 993 896 illam
1011 843 1171 911 saepissime
1191 843 1333 909 veniebat,
1350 846 1428 897 lleoet

207 947 301 997 sancto
311 942 439 996 deterens
454 956 554 996 munus
566 942 681 996 devotae
693 943 826 996 orationis
837 947 920 1009 atque
932 943 1022 996 honae
1034 942 1191 996 voluntatis.
1202 944 1240 996 lix
1252 956 1309 1011 qua
1321 956 1351 996 re
1361 940 1449 997 mensi

209 1042 268 1108 eius
280 1041 366 1108 magis
378 1042 518 1108 magisque
530 1041 559 1093 iu
572 1053 664 1094 amore
674 1041 760 1094 sancti
772 1040 861 1107 coepit
874 1041 1015 1108 succendi,
1028 1046 1136 1094 tantum
1160 1045 1191 1094 ut
1203 1041 1339 1096 insideret
1349 1040 1430 1096 animo

209 1142 268 1208 ejus
287 1141 361 1195 illam
382 1141 524 1195 eeclesiam
550 1141 609 1193 suis
630 1141 784 1207 sumptibus
810 1141 839 1194 iu
859 1141 958 1194 melius
979 1147 1150 1195 construere.
1163 1141 1249 1209 culus
1274 1141 1431 1196 desideriam

210 1253 329 1305 superna
342 1239 467 1304 majestas
480 1237 554 1291 auxit
566 1244 593 1291 et
613 1237 690 1291 dedit
702 1246 733 1292 ut
745 1239 905 1306 impleretur
918 1256 925 1293 ε
939 1253 1003 1293 uam
1024 1241 1097 1307 quod
1110 1241 1207 1295 devota
1220 1246 1315 1295 ruente
1326 1238 1432 1310 adradi,

211 1338 265 1391 lide
277 1339 349 1392 hona
363 1338 465 1406 incepit
487 1343 514 1391 et
524 1338 595 1390 virili
617 1339 709 1391 auimo
721 1338 888 1405 adimplevit.
900 1342 968 1393 Nam
979 1346 1034 1392 tarn
1047 1340 1125 1406 copia
1145 1353 1240 1393 rerum
1260 1353 1347 1407 quam
1356 1340 1433 1394 honae

211 1438 358 1491 voluntatis
371 1437 505 1490 desiderio
518 1442 546 1490 et
567 1436 701 1503 adjutorio
714 1436 835 1491 lldelium
857 1442 883 1492 et
895 1440 1004 1505 piorum
1016 1438 1171 1506 homiuum,
1189 1438 1359 1506 adiutorium
1378 1451 1434 1506 qao
1446 1435 1468 1489 ll

211 1551 265 1604 que
276 1538 385 1605 gloriosi
404 1538 569 1591 contessoris
581 1550 637 1590 uon
658 1536 746 1590 deluit
758 1537 872 1591 devotae
884 1539 944 1606 ejus
959 1539 1092 1592 voluntati
1113 1544 1195 1606 atque
1217 1538 1382 1606 operationi,
1394 1535 1435 1591 sed

211 1638 240 1691 iu
252 1637 380 1691 omnihus
392 1642 500 1704 praesto
513 1637 538 1689 ei
551 1636 662 1703 exstitit,
676 1637 712 1689 ita
724 1641 754 1689 ut
775 1637 882 1691 modico
904 1641 1015 1704 sumptu
1028 1650 1154 1705 maguam
1167 1643 1194 1691 et
1215 1637 1362 1692 decentem
1380 1648 1436 1690 con·

211 1717 328 1791 strueret
339 1736 492 1802 ecclesiam,
506 1749 577 1802 quae
591 1749 664 1789 nuuc
685 1750 773 1803 usque
785 1742 919 1805 superest.
933 1739 990 1802 Qua
1001 1736 1143 1791 aedificata
1163 1741 1190 1791 et
1201 1737 1275 1791 hene
1287 1740 1437 1805 praeparata

210 1834 374 1903 decentique
387 1837 492 1890 honore
513 1842 681 1901 consecrata,
695 1837 735 1889 uir
748 1836 805 1899 ille,
818 1837 897 1903 eujus
909 1836 1064 1903 sumptibus
1077 1836 1185 1902 incepta
1205 1836 1306 1903 iuerat,
1327 1834 1436 1904 quadam

210 1933 256 1986 die
268 1948 369 1988 vocans
381 1936 568 2001 presbyterum
590 1933 713 2001 eiusdem
725 1935 858 1989 eeclesiae
878 1947 909 1988 ac
921 1935 1026 1988 viciuos
1038 1934 1235 2002 parrochianos
1254 1940 1321 1988 aute
1341 1934 1433 1988 ostien
1447 1929 1471 1984 ti

214 2034 286 2099 quod
299 2034 328 2086 in
348 2033 435 2087 latere
448 2033 570 2101 ejusdem
583 2033 714 2087 ecclesiae
737 2040 786 2102 est,
800 2035 839 2087 sic
857 2047 904 2087 eos
925 2034 1073 2101 alloquitur
1086 2033 1205 2101 supplici
1227 2046 1299 2088 voce
1311 2047 1320 2087 τ
1332 2034 1438 2088 Domite

210 2136 314 2201 pater,
326 2134 380 2188 cni
391 2134 575 2188 animarum
587 2136 770 2188 nostrarum
782 2147 861 2187 eura
873 2134 1039 2188 commissa
1047 2135 1102 2203 est,
1114 2136 1145 2187 et
1154 2144 1220 2198 vos,
1230 2133 1341 2187 domei
1350 2130 1438 2188 vieini

215 2235 244 2287 et
250 2233 470 2301 parrochiani,
485 2234 541 2287 Dei
557 2236 717 2301 oestroque
736 2235 894 2301 adjutorio
912 2234 1089 2288 interventu
1100 2233 1277 2288 beatissimi
1285 2235 1318 2288 et
1335 2232 1436 2302 clorio

216 2331 335 2385 nissimi
346 2329 533 2399 confesso-ris
550 2331 665 2386 cinisii
684 2331 833 2386 Nichoini
843 2331 1050 2399 adimpletam
1071 2330 1324 2385 estdesideriem
1343 2340 1435 2384 mento

216 2430 251 2485 in
263 2430 317 2485 hoe
329 2443 428 2498 opere,
441 2432 541 2484 multo
553 2431 665 2484 laelius
677 2433 708 2485 et
727 2431 884 2485 decentius
896 2444 990 2498 quom
1002 2443 1054 2498 epo
1075 2430 1143 2497 ipse
1154 2441 1287 2497 sperare
1292 2430 1435 2496 poteram
1446 2422 1469 2477 1

215 2529 360 2583 sicntoos
373 2527 436 2595 ipsi
453 2529 593 2582 semitis.
607 2528 699 2582 Nune
719 2528 817 2595 spicer
839 2541 911 2596 repo
931 2531 963 2582 ei
978 2527 1128 2595 deprecor
1147 2529 1183 2580 ut
1199 2527 1282 2594 qaod
1296 2527 1436 2581 restoteo

216 2628 370 2682 desiderio
390 2640 455 2681 meo
478 2630 577 2681 vestro
597 2639 744 2682 concesso
763 2630 793 2682 et
810 2627 1074 2695 promissionibus
1095 2626 1298 2695 confirmetis,
1321 2627 1358 2679 ut
1372 2625 1436 2679 ante

217 2728 329 2783 ostium
349 2727 434 2781 istud
455 2727 490 2779 ira
503 2725 558 2781 lroc
577 2727 742 2782 stillicidio
759 2726 936 2782 concedatis
953 2726 1033 2780 miln‘
1048 2727 1259 2794 sepulturam,
1277 2727 1308 2779 ei
1324 2723 1436 2792 quando

217 2826 299 2880 vitoe
311 2827 416 2879 exitus
427 2824 536 2894 fuerit,
549 2827 640 2880 micilo
652 2826 718 2881 elie
741 2827 805 2881 ioco
817 2838 931 2893 eorpus
951 2838 1055 2879 meum
1065 2823 1196 2891 sepeliri
1210 2823 1328 2877 ssssnatis
1339 2821 1437 2876 cisiis

219 2926 402 2992 drrrccqcem
414 2925 493 2992 eiepi
513 2926 623 2979 wenni.
639 2924 679 2979 llli
697 2939 771 2992 vcro,
793 2925 936 2979 audientes
949 2932 1001 2977 tam
1024 2923 1175 2990 supplicem
1197 2928 1224 2975 et
1244 2923 1371 2976 doceam
1390 2918 1472 2988 erun

219 3025 388 3091 petitionem,
404 3024 521 3090 henigua
534 3031 561 3077 et
573 3023 650 3076 llrrua
672 3025 853 3090 promissione
866 3028 1064 3077 concesseruut
1082 3023 1133 3077 hoc
1145 3021 1219 3089 quod
1231 3022 1360 3089 petehat;
1373 3026 1401 3075 et
1411 3020 1440 3072 ita

219 3140 281 3178 cum
295 3138 359 3191 pace
371 3125 488 3191 quisque
510 3125 537 3176 iu
550 3137 600 3177 sua
620 3124 768 3190 repedavit.
783 3124 831 3178 ille
852 3138 928 3190 vero,
948 3137 1004 3177 uou
1025 3129 1167 3189 tepescens
1188 3123 1218 3174 iu
1240 3135 1336 3175 amore
1357 3121 1402 3174 oei
1420 3122 1444 3172 et

219 3224 318 3290 saneti,
332 3223 380 3276 sed
403 3224 430 3275 lu
444 3224 516 3277 hono
538 3237 620 3289 opere
641 3238 830 3290 perseverans,
844 3232 1095 3291 quantumcumque
1117 3222 1224 3276 valebat
1236 3221 1272 3274 de
1293 3221 1351 3274 suis
1368 3221 1444 3274 rehus

219 3326 293 3378 illam
307 3325 450 3379 ecelesiam
464 3325 632 3377 sustentabat
645 3326 674 3377 iu
694 3338 727 3378 eo
740 3326 813 3391 quod
829 3338 896 3391 opus
917 3324 1046 3390 hahebat,
1059 3336 1223 3390 semperque
1240 3322 1315 3375 illam
1329 3323 1447 3389 frequen

218 3430 280 3478 taus
293 3426 415 3478 oratioue
427 3430 454 3476 et
466 3422 610 3477 heuelreio.
625 3426 688 3476 Post
708 3424 821 3491 aliquod
833 3432 940 3490 tempus
961 3425 1047 3477 menti
1068 3425 1128 3490 ejus
1149 3423 1247 3476 cecidit
1264 3423 1380 3475 Romam
1392 3434 1448 3488 per·
1460 3418 1481 3471 tl

218 3539 292 3594 gere,
316 3530 529 3590 sanctorumque
553 3523 681 3592 suffragia
706 3524 763 3578 illic
790 3525 1025 3592 requiescentium
1053 3531 1189 3590 expetere.
1220 3523 1298 3588 Quod
1323 3523 1451 3591 cogitavit

220 3625 334 3690 implere
358 3637 414 3676 nou
435 3623 548 3689 distulit,
571 3622 619 3676 sed
641 3622 785 3677 eiilcaciler
805 3624 972 3691 adimplevit,
985 3625 1090 3677 ducens
1110 3635 1204 3676 secum
1228 3634 1343 3676 uxorem
1365 3635 1452 3687 suam,

195 3781 206 3801 ,
219 3723 331 3776 nomine
343 3722 474 3785 leoham,
488 3730 514 3775 cl
526 3723 665 3788 quendam
677 3724 776 3788 uirum,
785 3729 843 3775 arte
855 3723 996 3780 fullonem.
1011 3724 1089 3789 cujus
1100 3732 1203 3775 nomen
1221 3733 1278 3774 non
1291 3721 1365 3774 hene
1379 3734 1453 3775 reco-

219 3822 279 3875 luut
302 3823 348 3888 qui
370 3823 437 3874 haec
450 3835 562 3875 narrare
580 3827 643 3874 suut
664 3822 746 3874 soliti.
760 3823 845 3890 igitur
866 3829 975 3888 peraeto
994 3822 1093 3875 itinere
1115 3827 1142 3875 et
1162 3820 1313 3885 adimpleto
1326 3834 1360 3874 eo
1381 3820 1456 3889 quod

219 3922 354 3987 cupiebat,
368 3923 554 3990 retrogradum
568 3923 618 3975 iter
631 3923 684 3975 arri
689 3923 755 3989 puit.
769 3924 875 3974 Etcum
889 3922 1060 3988 pervenisset
1071 3921 1105 3974 ad
1119 3921 1219 3986 locum,
1234 3921 1280 3986 qui
1301 3920 1337 3973 oh
1350 3933 1455 3974 nomen
1470 3922 1481 3973 t

220 4023 310 4089 magui
329 4022 389 4089 laci,
409 4023 455 4088 qui
476 4021 514 4074 ihi
534 4020 639 4088 delinit,
662 4021 792 4087 lacusque
817 4023 920 4074 Losaua
942 4022 1087 4086 recitatur,
1110 4019 1268 4073 infirmitate
1289 4024 1459 4086 praeuentus

219 4121 290 4174 lecto
302 4121 440 4174 decubuit.
454 4124 485 4173 Et
496 4135 552 4174 unu
565 4122 681 4174 multum
691 4124 761 4186 post,
776 4122 981 4188 ingravescente
992 4121 1100 4187 dolore,
1114 4120 1246 4174 accersito
1258 4120 1422 4187 presbytero
1433 4126 1459 4174 et

220 4220 316 4274 viatico
329 4225 438 4287 accepto
452 4221 486 4273 ah
499 4233 531 4273 eo
543 4234 604 4272 cum
626 4220 809 4283 absolutione,
823 4219 991 4288 defungitur,
1005 4233 1162 4287 corpusque
1185 4223 1241 4272 tota
1254 4227 1338 4272 noete
1351 4220 1462 4273 exonhi·

221 4324 303 4372 tatur.
316 4322 394 4393 ilaue
405 4327 496 4372 autem
516 4319 595 4386 iacto,
608 4320 695 4372 fertur
715 4320 749 4373 ad
768 4319 920 4373 ecclesiam.
934 4319 1036 4372 Videas
1057 4320 1109 4372 hoc
1122 4319 1231 4384 mulier,
1246 4318 1462 4373 irremeabiliter

222 4420 311 4485 coepit
324 4419 388 4472 dere
400 4423 427 4471 et
439 4419 529 4471 dicere
545 4439 551 4467 ι
568 4418 648 4478 Quid
659 4421 705 4471 esi
726 4419 808 4485 qnod
819 4417 926 4487 facere
938 4419 1035 4472 ozellis
1045 4419 1058 4472 l
1069 4417 1220 4471 Dominus
1237 4430 1328 4471 naeroe
1340 4417 1463 4473 daem
1477 4450 1481 4461 ·

222 4531 256 4570 se
266 4517 478 4584 sepeliendum
492 4517 525 4570 irc
536 4518 699 4571 ecclesiam
720 4519 824 4572 saneti
834 4518 989 4585 Nieholai,
1003 4531 1098 4584 quem
1114 4518 1180 4584 ipse
1192 4516 1227 4568 irc
1245 4519 1363 4572 rwstra
1384 4518 1464 4572 oilla

223 4627 264 4668 ex
275 4628 336 4669 sua
343 4617 534 4683 paupertate
542 4614 626 4684 fecit,
637 4618 667 4669 et
679 4617 781 4670 locum
793 4616 860 4683 ipse
871 4617 1030 4671 denotavit
1040 4616 1208 4682 rdijacere
1218 4614 1391 4682 disposuit.
1403 4617 1466 4672 Scit
