3316 5482
547 371 674 422 cartu.
694 370 797 421 coub.
817 369 994 421 maloch.
1016 368 1097 421 uhu.

641 541 821 615 Incipiunt
841 540 1012 616 capitula.

241 740 266 792 1.
286 738 322 790 be
335 736 473 790 nativitate
487 735 557 802 ejus,
571 734 623 788 sub
636 734 737 802 quibus
754 735 864 802 regibus
876 735 967 788 luerit.

242 838 282 891 11.
301 835 376 902 Quod
390 841 501 889 sanctus
523 835 701 888 innocentius
722 839 779 889 tum
797 833 1029 889 Cinomannensis
1049 836 1165 890 antistes
1183 844 1246 893 erat
1258 844 1287 892 et
1302 839 1431 893 sauch'm

210 942 333 1002 ternpore
345 935 461 1000 plurima
472 935 613 1001 juvamina
627 933 790 988 llorentibus
802 934 1036 988 subministrabat.

241 1036 300 1088 111.
318 1033 394 1099 Quod
406 1048 422 1087 a
434 1033 549 1100 pueritia
563 1033 660 1086 litteris
672 1032 796 1087 eruditus
813 1033 857 1095 sit,
871 1037 899 1086 et
910 1034 1053 1101 presbyter
1071 1035 1159 1089 iactus
1172 1036 1292 1090 verbum
1314 1037 1358 1091 bei
1369 1035 1453 1104 praei

210 1134 351 1188 dicaverit.

242 1236 316 1288 1111.
335 1234 412 1300 Quod
424 1234 565 1288 oritanum
577 1233 713 1299 straverit,
726 1237 753 1285 ct
766 1230 883 1286 multum
904 1232 941 1284 ibi
958 1234 1089 1300 populum
1102 1233 1137 1287 ad
1150 1233 1235 1288 tidem
1249 1235 1350 1290 christi
1360 1233 1430 1289 addu-

213 1334 291 1389 xerit.

244 1435 282 1485 v.
301 1436 338 1486 be
350 1440 436 1485 matre
449 1430 543 1484 beatae
555 1430 738 1484 Thenestinae
750 1434 854 1483 sanata.

245 1533 299 1586 Vl.
320 1535 357 1584 be
369 1530 549 1584 conversione
562 1527 686 1595 ejusdem
698 1529 795 1582 beatae
806 1528 990 1582 Thenestinae
1001 1528 1126 1595 virginis.
1442 1531 1461 1582 li

244 1632 315 1685 vu.
334 1628 409 1695 Quod
423 1630 457 1682 ab
471 1642 502 1682 ea
515 1629 671 1695 infamatus,
684 1633 787 1681 etanta
799 1639 891 1696 regem
905 1632 1058 1694 aecusatus,
1076 1634 1103 1682 et
1116 1627 1228 1684 damma
1239 1630 1350 1686 duobus
1359 1630 1432 1685 corcis

210 1730 323 1785 caelitus
334 1729 478 1794 impetrata
490 1734 621 1796 purgatus
635 1727 680 1781 sit.

243 1830 331 1882 vlu.
350 1828 426 1892 Quod
440 1832 534 1893 postea
546 1826 712 1880 thenestiua
725 1826 806 1880 beata
817 1826 905 1880 velata
917 1824 963 1878 sit.

243 1929 347 1981 vllll.
366 1925 442 1990 Quod
455 1927 550 1980 beatus
567 1927 726 1993 Rigomerus
736 1926 814 1991 jussu
836 1925 906 1980 beati
920 1925 1073 1979 innocentii
1086 1927 1236 1981 ecclesiam
1250 1927 1324 1995 apud
1336 1927 1432 1983 sulinia

213 2039 276 2081 oum
287 2025 479 2079 aedificaverit.
1443 2022 1462 2076 ii

245 2127 286 2178 x.
304 2124 424 2190 Qualiter
436 2123 470 2177 ad
484 2123 620 2176 christum
633 2123 799 2190 migraverit.

616 2322 745 2395 Incipit
765 2322 845 2383 vita
870 2324 1041 2396 eiusdem.

251 2518 299 2587 [1.]
317 2521 354 2572 lla
367 2519 447 2587 igitur
468 2524 628 2585 tempestate
649 2530 702 2584 qua
723 2524 868 2585 paternum
882 2518 1027 2585 imperium
1039 2531 1153 2572 suorum
1170 2533 1289 2575 assensu
1307 2531 1435 2589 procerum

214 2620 367 2673 Clotharius
379 2624 461 2685 atque
472 2618 663 2671 childebertus
672 2630 759 2684 aequa
772 2616 844 2670 inter
856 2630 885 2670 se
898 2617 976 2671 lance
993 2623 1141 2684 pensantes
1152 2619 1320 2686 diviserunt,
1333 2631 1437 2689 quorum

214 2720 282 2773 altar
303 2716 496 2786 lladegundevn
517 2716 663 2785 gloriosam
684 2721 793 2770 aetolo
816 2729 904 2782 paene
925 2716 985 2769 orbi
999 2717 1140 2784 famosam,
1162 2731 1215 2772 nec
1235 2724 1347 2773 tantum
1362 2714 1471 2787 hagililt

214 2818 341 2872 muliebri
365 2830 458 2870 verunt
481 2817 562 2870 etiam
582 2815 654 2869 virili
675 2816 753 2868 sexui
768 2816 843 2881 juste
863 2815 1034 2883 imitandam,
1055 2816 1177 2884 sortitus,
1199 2819 1277 2886 regio
1298 2819 1352 2873 slbi
1373 2829 1439 2873 morc

214 2918 360 2985 copulavit,
373 2929 492 2984 sequens
512 2929 576 2969 vero
588 2914 783 2983 ll'ltrogodam,
797 2915 969 2982 multimoda,
982 2921 1012 2969 ut
1033 2915 1129 2975 fertur,
1152 2916 1289 2982 probitate
1311 2918 1440 2980 vallatam,

214 3031 330 3072 uxorem
349 3015 435 3080 duxit,
450 3017 478 3068 in
499 3015 631 3069 suburbio
652 3015 871 3067 cenomannicae
891 3015 978 3079 urbis,
992 3013 1133 3079 praediolo
1144 3015 1261 3068 condita
1278 3016 1441 3086 saugonensi

210 3119 336 3182 vocitato,
350 3115 508 3169 clarissimis
520 3113 651 3181 dignitate
673 3118 710 3177 et,
722 3112 795 3179 quod
808 3113 895 3180 pluris
906 3117 956 3178 cst,
982 3114 1114 3182 religione
1126 3113 1276 3179 natalibus,
1302 3116 1386 3169 fertili
1398 3128 1442 3168 ceu

212 3233 228 3272 e
240 3218 342 3284 cespite
355 3217 457 3268 rubens
469 3214 569 3276 rosula,
584 3214 753 3280 Rigomerus,
773 3213 878 3265 bomini
892 3214 1000 3266 iuturus
1010 3213 1175 3281 agonitheta,
1195 3214 1313 3268 feliciter
1325 3215 1441 3269 emicuit
1454 3212 1478 3265 fl
1503 3222 1507 3311 l

211 3319 353 3372 Genitores
365 3328 429 3367 vero
442 3313 538 3380 ipsius,
549 3311 596 3365 diu
610 3317 766 3379 praeoptata
780 3311 874 3365 sobole
888 3313 933 3366 bei
947 3313 1046 3365 summi
1065 3326 1182 3366 munere
1195 3313 1285 3373 ditati,
1300 3314 1443 3368 admodum
1505 3344 1507 3355 ·

212 3413 414 3486 gratulabundi,
428 3413 511 3465 sacris
523 3412 641 3477 primurn
655 3411 770 3464 lavacris
782 3411 895 3476 expiari,
909 3411 1011 3464 deinde
1026 3412 1083 3479 pari
1094 3418 1156 3464 voto
1169 3410 1327 3479 eodemque
1339 3412 1443 3467 decreto
1505 3388 1507 3393 Ι

212 3517 268 3583 regi
282 3526 376 3581 regum
396 3513 549 3564 altithrono
570 3515 693 3564 statuunt
715 3511 867 3576 promptius
891 3511 1058 3563 consecrari.
1081 3508 1157 3575 Quod
1178 3523 1301 3577 quonam
1323 3511 1444 3578 paetosit

204 3616 322 3679 iactum,
336 3617 447 3664 auctore
459 3624 523 3664 vcro
536 3615 563 3663 et
575 3624 631 3664 uno
644 3613 708 3675 heo,
722 3611 866 3676 sequentia
878 3610 983 3677 liquido
996 3608 1191 3677 perdocebunt.
1506 3664 1508 3671 ,

245 3715 285 3767 11.
305 3712 454 3765 cathedrae
467 3724 532 3764 sane
544 3716 654 3763 sanctae
667 3711 761 3763 matris
773 3712 1008 3764 cenomannensis
1026 3711 1158 3764 ecelesiae
1169 3711 1220 3764 sub
1233 3710 1332 3765 eodem
1346 3710 1443 3766 rotatili
1455 3708 1480 3760 il
1506 3688 1508 3699 ¹

211 3827 347 3867 annorum
360 3812 472 3865 cardine
494 3816 603 3863 sanctae
628 3809 826 3864 reeordationis
847 3811 1023 3863 innocentius
1045 3810 1219 3876 praesidebat
1241 3811 1378 3877 antistes;
1399 3809 1442 3876 oui

214 3913 281 3966 adeo
303 3911 436 3966 vocabulo
458 3922 541 3977 opere
563 3909 732 3962 consonabat
744 3922 794 3961 suo
814 3914 844 3961 ut
866 3907 1078 3962 clementissima
1098 3909 1209 3974 pietate,
1223 3913 1375 3976 utcumque
1395 3907 1441 3961 sibi

212 4010 387 4078 peculiariter
397 4008 510 4061 caelitus
521 4008 660 4074 attributa,
674 4008 797 4060 omnium
811 4019 899 4073 paene
912 4007 962 4060 sub
975 4020 1004 4060 se
1016 4006 1176 4073 degentium
1194 4005 1311 4061 allectus
1322 4008 1441 4061 couniret

213 4116 239 4163 et
250 4115 321 4163 vota.
334 4112 366 4161 ut
375 4108 437 4161 licet
447 4109 552 4161 eunctis
561 4107 707 4161 haberetur
720 4108 877 4160 carissimus
886 4113 913 4160 et
922 4105 1048 4166 aiiabilis,
1059 4111 1150 4158 tatum
1163 4104 1284 4172 quodam
1293 4106 1438 4174 privilegio,

212 4209 352 4276 apostolici
365 4211 507 4261 exsecutor
519 4207 633 4272 oraculi,
646 4206 740 4260 aderat
752 4220 835 4260 sanae
859 4205 921 4259 ildei
936 4205 1102 4261 domesticis.
1124 4205 1266 4273 siquidem
1279 4207 1359 4260 beato
1373 4204 1438 4258 hari·
1451 4198 1475 4251 ³5

214 4308 294 4375 lepho
306 4309 334 4360 in
347 4306 466 4374 quodam
478 4303 595 4359 diocesis
617 4319 684 4358 suae
697 4305 757 4359 loco
779 4318 860 4371 supra
873 4305 963 4358 amnis
985 4305 1113 4372 rivulum,
1127 4304 1241 4359 Anisola
1254 4305 1437 4370 praenomina·

213 4412 281 4472 tum,
295 4420 350 4472 (ruo
362 4405 525 4459 coenobium
535 4406 683 4458 instrueret
694 4405 860 4471 amplissima
867 4404 1006 4469 juvamina
1020 4406 1155 4458 concessit
1166 4422 1174 4470 ;
1188 4404 1370 4458 nihilominus
1380 4414 1437 4456 vero

213 4506 371 4561 venerando
389 4506 464 4558 hvito
485 4505 631 4570 plurimum
653 4505 859 4557 amminiculum
882 4503 995 4556 indulsit
1016 4509 1100 4571 utquc
1120 4503 1310 4558 aedificandae
1331 4503 1436 4559 cellulae
1508 4532 1511 4601 Ῑ

214 4605 381 4659 desiderium
403 4604 554 4671 compleret
573 4604 713 4671 compulit.
728 4603 758 4655 lli
782 4615 863 4668 porro
885 4603 945 4668 viri,
964 4603 1057 4656 Avitus
1077 4600 1206 4655 videlicet
1225 4609 1254 4656 et
1273 4603 1434 4670 liarilepbus,
1509 4610 1511 4633 ²
