3316 5482
282 352 375 402 oran.
394 350 477 402 nar.
497 349 613 400 rarus.
633 369 679 381 —
694 349 847 400 terrun.
866 349 914 399 on
931 349 1009 399 con.
1027 347 1104 400 saar.
1244 331 1311 397 353
1410 328 1414 343 '

72 528 163 576 totum
176 525 230 577 lieo
249 522 358 589 obtulit,
371 533 499 588 pompam
512 519 618 588 mundi,
639 519 757 586 divitias,
779 527 916 573 terrenam
937 521 1062 587 patriam,
1075 521 1176 574 amicos
1188 523 1216 572 et
1227 518 1312 572 hono·

68 636 117 676 res
129 621 286 688 dereliquit,
297 625 324 673 et
336 634 365 674 se
375 622 404 673 in
422 620 550 674 omnious
561 620 675 673 liomino
688 619 911 684 commendavit3
926 631 1002 672 mare
1014 618 1177 684 transmisit,
1190 617 1265 671 venit
1277 615 1311 671 ad

71 722 214 775 civitatem
227 720 405 783 lleldensem,
418 720 447 771 in
461 731 515 786 qua
528 724 586 772 erat
596 719 693 772 beatus
706 720 775 772 liaro
787 719 932 786 episcopus
944 719 1007 784 loci,
1021 719 1063 772 tir
1076 723 1186 772 sanctae
1197 717 1269 771 vitae
1280 729 1312 770 ac

72 821 160 874 totius
171 820 311 873 bonitatis.
322 817 372 872 cui
385 820 482 872 beatus
495 820 616 872 Fiacrius
629 819 692 872 iecit
704 819 886 873 reuerentiam
900 823 981 885 prout
990 819 1095 884 debuit,
1104 817 1313 873 etdetotis'sime

33 927 55 978 5
73 920 181 986 rogavit
189 923 219 972 ut
230 918 281 971 sihi
294 918 415 985 placeret
426 919 547 985 aliquem
559 918 648 972 locum
662 919 690 971 in
702 920 840 972 territorio
858 931 908 971 suo
927 917 1088 983 concedere,
1101 918 1198 985 inquo
1212 921 1307 983 posset

72 1024 132 1074 lieo
145 1019 258 1083 servire,
272 1019 469 1084 paenitentiam
482 1018 573 1071 iacere
587 1023 615 1070 et
628 1030 709 1084 opera
722 1018 842 1071 caritatis
854 1031 990 1072 exercere.

110 1119 142 1172 2.
156 1119 204 1172 cui
216 1118 312 1171 beatus
327 1120 394 1171 Fano
407 1116 549 1183 respondit
563 1133 569 1169 :
583 1119 697 1170 irater
708 1117 881 1183 carissime,
892 1117 1040 1171 habemas
1049 1117 1083 1171 ia
1092 1116 1193 1186 fando
1204 1119 1312 1171 nostro

70 1217 208 1287 proprio
219 1216 379 1283 quandam
389 1229 538 1284 rnapaam
550 1215 711 1285 forestam,
725 1216 760 1268 ia
772 1229 834 1283 pua
843 1218 947 1270 matta
959 1219 1047 1272 mala
1065 1217 1245 1285 homicidia,
1262 1219 1313 1282 [et]

77 1315 252 1371 latrocinia
259 1316 445 1382 perpetrata
457 1317 541 1368 sant.
555 1314 666 1369 Placet
676 1314 762 1370 nobis
775 1318 809 1368 at
821 1296 935 1369 ibidem
953 1330 1031 1384 apas
1038 1316 1270 1384 paenitentiam
1284 1317 1314 1369 et

11 1421 56 1474 lo
74 1414 345 1470 reddataaimam
370 1413 519 1468 Creatori.
542 1417 609 1467 Cum
630 1418 723 1467 autem
745 1415 840 1468 beatus
861 1416 982 1468 liacrius
1003 1429 1170 1469 consensum
1191 1416 1313 1470 habuita

77 1519 177 1569 sancto
188 1513 327 1581 episcopo,
341 1513 453 1566 recessit
464 1526 526 1566 cum
549 1513 743 1567 benedictione
763 1514 909 1581 episcopali
930 1520 959 1567 et
975 1516 1069 1584 gratia.
1084 1518 1181 1569 Beatus
1194 1515 1313 1568 tiaorius

76 1613 267 1668 habitaculum
278 1626 358 1666 suum
371 1612 435 1666 tecit
461 1613 490 1664 in
513 1625 626 1666 nemore
639 1626 647 1677 ς
660 1613 688 1665 in
708 1614 876 1678 paenitentia
896 1619 924 1667 et
940 1615 1096 1668 austeritate
1108 1616 1201 1669 vivens
1214 1614 1242 1667 in
1254 1627 1313 1668 ora·

76 1715 156 1767 tione
168 1713 327 1779 persistens,
341 1712 392 1765 soli
410 1714 466 1764 lieo
486 1712 615 1779 cupiebat
638 1712 757 1779 placere,
781 1713 914 1766 mundum
936 1727 1067 1780 spernere
1084 1721 1113 1768 et
1124 1715 1217 1769 omnia
1228 1725 1314 1780 opera

78 1813 205 1866 caritatis
216 1811 378 1879 adimplere.
399 1812 475 1864 Sicut
495 1812 613 1865 lucerna
631 1813 717 1877 posita
738 1826 822 1878 super
840 1812 1036 1866 candelabrum
1057 1813 1190 1867 intrantes
1202 1813 1315 1867 domum

9 1906 56 1969 ‘aa
74 1912 226 1978 illuminat,
240 1912 280 1965 sic
293 1924 349 1965 non
361 1910 449 1978 potuit
461 1912 515 1964 vita
528 1912 615 1965 sancti
628 1917 656 1964 et
668 1913 727 1978 ejus
739 1913 909 1965 conversatio
922 1911 1018 1965 latere.
1031 1913 1210 1979 Omnipotens
1221 1911 1314 1966 Domi·

78 2025 146 2077 nus,
160 2012 206 2078 qui
219 2023 329 2077 semper
349 2011 406 2063 vult
428 2011 545 2063 humiles
565 2010 684 2065 exaltare
705 2015 734 2062 et
755 2010 904 2063 humilibus
926 2010 973 2063 dat
991 2011 1116 2079 gratiam,
1130 2011 1311 2063 humilitatem

78 2110 178 2164 famuli
190 2111 233 2163 sui
245 2111 363 2175 respexit
375 2126 384 2174 3
398 2122 460 2163 cum
473 2114 559 2163 totum
580 2108 729 2162 dimisisset
749 2123 799 2176 pro
820 2110 944 2175 Domino,
957 2110 1042 2163 voluit
1053 2111 1142 2177 ipsum
1154 2110 1274 2164 exaltare
1286 2115 1314 2163 et

79 2222 228 2264 coruscare
239 2209 388 2263 miraculis.

114 2309 147 2363 3.
160 2311 275 2364 sanctus
288 2310 417 2376 Fiacrius,
438 2310 592 2364 innumeris
612 2322 760 2363 coruscans
783 2310 922 2362 miraculis
944 2315 971 2363 et
990 2311 1145 2374 uirtutibus,
1168 2310 1238 2363 sicut
1258 2311 1313 2364 vita

11 2414 57 2466 20
80 2409 172 2476 ipsius
184 2413 210 2463 et
222 2410 291 2463 iacta
304 2408 453 2475 declarant,
467 2410 566 2463 videns
579 2409 763 2463 habitaculum
776 2423 856 2462 suum
870 2411 1005 2475 strictum,
1021 2414 1048 2463 et
1061 2423 1121 2479 non,
1131 2416 1239 2476 poterat
1250 2423 1315 2477 prae

84 2509 264 2563 multitudine
284 2509 451 2563 venientium
471 2508 621 2575 adimplere
642 2522 725 2575 opera
745 2509 874 2575 caritatis,
897 2510 1012 2562 accessit
1032 2510 1177 2563 iterumad
1190 2514 1314 2563 sanctum

85 2612 221 2662 Faronem
234 2609 409 2676 episcopum;
423 2607 586 2674 supplicavit
598 2608 765 2662 reverendae
777 2609 930 2674 paternitati
944 2622 1010 2662 suae
1022 2610 1163 2662 humiliter
1177 2615 1205 2663 et
1216 2608 1315 2663 devote

85 2708 163 2776 quod
175 2708 226 2761 sibi
239 2710 359 2774 placeret
370 2707 502 2775 ampliare
515 2707 604 2760 locum
617 2721 699 2774 quem
712 2708 895 2769 ordinaverat,
911 2707 945 2760 ad
958 2720 1041 2773 opera
1054 2709 1173 2762 caritatis
1185 2721 1314 2762 exercen-

86 2808 134 2861 da.
146 2809 195 2860 (lui
207 2813 316 2862 sanctus
336 2808 479 2874 episcopus
498 2809 633 2861 concessit
648 2814 781 2874 quantum
800 2808 829 2859 in
846 2820 911 2874 gyro
924 2808 995 2860 circa
1008 2807 1119 2860 domum
1132 2820 1219 2875 suam,
1233 2821 1315 2874 quam

23 2909 62 2962 25
80 2905 264 2971 inhabitabat,
278 2907 389 2973 propria
402 2919 486 2959 manu
507 2906 636 2960 fodiendo
657 2906 810 2959 includeret
829 2919 892 2958 cum
913 2907 1095 2959 instrumento
1119 2907 1170 2959 sibi
1189 2919 1204 2958 a
1221 2911 1315 2959 sancto

86 3005 217 3071 episcopo
229 3005 337 3072 tradito,
350 3018 421 3073 quae
441 3006 529 3060 bessa
550 3007 648 3075 gallice
669 3012 790 3073 vocatur,
804 3007 922 3060 liberum
934 3008 1011 3074 quasi
1025 3007 1220 3060 hereditarium
1232 3008 1316 3072 possi-

87 3105 174 3157 deret.
188 3107 243 3157 lloc
255 3118 398 3179 concesso,
411 3106 508 3159 beatus
520 3106 651 3172 iiaerius,
668 3105 771 3174 gratias
789 3120 883 3174 agens,
897 3107 1027 3161 inclinato
1040 3107 1127 3172 capite
1139 3107 1215 3172 petiit
1228 3106 1315 3160 licen·

87 3204 154 3256 tiam
166 3209 194 3256 et
205 3205 324 3258 recessit.

120 3305 153 3355 4.
167 3305 263 3357 Beatus
275 3305 397 3357 Fiacrius
409 3317 471 3357 cum
492 3305 578 3372 gratia
600 3305 712 3358 recessit
733 3318 796 3358 cum
816 3305 998 3359 instrumento
1016 3305 1067 3357 sibi
1085 3304 1182 3359 tradito
1194 3318 1209 3358 a
1222 3309 1316 3358 sancto

36 3404 70 3454 eo
88 3399 227 3467 episcopo.
240 3403 320 3455 Beato
333 3403 436 3456 Fiacrio
450 3403 583 3456 existente
596 3404 625 3454 in
646 3416 768 3468 nemore,
791 3402 868 3456 lieris
889 3404 1004 3471 genibus
1017 3403 1104 3456 oravit
1115 3403 1149 3455 ad
1161 3403 1316 3466 Dominum,

89 3500 206 3553 dicens:
223 3501 419 3568 Omnipotens
432 3502 618 3569 sempiterne
630 3503 721 3568 Deris,
736 3502 790 3568 qui
809 3501 892 3571 facis
911 3502 1074 3556 mirabilia
1093 3516 1209 3570 maprta
1221 3503 1316 3569 scius,

83 3600 257 3666 praetende
269 3599 349 3652 milti
359 3599 482 3669 santulo
495 3603 547 3655 tao
562 3600 702 3668 aratiam
722 3603 819 3668 taam,
840 3603 876 3654 at
892 3604 921 3655 te
932 3602 1103 3668 adjuvante
1114 3614 1191 3669 opas
1199 3601 1318 3668 possim

89 3699 280 3766 iact'peread
293 3701 419 3754 laudem
441 3703 470 3754 et
488 3701 624 3768 pieriam
644 3701 781 3755 nmaz'ais
803 3700 860 3754 iai.
883 3705 962 3754 Facta
974 3703 1097 3755 oratione
1110 3703 1227 3754 surrexit
1239 3702 1319 3754 etin-

89 3806 274 3853 strumentum
286 3814 368 3867 super
382 3805 483 3854 terram
495 3801 629 3855 trahendo
643 3802 751 3867 posuit3
766 3807 793 3854 et
805 3801 879 3867 quod
892 3807 933 3854 est
943 3802 1018 3854 dictu
1031 3802 1167 3867 mirabile,
1178 3801 1319 3854 adnutum

37 3899 72 3951 stt
89 3898 255 3951 sanctissimi
268 3899 317 3951 riri
331 3900 443 3952 arbores
456 3899 670 3965 circumquaque
683 3900 819 3965 incipiunt
830 3898 938 3962 cadere,
958 3904 1057 3952 terram
1072 3892 1194 3952 deistens
1206 3901 1215 3919 ·
1227 3903 1254 3951 et
1266 3899 1317 3952 ios·
1346 3903 1423 3969 ‘aic‚
1438 3906 1494 3972 lep.

90 4002 148 4049 sata
160 4009 257 4065 magna
270 4003 297 4051 et
308 3998 444 4064 protunda
460 4011 591 4064 apparere
613 3999 748 4065 incipiunt
769 4012 817 4064 per
837 3999 956 4051 divinam
976 3999 1135 4064 potentiam,
1148 4012 1218 4065 quae
1230 4012 1318 4065 usque
1342 3970 1495 4025 dehiscere·

90 4096 119 4149 in
133 4095 296 4150 nodiemum
309 4096 382 4151 diem
395 4099 428 4150 acl
441 4097 550 4150 laudem
563 4097 610 4151 liei
623 4103 650 4150 et
662 4098 733 4151 beati
746 4098 841 4150 Fiacrii
860 4099 970 4166 vestigia
990 4103 1101 4152 restant.
1115 4098 1251 4164 Quaedam
1260 4112 1319 4150 mu·

89 4195 152 4261 lier,
164 4198 248 4249 licum
261 4209 317 4250 non
329 4197 434 4250 liabens
446 4209 512 4263 prae
524 4197 623 4263 oculis,
636 4195 733 4249 videns
747 4196 884 4249 mirabilia
896 4211 967 4264 quae
979 4198 1092 4260 fiebant,
1105 4211 1168 4251 cum
1180 4199 1320 4251 celeritate

90 4296 227 4348 nuntiavit
251 4302 347 4350 sancto
361 4298 458 4350 Faroni
472 4298 609 4363 episcopo,
623 4298 724 4349 multas
736 4297 851 4363 injurias
870 4303 898 4350 et
915 4297 1099 4363 blasphemias
1112 4299 1145 4351 de
1160 4299 1320 4351 sanctovito

29 4397 68 4449 40
87 4395 193 4448 fiacrio
205 4396 327 4463 irrogare
340 4397 524 4462 praesumpsit
538 4412 544 4446 :
559 4409 621 4448 cum
635 4396 698 4448 talia
711 4409 766 4448 non
786 4395 887 4448 fiebant
900 4410 948 4462 per
960 4396 1080 4449 divinam
1094 4398 1257 4463 potentiam,
1272 4396 1320 4449 scd

89 4499 150 4547 arte
164 4496 266 4564 magica
278 4502 305 4548 ct
318 4496 502 4549 incantatione
514 4494 638 4549 mirifica.
651 4496 819 4548 lliraliililius
837 4496 973 4549 mirabilia
984 4496 1141 4550 succedunt.
1157 4500 1233 4551 Petra
1247 4511 1321 4551 nam-

89 4607 147 4661 que
159 4594 306 4648 durissima
318 4599 412 4648 contra
426 4601 551 4648 naturam
563 4594 656 4648 divino
677 4600 746 4648 nutu
761 4594 891 4648 demolita
904 4599 962 4661 est3
976 4602 1006 4648 ut
1018 4596 1134 4649 cessioni
1148 4599 1156 4617 ·
1170 4599 1257 4650 sancti
1271 4599 1321 4649 viri
1382 4596 1393 4621 ⁴

124 4705 221 4748 caran.
241 4704 329 4747 naurs.
349 4705 375 4746 r.
394 4704 422 4746 11.
1223 4698 1256 4748 23
