<?xml version="1.0" encoding="UTF-8"?>
<!DOCTYPE html PUBLIC "-//W3C//DTD XHTML 1.0 Transitional//EN"
    "http://www.w3.org/TR/xhtml1/DTD/xhtml1-transitional.dtd">
<html xmlns="http://www.w3.org/1999/xhtml" xml:lang="en" lang="en">
 <head>
  <title>
</title>
<meta http-equiv="Content-Type" content="text/html;charset=utf-8" />
  <meta name='ocr-system' content='tesseract 3.04.00' />
  <meta name='ocr-capabilities' content='ocr_page ocr_carea ocr_par ocr_line ocrx_word'/>
</head>
<body>
  <div class='ocr_page' id='page_1' title='image "./cataloguscodicu02manugoog_0484.png"; bbox 0 0 3316 5482; ppageno 0'>
   <div class='ocr_carea' id='block_1_1' title="bbox 388 339 1369 436">
    <p class='ocr_par' dir='ltr' id='par_1_1' title="bbox 388 339 1369 436">
     <span class='ocr_line' id='line_1_1' title="bbox 388 339 1369 436; baseline 0.001 -2"><span class='ocrx_word' id='word_1_1' title='bbox 388 381 981 436; x_wconf 78' lang='lat' dir='ltr'><strong><em>asan.usr.rsu1s.-oou.ssns.</em></strong></span> <span class='ocrx_word' id='word_1_2' title='bbox 1239 368 1304 436; x_wconf 81' lang='lat'><strong><em>459</em></strong></span> <span class='ocrx_word' id='word_1_3' title='bbox 1366 339 1369 344; x_wconf 35' lang='lat'>¹</span> 
     </span>
    </p>
   </div>
   <div class='ocr_carea' id='block_1_2' title="bbox 30 550 1305 2115">
    <p class='ocr_par' dir='ltr' id='par_1_2' title="bbox 30 550 1305 2115">
     <span class='ocr_line' id='line_1_2' title="bbox 56 550 1305 627; baseline -0.003 -17"><span class='ocrx_word' id='word_1_4' title='bbox 56 551 298 610; x_wconf 82' lang='lat' dir='ltr'><strong><em>recordationis</em></strong></span> <span class='ocrx_word' id='word_1_5' title='bbox 311 553 442 608; x_wconf 84' lang='lat' dir='ltr'><strong><em>domnus</em></strong></span> <span class='ocrx_word' id='word_1_6' title='bbox 461 552 602 607; x_wconf 83' lang='lat' dir='ltr'><strong><em>Urbanus</em></strong></span> <span class='ocrx_word' id='word_1_7' title='bbox 608 565 698 620; x_wconf 86' lang='lat' dir='ltr'><strong><em>papa</em></strong></span> <span class='ocrx_word' id='word_1_8' title='bbox 708 550 818 627; x_wconf 61' lang='lat' dir='ltr'><strong><em>prpe</em></strong></span> <span class='ocrx_word' id='word_1_9' title='bbox 841 551 999 608; x_wconf 90' lang='lat' dir='ltr'><strong><em>commisit</em></strong></span> <span class='ocrx_word' id='word_1_10' title='bbox 1011 552 1105 607; x_wconf 89' lang='lat' dir='ltr'><strong><em>Petro</em></strong></span> <span class='ocrx_word' id='word_1_11' title='bbox 1121 551 1305 607; x_wconf 85' lang='lat' dir='ltr'><strong><em>Carnotensi</em></strong></span> 
     </span>
     <span class='ocr_line' id='line_1_3' title="bbox 60 650 1305 721; baseline -0.002 -12"><span class='ocrx_word' id='word_1_12' title='bbox 60 657 89 709; x_wconf 83' lang='lat' dir='ltr'><strong><em>st</em></strong></span> <span class='ocrx_word' id='word_1_13' title='bbox 103 653 239 709; x_wconf 82' lang='lat' dir='ltr'><strong><em>Roberto</em></strong></span> <span class='ocrx_word' id='word_1_14' title='bbox 251 651 440 707; x_wconf 86' lang='lat' dir='ltr'><strong><em>Nirernensi</em></strong></span> <span class='ocrx_word' id='word_1_15' title='bbox 452 654 526 706; x_wconf 85' lang='lat' dir='ltr'><strong><em>tunc</em></strong></span> <span class='ocrx_word' id='word_1_16' title='bbox 547 651 698 720; x_wconf 86' lang='lat' dir='ltr'><strong><em>episcopis</em></strong></span> <span class='ocrx_word' id='word_1_17' title='bbox 709 666 748 708; x_wconf 92' lang='lat' dir='ltr'><strong><em>ac</em></strong></span> <span class='ocrx_word' id='word_1_18' title='bbox 754 652 863 721; x_wconf 79' lang='lat' dir='ltr'><em>priori</em></span> <span class='ocrx_word' id='word_1_19' title='bbox 880 653 1030 705; x_wconf 80' lang='lat' dir='ltr'><strong><em>Fratrum</em></strong></span> <span class='ocrx_word' id='word_1_20' title='bbox 1042 650 1305 706; x_wconf 83' lang='lat' dir='ltr'><strong><em>Praedicatorum</em></strong></span> 
     </span>
     <span class='ocr_line' id='line_1_4' title="bbox 64 751 1304 820; baseline -0.002 -12"><span class='ocrx_word' id='word_1_21' title='bbox 64 754 265 819; x_wconf 85' lang='lat' dir='ltr'><strong><em>Parisiensi;</em></strong></span> <span class='ocrx_word' id='word_1_22' title='bbox 289 752 416 820; x_wconf 84' lang='lat' dir='ltr'><strong><em>deinde,</em></strong></span> <span class='ocrx_word' id='word_1_23' title='bbox 438 752 549 806; x_wconf 82' lang='lat' dir='ltr'><strong><em>domno</em></strong></span> <span class='ocrx_word' id='word_1_24' title='bbox 574 751 725 820; x_wconf 85' lang='lat' dir='ltr'><strong><em>praefato</em></strong></span> <span class='ocrx_word' id='word_1_25' title='bbox 752 753 871 807; x_wconf 82' lang='lat' dir='ltr'><strong><em>Urbano</em></strong></span> <span class='ocrx_word' id='word_1_26' title='bbox 895 753 980 805; x_wconf 85' lang='lat' dir='ltr'><strong><em>eiam</em></strong></span> <span class='ocrx_word' id='word_1_27' title='bbox 1003 752 1169 805; x_wconf 83' lang='lat' dir='ltr'><strong><em>universae</em></strong></span> <span class='ocrx_word' id='word_1_28' title='bbox 1196 752 1304 806; x_wconf 88' lang='lat' dir='ltr'><strong><em>carnis</em></strong></span> 
     </span>
     <span class='ocr_line' id='line_1_5' title="bbox 63 850 1304 922; baseline -0.001 -16"><span class='ocrx_word' id='word_1_29' title='bbox 63 855 217 922; x_wconf 83' lang='lat' dir='ltr'><strong><em>inpresso,</em></strong></span> <span class='ocrx_word' id='word_1_30' title='bbox 230 852 362 907; x_wconf 77' lang='lat' dir='ltr'><strong><em>domnus</em></strong></span> <span class='ocrx_word' id='word_1_31' title='bbox 385 852 523 906; x_wconf 84' lang='lat' dir='ltr'><strong><em>Clemens</em></strong></span> <span class='ocrx_word' id='word_1_32' title='bbox 535 854 676 920; x_wconf 75' lang='lat' dir='ltr'><strong><em>assertus,</em></strong></span> <span class='ocrx_word' id='word_1_33' title='bbox 697 853 794 919; x_wconf 78' lang='lat' dir='ltr'><strong><em>putei</em></strong></span> <span class='ocrx_word' id='word_1_34' title='bbox 813 850 1164 918; x_wconf 72' lang='lat' dir='ltr'><strong><em>immediatesuecessit</em></strong></span> <span class='ocrx_word' id='word_1_35' title='bbox 1177 862 1249 905; x_wconf 89' lang='lat' dir='ltr'><strong><em>eum</em></strong></span> <span class='ocrx_word' id='word_1_36' title='bbox 1269 851 1304 905; x_wconf 90' lang='lat' dir='ltr'><strong><em>in</em></strong></span> 
     </span>
     <span class='ocr_line' id='line_1_6' title="bbox 30 949 1304 1021; baseline -0.002 -14"><span class='ocrx_word' id='word_1_37' title='bbox 30 950 33 955; x_wconf 77' lang='grc'>’</span> <span class='ocrx_word' id='word_1_38' title='bbox 65 953 148 1008; x_wconf 77' lang='lat' dir='ltr'><strong><em>dicte</em></strong></span> <span class='ocrx_word' id='word_1_39' title='bbox 159 952 282 1021; x_wconf 86' lang='lat' dir='ltr'><strong><em>nepotio</em></strong></span> <span class='ocrx_word' id='word_1_40' title='bbox 301 964 365 1006; x_wconf 92' lang='lat' dir='ltr'><strong><em>non</em></strong></span> <span class='ocrx_word' id='word_1_41' title='bbox 376 950 491 1019; x_wconf 75' lang='lat' dir='ltr'><strong><em>suisset</em></strong></span> <span class='ocrx_word' id='word_1_42' title='bbox 511 950 616 1006; x_wconf 78' lang='lat' dir='ltr'><strong><em>adim</em></strong></span> <span class='ocrx_word' id='word_1_43' title='bbox 631 964 824 1020; x_wconf 71' lang='lat' dir='ltr'><strong><em>processum,</em></strong></span> <span class='ocrx_word' id='word_1_44' title='bbox 847 952 966 1006; x_wconf 78' lang='lat' dir='ltr'><strong><em>dietam</em></strong></span> <span class='ocrx_word' id='word_1_45' title='bbox 986 949 1233 1005; x_wconf 72' lang='lat' dir='ltr'><strong><em>commissionem</em></strong></span> <span class='ocrx_word' id='word_1_46' title='bbox 1241 962 1304 1019; x_wconf 90' lang='lat' dir='ltr'><strong><em>per</em></strong></span> 
     </span>
     <span class='ocr_line' id='line_1_7' title="bbox 67 1050 1303 1119; baseline -0.002 -12"><span class='ocrx_word' id='word_1_47' title='bbox 67 1052 219 1107; x_wconf 77' lang='lat' dir='ltr'><strong><em>domnum</em></strong></span> <span class='ocrx_word' id='word_1_48' title='bbox 237 1051 393 1106; x_wconf 79' lang='lat' dir='ltr'><strong><em>Urbanum</em></strong></span> <span class='ocrx_word' id='word_1_49' title='bbox 406 1050 528 1119; x_wconf 80' lang='lat' dir='ltr'><strong><em>factam</em></strong></span> <span class='ocrx_word' id='word_1_50' title='bbox 540 1052 703 1106; x_wconf 80' lang='lat' dir='ltr'><strong><em>innovavit</em></strong></span> <span class='ocrx_word' id='word_1_51' title='bbox 722 1055 751 1106; x_wconf 92' lang='lat' dir='ltr'><strong><em>et</em></strong></span> <span class='ocrx_word' id='word_1_52' title='bbox 767 1052 805 1106; x_wconf 80' lang='lat' dir='ltr'><strong><em>ae</em></strong></span> <span class='ocrx_word' id='word_1_53' title='bbox 824 1063 902 1107; x_wconf 88' lang='lat' dir='ltr'><strong><em>novo</em></strong></span> <span class='ocrx_word' id='word_1_54' title='bbox 919 1050 1076 1106; x_wconf 90' lang='lat' dir='ltr'><strong><em>commisit</em></strong></span> <span class='ocrx_word' id='word_1_55' title='bbox 1091 1050 1208 1105; x_wconf 75' lang='lat' dir='ltr'><strong><em>eisdem</em></strong></span> <span class='ocrx_word' id='word_1_56' title='bbox 1225 1062 1303 1105; x_wconf 85' lang='lat' dir='ltr'><strong><em>omn·</em></strong></span> 
     </span>
     <span class='ocr_line' id='line_1_8' title="bbox 67 1150 1302 1226; baseline -0.002 -19"><span class='ocrx_word' id='word_1_57' title='bbox 67 1152 230 1207; x_wconf 85' lang='lat' dir='ltr'><strong><em>missariis</em></strong></span> <span class='ocrx_word' id='word_1_58' title='bbox 249 1154 279 1206; x_wconf 90' lang='lat' dir='ltr'><strong><em>et</em></strong></span> <span class='ocrx_word' id='word_1_59' title='bbox 293 1152 401 1220; x_wconf 86' lang='lat' dir='ltr'><strong><em>priori</em></strong></span> <span class='ocrx_word' id='word_1_60' title='bbox 421 1153 571 1226; x_wconf 67' lang='lat' dir='ltr'><strong><em>Fratrum</em></strong></span> <span class='ocrx_word' id='word_1_61' title='bbox 591 1152 854 1207; x_wconf 79' lang='lat' dir='ltr'><strong><em>Praedicatorum</em></strong></span> <span class='ocrx_word' id='word_1_62' title='bbox 877 1150 1079 1219; x_wconf 78' lang='lat' dir='ltr'><strong><em>Biturieensi,</em></strong></span> <span class='ocrx_word' id='word_1_63' title='bbox 1099 1151 1165 1205; x_wconf 90' lang='lat' dir='ltr'><strong><em>loce</em></strong></span> <span class='ocrx_word' id='word_1_64' title='bbox 1179 1150 1302 1218; x_wconf 89' lang='lat' dir='ltr'><strong><em>prioris</em></strong></span> 
     </span>
     <span class='ocr_line' id='line_1_9' title="bbox 63 1238 1304 1320; baseline -0.002 -13"><span class='ocrx_word' id='word_1_65' title='bbox 63 1255 219 1307; x_wconf 68' lang='lat' dir='ltr'><strong><em>Fratrum</em></strong></span> <span class='ocrx_word' id='word_1_66' title='bbox 231 1251 492 1306; x_wconf 83' lang='lat' dir='ltr'><strong><em>Praedicatorum</em></strong></span> <span class='ocrx_word' id='word_1_67' title='bbox 504 1251 697 1306; x_wconf 88' lang='lat' dir='ltr'><strong><em>Parisiensis</em></strong></span> <span class='ocrx_word' id='word_1_68' title='bbox 709 1251 888 1320; x_wconf 82' lang='lat' dir='ltr'><strong><em>snbrepoto.</em></strong></span> <span class='ocrx_word' id='word_1_69' title='bbox 912 1253 953 1306; x_wconf 85' lang='lat' dir='ltr'><strong><em>Et</em></strong></span> <span class='ocrx_word' id='word_1_70' title='bbox 972 1252 1052 1306; x_wconf 85' lang='lat' dir='ltr'><strong><em>istae</em></strong></span> <span class='ocrx_word' id='word_1_71' title='bbox 1073 1238 1304 1306; x_wconf 76' lang='lat' dir='ltr'><strong><em>commissiones</em></strong></span> 
     </span>
     <span class='ocr_line' id='line_1_10' title="bbox 64 1349 1299 1420; baseline 0 -16"><span class='ocrx_word' id='word_1_72' title='bbox 64 1353 272 1420; x_wconf 79' lang='lat' dir='ltr'><strong><em>reperiuntm</em></strong></span> <span class='ocrx_word' id='word_1_73' title='bbox 288 1349 425 1419; x_wconf 78' lang='lat' dir='ltr'><strong><em>scriptae</em></strong></span> <span class='ocrx_word' id='word_1_74' title='bbox 440 1349 497 1404; x_wconf 72' lang='lat' dir='ltr'><strong><em>seio</em></strong></span> <span class='ocrx_word' id='word_1_75' title='bbox 514 1351 632 1418; x_wconf 86' lang='lat' dir='ltr'><strong><em>sipillis</em></strong></span> <span class='ocrx_word' id='word_1_76' title='bbox 648 1351 945 1407; x_wconf 81' lang='lat' dir='ltr'><strong><em>commissariorum</em></strong></span> <span class='ocrx_word' id='word_1_77' title='bbox 965 1350 1129 1418; x_wconf 85' lang='lat' dir='ltr'><strong><em>sipiltatae</em></strong></span> <span class='ocrx_word' id='word_1_78' title='bbox 1149 1352 1179 1403; x_wconf 90' lang='lat' dir='ltr'><strong><em>et</em></strong></span> <span class='ocrx_word' id='word_1_79' title='bbox 1196 1362 1299 1404; x_wconf 87' lang='lat' dir='ltr'><strong><em>eorum</em></strong></span> 
     </span>
     <span class='ocr_line' id='line_1_11' title="bbox 65 1449 1302 1519; baseline 0.002 -16"><span class='ocrx_word' id='word_1_80' title='bbox 65 1450 312 1519; x_wconf 72' lang='lat' dir='ltr'><strong><em>depositionibus</em></strong></span> <span class='ocrx_word' id='word_1_81' title='bbox 333 1451 467 1518; x_wconf 84' lang='lat' dir='ltr'><strong><em>capnitis</em></strong></span> <span class='ocrx_word' id='word_1_82' title='bbox 484 1449 705 1519; x_wconf 83' lang='lat' dir='ltr'><strong><em>etapprobatis</em></strong></span> <span class='ocrx_word' id='word_1_83' title='bbox 718 1464 779 1518; x_wconf 86' lang='lat' dir='ltr'><strong><em>per</em></strong></span> <span class='ocrx_word' id='word_1_84' title='bbox 798 1451 941 1505; x_wconf 87' lang='lat' dir='ltr'><strong><em>notarios</em></strong></span> <span class='ocrx_word' id='word_1_85' title='bbox 957 1449 1108 1518; x_wconf 84' lang='lat' dir='ltr'><strong><em>publicos.</em></strong></span> <span class='ocrx_word' id='word_1_86' title='bbox 1129 1451 1205 1504; x_wconf 87' lang='lat' dir='ltr'><strong><em>item</em></strong></span> <span class='ocrx_word' id='word_1_87' title='bbox 1226 1463 1302 1505; x_wconf 87' lang='lat' dir='ltr'><strong><em>com·</em></strong></span> 
     </span>
     <span class='ocr_line' id='line_1_12' title="bbox 63 1549 1302 1623; baseline 0.001 -20"><span class='ocrx_word' id='word_1_88' title='bbox 63 1549 230 1604; x_wconf 89' lang='lat' dir='ltr'><strong><em>missiones</em></strong></span> <span class='ocrx_word' id='word_1_89' title='bbox 235 1549 419 1617; x_wconf 79' lang='lat' dir='ltr'><strong><em>praedictae</em></strong></span> <span class='ocrx_word' id='word_1_90' title='bbox 429 1550 632 1623; x_wconf 80' lang='lat' dir='ltr'><strong><em>reperiuntur</em></strong></span> <span class='ocrx_word' id='word_1_91' title='bbox 643 1551 781 1617; x_wconf 89' lang='lat' dir='ltr'><strong><em>scriptae</em></strong></span> <span class='ocrx_word' id='word_1_92' title='bbox 789 1550 846 1604; x_wconf 79' lang='lat' dir='ltr'><strong><em>snb</em></strong></span> <span class='ocrx_word' id='word_1_93' title='bbox 858 1550 964 1618; x_wconf 84' lang='lat' dir='ltr'><strong><em>sipillo</em></strong></span> <span class='ocrx_word' id='word_1_94' title='bbox 974 1563 1087 1618; x_wconf 84' lang='lat' dir='ltr'><strong><em>mapno</em></strong></span> <span class='ocrx_word' id='word_1_95' title='bbox 1098 1549 1208 1604; x_wconf 89' lang='lat' dir='ltr'><strong><em>euriae</em></strong></span> <span class='ocrx_word' id='word_1_96' title='bbox 1217 1550 1302 1604; x_wconf 86' lang='lat' dir='ltr'><strong><em>Bitu·</em></strong></span> 
     </span>
     <span class='ocr_line' id='line_1_13' title="bbox 65 1648 1303 1718; baseline 0.002 -16"><span class='ocrx_word' id='word_1_97' title='bbox 65 1650 205 1704; x_wconf 82' lang='lat' dir='ltr'><strong><em>ricensis</em></strong></span> <span class='ocrx_word' id='word_1_98' title='bbox 227 1649 261 1702; x_wconf 91' lang='lat' dir='ltr'><strong><em>in</em></strong></span> <span class='ocrx_word' id='word_1_99' title='bbox 273 1648 392 1703; x_wconf 78' lang='lat' dir='ltr'><strong><em>duobus</em></strong></span> <span class='ocrx_word' id='word_1_100' title='bbox 412 1649 498 1716; x_wconf 88' lang='lat' dir='ltr'><strong><em>locis,</em></strong></span> <span class='ocrx_word' id='word_1_101' title='bbox 512 1649 720 1716; x_wconf 80' lang='lat' dir='ltr'><strong><em>descriptione</em></strong></span> <span class='ocrx_word' id='word_1_102' title='bbox 741 1649 821 1705; x_wconf 80' lang='lat' dir='ltr'><strong><em>dicti</em></strong></span> <span class='ocrx_word' id='word_1_103' title='bbox 831 1649 934 1718; x_wconf 81' lang='lat' dir='ltr'><strong><em>sipilti</em></strong></span> <span class='ocrx_word' id='word_1_104' title='bbox 953 1648 1128 1716; x_wconf 84' lang='lat' dir='ltr'><strong><em>approbata</em></strong></span> <span class='ocrx_word' id='word_1_105' title='bbox 1135 1661 1197 1716; x_wconf 89' lang='lat' dir='ltr'><strong><em>per</em></strong></span> <span class='ocrx_word' id='word_1_106' title='bbox 1216 1653 1303 1704; x_wconf 89' lang='lat' dir='ltr'><strong><em>note·</em></strong></span> 
     </span>
     <span class='ocr_line' id='line_1_14' title="bbox 60 1747 1300 1824; baseline 0 -22"><span class='ocrx_word' id='word_1_107' title='bbox 60 1748 132 1803; x_wconf 85' lang='lat' dir='ltr'><strong><em>rios</em></strong></span> <span class='ocrx_word' id='word_1_108' title='bbox 145 1747 391 1818; x_wconf 69' lang='lat' dir='ltr'><strong><em>pulmonisue</em></strong></span> <span class='ocrx_word' id='word_1_109' title='bbox 409 1748 445 1802; x_wconf 93' lang='lat' dir='ltr'><strong><em>in</em></strong></span> <span class='ocrx_word' id='word_1_110' title='bbox 464 1750 526 1803; x_wconf 85' lang='lat' dir='ltr'><strong><em>toto</em></strong></span> <span class='ocrx_word' id='word_1_111' title='bbox 547 1748 606 1804; x_wconf 90' lang='lat' dir='ltr'><strong><em>isto</em></strong></span> <span class='ocrx_word' id='word_1_112' title='bbox 626 1761 718 1824; x_wconf 84' lang='lat' dir='ltr'><strong><em>opere</em></strong></span> <span class='ocrx_word' id='word_1_113' title='bbox 736 1749 1035 1816; x_wconf 81' lang='lat' dir='ltr'><strong><em>suntquadrcpinta</em></strong></span> <span class='ocrx_word' id='word_1_114' title='bbox 1056 1747 1121 1802; x_wconf 90' lang='lat' dir='ltr'><strong><em>tria</em></strong></span> <span class='ocrx_word' id='word_1_115' title='bbox 1134 1748 1300 1816; x_wconf 88' lang='lat' dir='ltr'><strong><em>miracula,</em></strong></span> 
     </span>
     <span class='ocr_line' id='line_1_15' title="bbox 61 1847 1300 1919; baseline -0.001 -16"><span class='ocrx_word' id='word_1_116' title='bbox 61 1861 201 1919; x_wconf 68' lang='lat' dir='ltr'><strong><em>pisorum</em></strong></span> <span class='ocrx_word' id='word_1_117' title='bbox 212 1848 366 1917; x_wconf 64' lang='lat' dir='ltr'><strong><em>mesiam</em></strong></span> <span class='ocrx_word' id='word_1_118' title='bbox 383 1851 459 1902; x_wconf 89' lang='lat' dir='ltr'><strong><em>sunt</em></strong></span> <span class='ocrx_word' id='word_1_119' title='bbox 470 1849 609 1917; x_wconf 80' lang='lat' dir='ltr'><strong><em>probata</em></strong></span> <span class='ocrx_word' id='word_1_120' title='bbox 629 1849 671 1904; x_wconf 83' lang='lat' dir='ltr'><strong><em>aa</em></strong></span> <span class='ocrx_word' id='word_1_121' title='bbox 686 1851 829 1917; x_wconf 65' lang='lat' dir='ltr'><strong><em>panum,</em></strong></span> <span class='ocrx_word' id='word_1_122' title='bbox 850 1849 1007 1918; x_wconf 81' lang='lat' dir='ltr'><strong><em>quaedam</em></strong></span> <span class='ocrx_word' id='word_1_123' title='bbox 1028 1851 1134 1903; x_wconf 87' lang='lat' dir='ltr'><strong><em>autem</em></strong></span> <span class='ocrx_word' id='word_1_124' title='bbox 1155 1847 1300 1903; x_wconf 90' lang='lat' dir='ltr'><strong><em>lieetnon</em></strong></span> 
     </span>
     <span class='ocr_line' id='line_1_16' title="bbox 58 1947 1299 2017; baseline -0.002 -15"><span class='ocrx_word' id='word_1_125' title='bbox 58 1948 132 2002; x_wconf 85' lang='lat' dir='ltr'><strong><em>sint</em></strong></span> <span class='ocrx_word' id='word_1_126' title='bbox 136 1947 272 2016; x_wconf 75' lang='lat' dir='ltr'><strong><em>psalma</em></strong></span> <span class='ocrx_word' id='word_1_127' title='bbox 283 1948 474 2017; x_wconf 83' lang='lat' dir='ltr'><strong><em>adplenum,</em></strong></span> <span class='ocrx_word' id='word_1_128' title='bbox 487 1950 623 2002; x_wconf 85' lang='lat' dir='ltr'><strong><em>multum</em></strong></span> <span class='ocrx_word' id='word_1_129' title='bbox 643 1951 748 2002; x_wconf 91' lang='lat' dir='ltr'><strong><em>tamen</em></strong></span> <span class='ocrx_word' id='word_1_130' title='bbox 770 1948 1056 2003; x_wconf 85' lang='lat' dir='ltr'><strong><em>adminiculantur.</em></strong></span> <span class='ocrx_word' id='word_1_131' title='bbox 1072 1947 1201 2016; x_wconf 81' lang='lat' dir='ltr'><strong><em>Sequitur</em></strong></span> <span class='ocrx_word' id='word_1_132' title='bbox 1213 1948 1299 2002; x_wconf 86' lang='lat' dir='ltr'><strong><em>eonti-</em></strong></span> 
     </span>
     <span class='ocr_line' id='line_1_17' title="bbox 61 2047 896 2115; baseline -0.001 -13"><span class='ocrx_word' id='word_1_133' title='bbox 61 2062 124 2103; x_wconf 88' lang='lat' dir='ltr'><strong><em>uuo</em></strong></span> <span class='ocrx_word' id='word_1_134' title='bbox 137 2052 193 2102; x_wconf 87' lang='lat' dir='ltr'><strong><em>tota</em></strong></span> <span class='ocrx_word' id='word_1_135' title='bbox 206 2048 401 2103; x_wconf 86' lang='lat' dir='ltr'><strong><em>miraculorum</em></strong></span> <span class='ocrx_word' id='word_1_136' title='bbox 415 2048 509 2113; x_wconf 82' lang='lat' dir='ltr'><strong><em>series,</em></strong></span> <span class='ocrx_word' id='word_1_137' title='bbox 522 2061 585 2103; x_wconf 88' lang='lat' dir='ltr'><strong><em>cum</em></strong></span> <span class='ocrx_word' id='word_1_138' title='bbox 598 2047 711 2115; x_wconf 84' lang='lat' dir='ltr'><strong><em>adjectis</em></strong></span> <span class='ocrx_word' id='word_1_139' title='bbox 723 2048 896 2102; x_wconf 87' lang='lat' dir='ltr'><strong><em>testimoniis.</em></strong></span> 
     </span>
    </p>
   </div>
   <div class='ocr_carea' id='block_1_3' title="bbox 165 2145 1299 2374">
    <p class='ocr_par' dir='ltr' id='par_1_3' title="bbox 165 2145 1299 2374">
     <span class='ocr_line' id='line_1_18' title="bbox 165 2145 1299 2249; baseline -0.001 -25"><span class='ocrx_word' id='word_1_140' title='bbox 165 2147 209 2224; x_wconf 67' lang='lat'><strong><em>2⁰</em></strong></span> <span class='ocrx_word' id='word_1_141' title='bbox 235 2147 367 2226; x_wconf 86' lang='lat' dir='ltr'><strong><em>Testes</em></strong></span> <span class='ocrx_word' id='word_1_142' title='bbox 380 2146 563 2249; x_wconf 87' lang='lat' dir='ltr'><strong><em>producti</em></strong></span> <span class='ocrx_word' id='word_1_143' title='bbox 582 2171 700 2249; x_wconf 90' lang='lat' dir='ltr'><strong><em>super</em></strong></span> <span class='ocrx_word' id='word_1_144' title='bbox 713 2147 791 2227; x_wconf 87' lang='lat' dir='ltr'><strong><em>vita</em></strong></span> <span class='ocrx_word' id='word_1_145' title='bbox 805 2152 843 2225; x_wconf 89' lang='lat' dir='ltr'><strong><em>et</em></strong></span> <span class='ocrx_word' id='word_1_146' title='bbox 857 2145 1299 2226; x_wconf 87' lang='lat' dir='ltr'><strong><em>conversationedomni</em></strong></span> 
     </span>
     <span class='ocr_line' id='line_1_19' title="bbox 212 2270 1293 2374; baseline 0.001 -27"><span class='ocrx_word' id='word_1_147' title='bbox 212 2271 416 2374; x_wconf 87' lang='lat' dir='ltr'><strong><em>Philippi,</em></strong></span> <span class='ocrx_word' id='word_1_148' title='bbox 449 2271 651 2373; x_wconf 90' lang='lat' dir='ltr'><strong><em>quondam</em></strong></span> <span class='ocrx_word' id='word_1_149' title='bbox 694 2271 945 2352; x_wconf 88' lang='lat' dir='ltr'><strong><em>Biturieensis</em></strong></span> <span class='ocrx_word' id='word_1_150' title='bbox 976 2270 1293 2373; x_wconf 88' lang='lat' dir='ltr'><strong><em>archiepiscopi,</em></strong></span> 
     </span>
    </p>
   </div>
   <div class='ocr_carea' id='block_1_4' title="bbox 213 2394 1220 2497">
    <p class='ocr_par' dir='ltr' id='par_1_4' title="bbox 213 2394 1220 2497">
     <span class='ocr_line' id='line_1_20' title="bbox 213 2394 1220 2497; baseline 0.002 -25"><span class='ocrx_word' id='word_1_151' title='bbox 213 2400 419 2496; x_wconf 87' lang='lat' dir='ltr'><strong><em>parentum</em></strong></span> <span class='ocrx_word' id='word_1_152' title='bbox 438 2402 476 2474; x_wconf 90' lang='lat' dir='ltr'><strong><em>et</em></strong></span> <span class='ocrx_word' id='word_1_153' title='bbox 492 2396 789 2497; x_wconf 81' lang='lat' dir='ltr'><strong><em>progenitorum</em></strong></span> <span class='ocrx_word' id='word_1_154' title='bbox 806 2395 930 2496; x_wconf 91' lang='lat' dir='ltr'><strong><em>ipsius</em></strong></span> <span class='ocrx_word' id='word_1_155' title='bbox 947 2394 1024 2496; x_wconf 86' lang='lat' dir='ltr'><strong><em>(fol.</em></strong></span> <span class='ocrx_word' id='word_1_156' title='bbox 1045 2395 1220 2491; x_wconf 54' lang='lat' dir='ltr'><strong><em>eor-eet).</em></strong></span> 
     </span>
    </p>
   </div>
   <div class='ocr_carea' id='block_1_5' title="bbox 59 2526 1298 2892">
    <p class='ocr_par' dir='ltr' id='par_1_5' title="bbox 59 2526 1298 2892">
     <span class='ocr_line' id='line_1_21' title="bbox 98 2526 1297 2595; baseline 0.001 -15"><span class='ocrx_word' id='word_1_157' title='bbox 98 2526 237 2581; x_wconf 84' lang='lat' dir='ltr'><strong><em>Nonnulla</em></strong></span> <span class='ocrx_word' id='word_1_158' title='bbox 250 2528 314 2582; x_wconf 82' lang='lat' dir='ltr'><strong><em>tolia</em></strong></span> <span class='ocrx_word' id='word_1_159' title='bbox 331 2529 375 2582; x_wconf 82' lang='lat' dir='ltr'><strong><em>hic</em></strong></span> <span class='ocrx_word' id='word_1_160' title='bbox 393 2527 459 2582; x_wconf 87' lang='lat' dir='ltr'><strong><em>inde</em></strong></span> <span class='ocrx_word' id='word_1_161' title='bbox 470 2529 499 2581; x_wconf 94' lang='lat' dir='ltr'><strong><em>in</em></strong></span> <span class='ocrx_word' id='word_1_162' title='bbox 513 2530 564 2582; x_wconf 87' lang='lat' dir='ltr'><strong><em>hae</em></strong></span> <span class='ocrx_word' id='word_1_163' title='bbox 577 2533 655 2595; x_wconf 88' lang='lat' dir='ltr'><strong><em>parte</em></strong></span> <span class='ocrx_word' id='word_1_164' title='bbox 666 2528 768 2583; x_wconf 86' lang='lat' dir='ltr'><strong><em>codicis</em></strong></span> <span class='ocrx_word' id='word_1_165' title='bbox 790 2528 992 2583; x_wconf 82' lang='lat' dir='ltr'><strong><em>desiderantur.</em></strong></span> <span class='ocrx_word' id='word_1_166' title='bbox 1005 2531 1079 2582; x_wconf 88' lang='lat' dir='ltr'><strong><em>luter</em></strong></span> <span class='ocrx_word' id='word_1_167' title='bbox 1100 2533 1182 2582; x_wconf 88' lang='lat' dir='ltr'><strong><em>testes</em></strong></span> <span class='ocrx_word' id='word_1_168' title='bbox 1201 2528 1297 2582; x_wconf 86' lang='lat' dir='ltr'><strong><em>citatos</em></strong></span> 
     </span>
     <span class='ocr_line' id='line_1_22' title="bbox 60 2626 1298 2696; baseline 0.001 -15"><span class='ocrx_word' id='word_1_169' title='bbox 60 2628 422 2693; x_wconf 84' lang='lat' dir='ltr'><strong><em>comparentcubicuiarius</em></strong></span> <span class='ocrx_word' id='word_1_170' title='bbox 443 2629 649 2696; x_wconf 87' lang='lat' dir='ltr'><strong><em>archiepiscopi,</em></strong></span> <span class='ocrx_word' id='word_1_171' title='bbox 671 2627 793 2682; x_wconf 88' lang='lat' dir='ltr'><strong><em>decanus</em></strong></span> <span class='ocrx_word' id='word_1_172' title='bbox 810 2626 944 2682; x_wconf 88' lang='lat' dir='ltr'><strong><em>ecciesiae</em></strong></span> <span class='ocrx_word' id='word_1_173' title='bbox 964 2627 1153 2694; x_wconf 85' lang='lat' dir='ltr'><strong><em>Bituricensis,</em></strong></span> <span class='ocrx_word' id='word_1_174' title='bbox 1175 2628 1298 2682; x_wconf 85' lang='lat' dir='ltr'><strong><em>decanus</em></strong></span> 
     </span>
     <span class='ocr_line' id='line_1_23' title="bbox 59 2726 1298 2795; baseline 0 -14"><span class='ocrx_word' id='word_1_175' title='bbox 59 2726 200 2781; x_wconf 86' lang='lat' dir='ltr'><strong><em>eeclesiae</em></strong></span> <span class='ocrx_word' id='word_1_176' title='bbox 218 2729 316 2781; x_wconf 81' lang='lat' dir='ltr'><strong><em>Beatae</em></strong></span> <span class='ocrx_word' id='word_1_177' title='bbox 334 2726 446 2792; x_wconf 66' lang='lat' dir='ltr'><strong><em>uariae,</em></strong></span> <span class='ocrx_word' id='word_1_178' title='bbox 466 2729 542 2794; x_wconf 89' lang='lat' dir='ltr'><strong><em>prior</em></strong></span> <span class='ocrx_word' id='word_1_179' title='bbox 563 2728 597 2782; x_wconf 89' lang='lat' dir='ltr'><strong><em>de</em></strong></span> <span class='ocrx_word' id='word_1_180' title='bbox 613 2732 716 2794; x_wconf 80' lang='lat' dir='ltr'><strong><em>Mesua,</em></strong></span> <span class='ocrx_word' id='word_1_181' title='bbox 729 2727 949 2795; x_wconf 81' lang='lat' dir='ltr'><strong><em>archipresbyter</em></strong></span> <span class='ocrx_word' id='word_1_182' title='bbox 969 2728 1003 2781; x_wconf 90' lang='lat' dir='ltr'><strong><em>de</em></strong></span> <span class='ocrx_word' id='word_1_183' title='bbox 1020 2728 1202 2794; x_wconf 85' lang='lat' dir='ltr'><strong><em>corminiaco,</em></strong></span> <span class='ocrx_word' id='word_1_184' title='bbox 1224 2728 1298 2794; x_wconf 88' lang='lat' dir='ltr'><strong><em>prior</em></strong></span> 
     </span>
     <span class='ocr_line' id='line_1_24' title="bbox 61 2825 931 2892; baseline 0.001 -14"><span class='ocrx_word' id='word_1_185' title='bbox 61 2826 156 2878; x_wconf 86' lang='lat' dir='ltr'><strong><em>sancti</em></strong></span> <span class='ocrx_word' id='word_1_186' title='bbox 169 2825 274 2892; x_wconf 74' lang='lat' dir='ltr'><strong><em>Hilarii,</em></strong></span> <span class='ocrx_word' id='word_1_187' title='bbox 287 2833 383 2880; x_wconf 85' lang='lat' dir='ltr'><strong><em>cantor</em></strong></span> <span class='ocrx_word' id='word_1_188' title='bbox 394 2826 526 2880; x_wconf 86' lang='lat' dir='ltr'><strong><em>ecciesiae</em></strong></span> <span class='ocrx_word' id='word_1_189' title='bbox 538 2828 629 2880; x_wconf 84' lang='lat' dir='ltr'><strong><em>sancti</em></strong></span> <span class='ocrx_word' id='word_1_190' title='bbox 642 2827 731 2880; x_wconf 81' lang='lat' dir='ltr'><strong><em>Ursini</em></strong></span> <span class='ocrx_word' id='word_1_191' title='bbox 745 2826 931 2879; x_wconf 83' lang='lat' dir='ltr'><strong><em>Bituriceusis.</em></strong></span> 
     </span>
    </p>
   </div>
   <div class='ocr_carea' id='block_1_6' title="bbox 165 2921 1296 3151">
    <p class='ocr_par' dir='ltr' id='par_1_6' title="bbox 165 2921 1296 3151">
     <span class='ocr_line' id='line_1_25' title="bbox 165 2921 1296 3026; baseline 0.003 -28"><span class='ocrx_word' id='word_1_192' title='bbox 165 2921 205 2998; x_wconf 87' lang='lat'><strong><em>3⁰</em></strong></span> <span class='ocrx_word' id='word_1_193' title='bbox 230 2922 482 3024; x_wconf 86' lang='lat' dir='ltr'><strong><em>[Documenta</em></strong></span> <span class='ocrx_word' id='word_1_194' title='bbox 511 2924 726 3026; x_wconf 86' lang='lat' dir='ltr'><strong><em>spectantia</em></strong></span> <span class='ocrx_word' id='word_1_195' title='bbox 743 2923 802 3001; x_wconf 55' lang='lat' dir='ltr'><strong><em>adv</em></strong></span> <span class='ocrx_word' id='word_1_196' title='bbox 813 2923 1148 3002; x_wconf 86' lang='lat' dir='ltr'><strong><em>canonizationem</em></strong></span> <span class='ocrx_word' id='word_1_197' title='bbox 1174 2924 1296 3003; x_wconf 86' lang='lat' dir='ltr'><strong><em>sancti</em></strong></span> 
     </span>
     <span class='ocr_line' id='line_1_26' title="bbox 215 3048 1231 3151; baseline 0.004 -27"><span class='ocrx_word' id='word_1_198' title='bbox 215 3048 387 3126; x_wconf 89' lang='lat' dir='ltr'><strong><em>Thomae</em></strong></span> <span class='ocrx_word' id='word_1_199' title='bbox 404 3049 714 3127; x_wconf 87' lang='lat' dir='ltr'><strong><em>Herefordiensis</em></strong></span> <span class='ocrx_word' id='word_1_200' title='bbox 732 3048 919 3151; x_wconf 85' lang='lat' dir='ltr'><strong><em>episcopi]</em></strong></span> <span class='ocrx_word' id='word_1_201' title='bbox 938 3049 1018 3146; x_wconf 78' lang='lat' dir='ltr'><strong><em>(fol.</em></strong></span> <span class='ocrx_word' id='word_1_202' title='bbox 1039 3048 1231 3149; x_wconf 65' lang='lat' dir='ltr'><strong><em>eor-tien.</em></strong></span> 
     </span>
    </p>
   </div>
   <div class='ocr_carea' id='block_1_7' title="bbox 61 3180 1298 3646">
    <p class='ocr_par' dir='ltr' id='par_1_7' title="bbox 61 3180 1298 3646">
     <span class='ocr_line' id='line_1_27' title="bbox 100 3180 1298 3248; baseline 0.002 -14"><span class='ocrx_word' id='word_1_203' title='bbox 100 3180 341 3247; x_wconf 84' lang='lat' dir='ltr'><strong><em>Videliceta)(tot.</em></strong></span> <span class='ocrx_word' id='word_1_204' title='bbox 354 3182 612 3246; x_wconf 62' lang='lat' dir='ltr'><strong><em>susceptationem</em></strong></span> <span class='ocrx_word' id='word_1_205' title='bbox 633 3195 729 3235; x_wconf 89' lang='lat' dir='ltr'><strong><em>eorum</em></strong></span> <span class='ocrx_word' id='word_1_206' title='bbox 742 3181 776 3234; x_wconf 88' lang='lat' dir='ltr'><strong><em>de</em></strong></span> <span class='ocrx_word' id='word_1_207' title='bbox 797 3182 898 3248; x_wconf 81' lang='lat' dir='ltr'><strong><em>quihus</em></strong></span> <span class='ocrx_word' id='word_1_208' title='bbox 910 3181 1107 3248; x_wconf 85' lang='lat' dir='ltr'><strong><em>inquirendum</em></strong></span> <span class='ocrx_word' id='word_1_209' title='bbox 1119 3187 1178 3236; x_wconf 87' lang='lat' dir='ltr'><strong><em>erat</em></strong></span> <span class='ocrx_word' id='word_1_210' title='bbox 1195 3182 1224 3235; x_wconf 90' lang='lat' dir='ltr'><strong><em>in</em></strong></span> <span class='ocrx_word' id='word_1_211' title='bbox 1237 3196 1298 3248; x_wconf 90' lang='lat' dir='ltr'><strong><em>pro·</em></strong></span> 
     </span>
     <span class='ocr_line' id='line_1_28' title="bbox 64 3280 1298 3348; baseline 0.002 -15"><span class='ocrx_word' id='word_1_212' title='bbox 64 3293 146 3334; x_wconf 84' lang='lat' dir='ltr'><strong><em>sessu</em></strong></span> <span class='ocrx_word' id='word_1_213' title='bbox 166 3294 228 3334; x_wconf 90' lang='lat' dir='ltr'><strong><em>cum</em></strong></span> <span class='ocrx_word' id='word_1_214' title='bbox 249 3280 324 3334; x_wconf 85' lang='lat' dir='ltr'><strong><em>brevi</em></strong></span> <span class='ocrx_word' id='word_1_215' title='bbox 346 3281 504 3334; x_wconf 83' lang='lat' dir='ltr'><strong><em>narratione</em></strong></span> <span class='ocrx_word' id='word_1_216' title='bbox 526 3281 720 3335; x_wconf 84' lang='lat' dir='ltr'><strong><em>miraculorum</em></strong></span> <span class='ocrx_word' id='word_1_217' title='bbox 745 3281 840 3347; x_wconf 80' lang='lat' dir='ltr'><strong><em>viginti</em></strong></span> <span class='ocrx_word' id='word_1_218' title='bbox 861 3287 1104 3348; x_wconf 84' lang='lat' dir='ltr'><strong><em>septem,quorum</em></strong></span> <span class='ocrx_word' id='word_1_219' title='bbox 1125 3294 1242 3335; x_wconf 82' lang='lat' dir='ltr'><strong><em>examen</em></strong></span> <span class='ocrx_word' id='word_1_220' title='bbox 1261 3282 1298 3335; x_wconf 86' lang='lat' dir='ltr'><strong><em>ad</em></strong></span> 
     </span>
     <span class='ocr_line' id='line_1_29' title="bbox 61 3377 1297 3448; baseline 0.002 -17"><span class='ocrx_word' id='word_1_221' title='bbox 61 3378 169 3445; x_wconf 85' lang='lat' dir='ltr'><strong><em>judiees</em></strong></span> <span class='ocrx_word' id='word_1_222' title='bbox 181 3377 318 3448; x_wconf 79' lang='lat' dir='ltr'><strong><em>delegatos</em></strong></span> <span class='ocrx_word' id='word_1_223' title='bbox 329 3379 450 3432; x_wconf 88' lang='lat' dir='ltr'><strong><em>delatum</em></strong></span> <span class='ocrx_word' id='word_1_224' title='bbox 460 3383 518 3445; x_wconf 88' lang='lat' dir='ltr'><strong><em>est;</em></strong></span> <span class='ocrx_word' id='word_1_225' title='bbox 540 3378 567 3445; x_wconf 83' lang='lat' dir='ltr'><strong><em>b)</em></strong></span> <span class='ocrx_word' id='word_1_226' title='bbox 577 3379 634 3443; x_wconf 89' lang='lat' dir='ltr'><strong><em>(iol.</em></strong></span> <span class='ocrx_word' id='word_1_227' title='bbox 646 3380 772 3444; x_wconf 70' lang='lat' dir='ltr'><strong><em>tor-123¹)</em></strong></span> <span class='ocrx_word' id='word_1_228' title='bbox 781 3382 973 3448; x_wconf 75' lang='lat' dir='ltr'><strong><em>Fragmentum</em></strong></span> <span class='ocrx_word' id='word_1_229' title='bbox 981 3381 1144 3446; x_wconf 82' lang='lat' dir='ltr'><strong><em>acephalum</em></strong></span> <span class='ocrx_word' id='word_1_230' title='bbox 1154 3393 1297 3447; x_wconf 85' lang='lat' dir='ltr'><strong><em>processus</em></strong></span> 
     </span>
     <span class='ocr_line' id='line_1_30' title="bbox 65 3477 1294 3547; baseline 0.002 -16"><span class='ocrx_word' id='word_1_231' title='bbox 65 3479 100 3532; x_wconf 81' lang='lat' dir='ltr'><strong><em>tte</em></strong></span> <span class='ocrx_word' id='word_1_232' title='bbox 112 3477 261 3544; x_wconf 88' lang='lat' dir='ltr'><strong><em>miraculis,</em></strong></span> <span class='ocrx_word' id='word_1_233' title='bbox 274 3492 392 3546; x_wconf 87' lang='lat' dir='ltr'><strong><em>quorum</em></strong></span> <span class='ocrx_word' id='word_1_234' title='bbox 404 3478 537 3532; x_wconf 82' lang='lat' dir='ltr'><strong><em>nonnulla</em></strong></span> <span class='ocrx_word' id='word_1_235' title='bbox 558 3478 723 3532; x_wconf 89' lang='lat' dir='ltr'><strong><em>testimoniis</em></strong></span> <span class='ocrx_word' id='word_1_236' title='bbox 735 3479 911 3546; x_wconf 81' lang='lat' dir='ltr'><strong><em>comprobata</em></strong></span> <span class='ocrx_word' id='word_1_237' title='bbox 931 3484 1014 3545; x_wconf 82' lang='lat' dir='ltr'><strong><em>sunl3</em></strong></span> <span class='ocrx_word' id='word_1_238' title='bbox 1038 3480 1063 3544; x_wconf 89' lang='lat' dir='ltr'><strong><em>c)</em></strong></span> <span class='ocrx_word' id='word_1_239' title='bbox 1083 3479 1140 3544; x_wconf 85' lang='lat' dir='ltr'><strong><em>(iot.</em></strong></span> <span class='ocrx_word' id='word_1_240' title='bbox 1155 3481 1294 3547; x_wconf 67' lang='lat' dir='ltr'><strong><em>titt-tiit)</em></strong></span> 
     </span>
     <span class='ocr_line' id='line_1_31' title="bbox 66 3577 1137 3646; baseline 0.002 -15"><span class='ocrx_word' id='word_1_241' title='bbox 66 3581 258 3646; x_wconf 80' lang='lat' dir='ltr'><strong><em>Fragmentum</em></strong></span> <span class='ocrx_word' id='word_1_242' title='bbox 271 3577 432 3644; x_wconf 81' lang='lat' dir='ltr'><strong><em>acephalum</em></strong></span> <span class='ocrx_word' id='word_1_243' title='bbox 445 3589 591 3644; x_wconf 88' lang='lat' dir='ltr'><strong><em>processus</em></strong></span> <span class='ocrx_word' id='word_1_244' title='bbox 603 3578 638 3632; x_wconf 87' lang='lat' dir='ltr'><strong><em>de</em></strong></span> <span class='ocrx_word' id='word_1_245' title='bbox 649 3577 704 3632; x_wconf 82' lang='lat' dir='ltr'><strong><em>vita</em></strong></span> <span class='ocrx_word' id='word_1_246' title='bbox 717 3582 744 3630; x_wconf 86' lang='lat' dir='ltr'><strong><em>et</em></strong></span> <span class='ocrx_word' id='word_1_247' title='bbox 754 3579 963 3632; x_wconf 83' lang='lat' dir='ltr'><strong><em>conversatione</em></strong></span> <span class='ocrx_word' id='word_1_248' title='bbox 976 3578 1063 3632; x_wconf 88' lang='lat' dir='ltr'><strong><em>sancti</em></strong></span> <span class='ocrx_word' id='word_1_249' title='bbox 1076 3577 1137 3633; x_wconf 89' lang='lat' dir='ltr'><strong><em>viri.</em></strong></span> 
     </span>
    </p>
   </div>
   <div class='ocr_carea' id='block_1_8' title="bbox 267 4021 1095 4134">
    <p class='ocr_par' dir='ltr' id='par_1_8' title="bbox 267 4021 1095 4134">
     <span class='ocr_line' id='line_1_32' title="bbox 267 4021 1095 4134; baseline 0.005 -24"><span class='ocrx_word' id='word_1_250' title='bbox 267 4021 452 4113; x_wconf 74' lang='lat' dir='ltr'><strong><em>ooohvt</em></strong></span> <span class='ocrx_word' id='word_1_251' title='bbox 477 4022 602 4111; x_wconf 84' lang='lat' dir='ltr'><strong><em>Godex</em></strong></span> <span class='ocrx_word' id='word_1_252' title='bbox 623 4023 813 4134; x_wconf 81' lang='lat' dir='ltr'><strong><em>signatus</em></strong></span> <span class='ocrx_word' id='word_1_253' title='bbox 833 4048 946 4113; x_wconf 91' lang='lat' dir='ltr'><strong><em>num.</em></strong></span> <span class='ocrx_word' id='word_1_254' title='bbox 973 4023 1095 4114; x_wconf 82' lang='lat'><strong>5375.</strong></span> 
     </span>
    </p>
   </div>
   <div class='ocr_carea' id='block_1_9' title="bbox 54 4232 1298 4702">
    <p class='ocr_par' dir='ltr' id='par_1_9' title="bbox 54 4232 1298 4702">
     <span class='ocr_line' id='line_1_33' title="bbox 99 4232 1298 4301; baseline 0.003 -16"><span class='ocrx_word' id='word_1_255' title='bbox 99 4232 169 4286; x_wconf 84' lang='lat' dir='ltr'><strong><em>olim</em></strong></span> <span class='ocrx_word' id='word_1_256' title='bbox 183 4251 194 4283; x_wconf 84' lang='lat' dir='ltr'><strong><em>r</em></strong></span> <span class='ocrx_word' id='word_1_257' title='bbox 210 4234 368 4288; x_wconf 89' lang='lat' dir='ltr'><strong><em>monasterii</em></strong></span> <span class='ocrx_word' id='word_1_258' title='bbox 380 4235 597 4288; x_wconf 78' lang='lat' dir='ltr'><strong><em>coelestinorum</em></strong></span> <span class='ocrx_word' id='word_1_259' title='bbox 618 4234 653 4287; x_wconf 85' lang='lat' dir='ltr'><strong><em>de</em></strong></span> <span class='ocrx_word' id='word_1_260' title='bbox 665 4234 804 4288; x_wconf 70' lang='lat' dir='ltr'><strong><em>avenione</em></strong></span> <span class='ocrx_word' id='word_1_261' title='bbox 819 4251 829 4284; x_wconf 74' lang='grc' dir='ltr'><strong>ι</strong></span> <span class='ocrx_word' id='word_1_262' title='bbox 843 4235 899 4301; x_wconf 89' lang='lat' dir='ltr'><strong><em>(tol.</em></strong></span> <span class='ocrx_word' id='word_1_263' title='bbox 921 4237 998 4301; x_wconf 72' lang='lat' dir='ltr'><strong><em>trev),</em></strong></span> <span class='ocrx_word' id='word_1_264' title='bbox 1012 4235 1113 4290; x_wconf 87' lang='lat' dir='ltr'><strong><em>deinde</em></strong></span> <span class='ocrx_word' id='word_1_265' title='bbox 1125 4235 1298 4290; x_wconf 81' lang='lat' dir='ltr'><strong><em>Coihertinus</em></strong></span> 
     </span>
     <span class='ocr_line' id='line_1_34' title="bbox 65 4333 569 4400; baseline -0.002 -14"><span class='ocrx_word' id='word_1_266' title='bbox 65 4335 141 4398; x_wconf 76' lang='lat' dir='ltr'><strong><em>iiiii,</em></strong></span> <span class='ocrx_word' id='word_1_267' title='bbox 155 4337 250 4399; x_wconf 89' lang='lat' dir='ltr'><strong><em>postea</em></strong></span> <span class='ocrx_word' id='word_1_268' title='bbox 262 4333 362 4400; x_wconf 81' lang='lat' dir='ltr'><strong><em>Regius</em></strong></span> <span class='ocrx_word' id='word_1_269' title='bbox 374 4335 402 4385; x_wconf 84' lang='lat' dir='ltr'><strong><em>G.</em></strong></span> <span class='ocrx_word' id='word_1_270' title='bbox 416 4335 491 4385; x_wconf 74' lang='lat' dir='ltr'><strong><em>tito.</em></strong></span> <span class='ocrx_word' id='word_1_271' title='bbox 507 4335 530 4385; x_wconf 90' lang='lat' dir='ltr'><strong><em>i.</em></strong></span> <span class='ocrx_word' id='word_1_272' title='bbox 546 4335 569 4385; x_wconf 89' lang='lat' dir='ltr'><strong><em>i.</em></strong></span> 
     </span>
     <span class='ocr_line' id='line_1_35' title="bbox 54 4431 1296 4504; baseline 0.003 -20"><span class='ocrx_word' id='word_1_273' title='bbox 54 4488 63 4504; x_wconf 57' lang='lat'>‚</span> <span class='ocrx_word' id='word_1_274' title='bbox 99 4434 137 4484; x_wconf 79' lang='lat' dir='ltr'><strong><em>iix</em></strong></span> <span class='ocrx_word' id='word_1_275' title='bbox 156 4431 272 4484; x_wconf 81' lang='lat' dir='ltr'><strong><em>dirersis</em></strong></span> <span class='ocrx_word' id='word_1_276' title='bbox 292 4431 434 4485; x_wconf 83' lang='lat' dir='ltr'><strong><em>codicibus</em></strong></span> <span class='ocrx_word' id='word_1_277' title='bbox 455 4436 621 4499; x_wconf 87' lang='lat' dir='ltr'><strong><em>compactus,</em></strong></span> <span class='ocrx_word' id='word_1_278' title='bbox 643 4432 772 4486; x_wconf 77' lang='lat' dir='ltr'><strong><em>sotiorum</em></strong></span> <span class='ocrx_word' id='word_1_279' title='bbox 792 4433 906 4486; x_wconf 91' lang='lat' dir='ltr'><strong><em>omnino</em></strong></span> <span class='ocrx_word' id='word_1_280' title='bbox 928 4435 985 4499; x_wconf 73' lang='lat' dir='ltr'><strong><em>tii,</em></strong></span> <span class='ocrx_word' id='word_1_281' title='bbox 1007 4432 1080 4486; x_wconf 88' lang='lat' dir='ltr'><strong><em>med.</em></strong></span> <span class='ocrx_word' id='word_1_282' title='bbox 1102 4434 1296 4500; x_wconf 53' lang='grc' dir='ltr'><strong><em>(0111ρΞκοβῆ</em></strong></span> 
     </span>
     <span class='ocr_line' id='line_1_36' title="bbox 63 4531 1298 4599; baseline 0.001 -13"><span class='ocrx_word' id='word_1_283' title='bbox 63 4531 162 4586; x_wconf 87' lang='lat' dir='ltr'><strong><em>ultima</em></strong></span> <span class='ocrx_word' id='word_1_284' title='bbox 170 4542 235 4584; x_wconf 91' lang='lat' dir='ltr'><strong><em>vero</em></strong></span> <span class='ocrx_word' id='word_1_285' title='bbox 248 4531 312 4584; x_wconf 87' lang='lat' dir='ltr'><strong><em>tolia</em></strong></span> <span class='ocrx_word' id='word_1_286' title='bbox 323 4531 404 4596; x_wconf 87' lang='lat' dir='ltr'><strong><em>paulo</em></strong></span> <span class='ocrx_word' id='word_1_287' title='bbox 413 4531 539 4596; x_wconf 88' lang='lat' dir='ltr'><strong><em>minora),</em></strong></span> <span class='ocrx_word' id='word_1_288' title='bbox 549 4531 631 4584; x_wconf 88' lang='lat' dir='ltr'><strong><em>tineis</em></strong></span> <span class='ocrx_word' id='word_1_289' title='bbox 640 4531 739 4599; x_wconf 86' lang='lat' dir='ltr'><strong><em>plenis,</em></strong></span> <span class='ocrx_word' id='word_1_290' title='bbox 751 4538 880 4585; x_wconf 83' lang='lat' dir='ltr'><strong><em>exaratus</em></strong></span> <span class='ocrx_word' id='word_1_291' title='bbox 891 4531 1009 4585; x_wconf 86' lang='lat' dir='ltr'><strong><em>diversis</em></strong></span> <span class='ocrx_word' id='word_1_292' title='bbox 1018 4533 1147 4588; x_wconf 81' lang='lat' dir='ltr'><strong><em>manibus</em></strong></span> <span class='ocrx_word' id='word_1_293' title='bbox 1159 4548 1228 4587; x_wconf 87' lang='lat' dir='ltr'><strong><em>saec.</em></strong></span> <span class='ocrx_word' id='word_1_294' title='bbox 1243 4536 1298 4590; x_wconf 83' lang='lat' dir='ltr'><strong><em>xiv</em></strong></span> 
     </span>
     <span class='ocr_line' id='line_1_37' title="bbox 60 4630 807 4702; baseline -0.001 -20"><span class='ocrx_word' id='word_1_295' title='bbox 60 4631 122 4701; x_wconf 84' lang='lat' dir='ltr'><strong><em>(tol.</em></strong></span> <span class='ocrx_word' id='word_1_296' title='bbox 136 4631 239 4694; x_wconf 65' lang='lat' dir='ltr'><strong><em>attii)</em></strong></span> <span class='ocrx_word' id='word_1_297' title='bbox 251 4637 278 4684; x_wconf 86' lang='lat' dir='ltr'><strong><em>ot</em></strong></span> <span class='ocrx_word' id='word_1_298' title='bbox 289 4643 362 4689; x_wconf 88' lang='lat' dir='ltr'><strong><em>saec.</em></strong></span> <span class='ocrx_word' id='word_1_299' title='bbox 376 4632 416 4682; x_wconf 80' lang='lat' dir='ltr'><strong><em>xv</em></strong></span> <span class='ocrx_word' id='word_1_300' title='bbox 428 4630 485 4696; x_wconf 87' lang='lat' dir='ltr'><strong><em>(iot.</em></strong></span> <span class='ocrx_word' id='word_1_301' title='bbox 501 4632 560 4684; x_wconf 74' lang='lat' dir='ltr'><strong><em>ote</em></strong></span> <span class='ocrx_word' id='word_1_302' title='bbox 574 4637 603 4693; x_wconf 84' lang='lat' dir='ltr'><strong><em>et</em></strong></span> <span class='ocrx_word' id='word_1_303' title='bbox 614 4631 660 4685; x_wconf 86' lang='lat' dir='ltr'><strong><em>iol.</em></strong></span> <span class='ocrx_word' id='word_1_304' title='bbox 676 4632 807 4702; x_wconf 62' lang='lat' dir='ltr'><strong><em>tantm).</em></strong></span> 
     </span>
    </p>
   </div>
   <div class='ocr_carea' id='block_1_10' title="bbox 0 0 1662 5482">
    <p class='ocr_par' dir='ltr' id='par_1_10' title="bbox 0 0 1662 5482">
     <span class='ocr_line' id='line_1_38' title="bbox 0 0 1662 5482; baseline 0 1"><span class='ocrx_word' id='word_1_305' title='bbox 0 0 1662 5482; x_wconf 95' lang='lat' dir='ltr'><strong><em> </em></strong></span> 
     </span>
    </p>
   </div>
  </div>
 </body>
</html>
