3316 5482
440 377 533 428 eren.
552 377 635 428 nar.
654 378 770 429 eante.
791 397 835 410 -
849 379 1004 428 anenno.
1024 377 1072 427 ab
1088 379 1166 428 con.
1184 376 1260 428 5594.
1409 363 1471 430 501

241 545 313 599 eulis
334 547 394 612 ejus
417 545 660 599 intercessionibus
681 545 847 599 creberrime
861 545 972 612 patratis
992 544 1089 598 saltem
1103 543 1262 597 annotando
1283 543 1474 608 scriptitarem,

243 645 402 699 instabilem
424 646 700 714 cunctabundamqne
721 651 851 710 mentem,
866 657 941 697 nunc
961 644 1055 720 inhoc
1076 643 1191 696 nuncin
1213 641 1281 694 illud
1302 643 1474 708 partientem,

243 745 287 796 vix
301 744 410 798 tandem
432 745 460 797 in
473 758 535 798 sese
552 757 601 811 pro
623 758 704 812 posse
715 745 848 809 contrari,
863 749 993 811 reputans
1014 742 1087 810 quod
1100 748 1153 795 tam
1175 742 1312 794 caritativa
1331 747 1474 810 rogantum

244 843 375 895 instantia
397 844 567 897 aeonditore
589 843 680 897 forsan
703 845 838 897 luminum
860 843 1024 910 principium
1047 847 1166 908 caperet,
1179 840 1257 908 sique
1280 842 1350 894 hanc
1361 841 1474 894 omnino

207 945 226 998 5
243 944 387 1005 reicerem,
399 942 508 996 debitus
521 942 643 1009 ejusdem
657 945 750 1012 patris,
760 944 838 1010 cujus
849 942 884 995 ad
897 955 994 996 urnam
1007 941 1106 995 cotidie
1115 942 1221 1005 assisto,
1236 940 1375 1008 neglectus
1387 941 1473 992 famu·

241 1044 314 1095 latus
325 1056 388 1096 oum
406 1043 587 1119 refragatione
608 1056 721 1109 precum
734 1043 849 1096 fratrum
870 1056 914 1095 me
931 1042 960 1093 in
982 1042 1026 1094 die
1047 1041 1154 1094 bomini
1167 1054 1244 1094 reum
1264 1039 1471 1105 constringeret.

241 1143 329 1195 Porro
341 1145 433 1195 antem
442 1143 499 1208 iam
520 1141 554 1194 ad
572 1143 721 1210 digerenda
737 1155 852 1209 eaquae
872 1154 951 1194 mens
963 1140 996 1193 ad
1018 1142 1084 1193 haec
1105 1145 1258 1206 opportuna
1272 1138 1471 1204 praetenderet,

240 1247 304 1307 post
315 1247 421 1308 tergum
434 1241 574 1307 paululum
589 1240 729 1295 recondito
742 1241 894 1308 imperitiae
908 1239 1022 1308 pudore,
1036 1254 1067 1293 ex
1081 1240 1186 1306 integro
1199 1240 1233 1292 de
1246 1251 1279 1292 eo
1293 1250 1472 1304 praesumens

240 1342 321 1407 cujus
332 1340 365 1394 ad
379 1348 476 1394 nutum
488 1342 627 1408 quondam
648 1343 716 1395 silex
728 1340 823 1395 effudit
844 1340 961 1406 laticem,
976 1345 1077 1393 memet
1096 1353 1248 1407 coegeram,
1262 1352 1325 1391 oum
1346 1338 1380 1391 ab
1398 1339 1472 1390 intus

187 1442 221 1495 lt)
239 1441 378 1508 suggestio
391 1441 547 1508 hujusmodi
569 1455 712 1509 emergens
726 1442 826 1505 innuit,
840 1440 925 1493 satius
938 1453 998 1492 esse
1009 1446 1085 1491 actns
1095 1440 1151 1504 jam
1165 1439 1277 1505 praefati
1298 1439 1393 1504 patris,
1405 1438 1470 1491 olim

238 1542 338 1595 litteris
358 1542 485 1605 insertos,
507 1555 522 1594 e
544 1555 629 1596 caeno
650 1542 822 1608 abjectionis,
844 1553 927 1607 quam
948 1543 995 1593 aut
1018 1537 1125 1591 inscitia
1151 1538 1279 1592 dictantis
1298 1545 1346 1591 aut
1366 1539 1471 1591 incuria

236 1641 390 1706 exceptoris
403 1641 588 1707 incurrerunt,
599 1640 757 1694 abstrahere
770 1653 937 1707 sensumque
950 1639 1034 1692 nimia
1052 1640 1214 1693 confusione
1232 1639 1367 1691 irretitum
1390 1637 1471 1691 eluci·

237 1740 306 1792 dare
316 1745 399 1807 atque
412 1742 564 1808 propalare.
576 1741 616 1795 ild
628 1743 693 1794 baec
705 1755 801 1808 parum
812 1740 914 1807 perflxo
925 1739 1012 1808 gradu
1024 1740 1160 1806 pendulus
1171 1739 1371 1806 suspendebar,
1381 1738 1471 1792 donec

235 1838 351 1905 speculo
360 1839 474 1894 libratae
482 1841 594 1895 rationis
603 1843 629 1895 id
640 1837 913 1894 mavimeconsonum
922 1840 1142 1894 animadversum
1153 1845 1203 1903 est,
1214 1839 1345 1906 quoniam
1356 1837 1467 1905 quidem

187 1941 219 1994 lb
236 1940 466 1994 absurdissimum
481 1942 568 2008 liquet
577 1942 681 1994 exilum
691 1943 824 2008 cuiusque
837 1941 876 1993 rei
888 1941 970 1994 variis
982 1939 1225 2006 compositionibus
1238 1939 1369 2002 redimiri,
1380 1939 1470 1993 fronte

236 2039 328 2094 aditus
340 2040 456 2093 deformi
477 2041 612 2109 neglecto.
636 2043 703 2093 liino
723 2054 787 2108 ergo
808 2041 981 2107 propensius,
995 2040 1082 2092 faetus
1101 2039 1222 2104 hilarior,
1245 2052 1303 2092 rem
1326 2039 1466 2105 antiquam

237 2140 352 2205 recenti,
365 2144 396 2192 ut
404 2140 490 2205 aiunt,
501 2140 601 2193 incude
614 2154 745 2195 renovare
754 2141 884 2209 gestiens,
896 2140 1011 2192 multum
1022 2138 1194 2192 commodum
1205 2138 1358 2205 legentibus
1367 2136 1465 2192 afferre

236 2237 418 2304 deprehendi,
438 2238 504 2292 dum
523 2252 555 2292 ea
576 2253 606 2292 re
627 2240 773 2306 praecipue
794 2240 978 2306 assignabitur
998 2239 1093 2291 victrix
1112 2236 1270 2291 sufferentia
1289 2237 1465 2305 virginitasve

238 2335 346 2399 dorida,
359 2350 429 2404 quae
442 2343 575 2404 utraeque
587 2351 631 2392 res
643 2351 704 2390 raro
716 2338 799 2391 simul
813 2339 996 2404 reperiuntur,
1010 2337 1053 2390 vix
1073 2336 1210 2390 interdum
1226 2338 1332 2390 habitae
1344 2337 1466 2390 retinen·

187 2438 219 2492 20
236 2442 293 2499 tur,
307 2436 380 2490 dieto
392 2436 473 2490 eitius
485 2439 659 2502 amittuntur,
672 2451 726 2505 qno
748 2438 858 2491 foedere
871 2442 1078 2490 conserventur.
1092 2438 1119 2490 si
1139 2449 1204 2489 vero
1222 2436 1378 2503 quisquam,
1391 2434 1464 2501 quod

236 2549 301 2589 reor
319 2536 455 2602 perfacile,
475 2538 524 2591 hos
545 2543 659 2591 conatus
677 2551 752 2591 meos
771 2538 861 2590 lividis
882 2537 1081 2602 contemplatur
1097 2536 1201 2603 ocellis,
1218 2535 1338 2589 irrisoris
1354 2534 1465 2587 arbitris

234 2648 313 2688 more
325 2635 519 2689 subsannando
533 2641 666 2702 proponat
678 2636 850 2691 intolerabile
863 2636 921 2689 fore
935 2639 1027 2688 tantae
1040 2635 1190 2688 nobilitatis
1203 2635 1344 2687 materiam
1358 2634 1464 2688 tantillo

232 2735 398 2788 homuncio·
420 2735 594 2802 impudenter
613 2749 756 2803 occupare,
770 2749 853 2802 quem
876 2735 968 2788 nullus
988 2735 1111 2789 urbanae
1133 2735 1209 2801 lepor
1231 2734 1403 2801 eloquentiae
1424 2734 1458 2786 ab
1522 2749 1531 2767 ·
1568 2747 1574 2759 ·

233 2834 402 2902 ignobilitate
426 2848 474 2888 sua
495 2836 642 2903 aliqnando
663 2837 820 2898 excusserit,
841 2837 964 2890 attendat
985 2849 1028 2889 me
1049 2837 1130 2903 paulo
1150 2843 1214 2890 ante
1226 2837 1328 2889 fassum
1348 2837 1462 2888 fmtrum

187 2911 224 2987 lh¹
233 2947 316 3000 prece
329 2947 360 2987 ac
372 2935 520 2988 beatissimi
533 2937 582 2987 riri
595 2937 730 3004 lligomeri
743 2949 835 2989 amore
853 2935 886 2989 ad
901 2938 953 2990 hoo
967 2937 1126 3002 propulsum
1140 2953 1146 2989 :
1160 2936 1215 2988 illis
1233 2935 1368 3002 siquidem
1381 2934 1463 2988 obse-

232 3034 340 3100 quium,
354 3035 416 3087 huic
428 3042 501 3088 certe
511 3036 670 3089 famulatum
679 3035 776 3097 debeo,
788 3040 814 3088 et
825 3037 955 3102 quamdiu
965 3037 1132 3089 exteriorem
1144 3037 1258 3090 interior
1266 3036 1347 3089 homo
1361 3035 1461 3100 incolo,

232 3133 301 3199 quin
313 3131 416 3199 aliquid
437 3140 543 3200 gratum
564 3134 626 3201 illis,
641 3134 707 3187 utile
730 3135 830 3194 multis,
850 3135 986 3201 experiar,
1008 3135 1075 3188 mihi
1093 3136 1191 3201 iubere
1213 3149 1318 3189 recuso.
1342 3136 1418 3200 Quod
1439 3138 1462 3190 si

232 3231 331 3285 felleus
345 3245 443 3285 mneor
467 3234 509 3285 his
522 3234 634 3287 minime
655 3235 841 3302 complanatus
853 3235 986 3302 gmnnire
1006 3235 1143 3300 desiverit,
1157 3236 1241 3288 altum
1261 3250 1372 3289 carmen
1385 3237 1464 3304 syllo-

231 3334 334 3402 gisticis
347 3334 478 3388 nodatum
499 3335 632 3402 plectibus
646 3338 731 3389 multa
753 3350 801 3403 per
812 3337 950 3389 volumina
972 3342 1094 3404 evomat3
1109 3338 1144 3389 sit
1165 3337 1292 3390 subtilior
1310 3350 1390 3403 prosa
1403 3341 1463 3392 bac-

187 3435 214 3487 lo
232 3433 330 3499 lontio,
345 3431 459 3486 historia
479 3434 643 3502 hegesippo,
656 3449 740 3488 versu
761 3439 887 3489 llomero.
911 3438 974 3490 Esto
997 3453 1004 3488 ι
1027 3443 1054 3489 et
1076 3436 1142 3503 quid
1156 3436 1189 3490 all
1211 3450 1272 3504 nos,
1290 3438 1312 3490 si
1334 3438 1460 3493 benevoli

231 3532 369 3585 sociabilis
380 3533 503 3599 plausus,
517 3534 635 3587 luridum
649 3548 774 3588 murmur
786 3536 808 3587 si
821 3536 920 3588 aemuli
934 3536 1087 3588 fuerimus?

264 3632 296 3684 3.
316 3633 386 3685 llaec
400 3633 509 3686 interim
527 3635 681 3688 necessario
703 3635 848 3700 superfluis
861 3635 1027 3701 pedetentim
1049 3637 1191 3689 latratibus
1211 3638 1326 3705 objecta,
1340 3643 1460 3692 ceterum

228 3730 316 3796 vobis,
330 3744 346 3784 o
359 3732 468 3798 praesul
483 3733 588 3786 bomini
600 3733 771 3799 Goderanne,
784 3735 827 3786 cui
839 3735 955 3801 ineptias
968 3747 1042 3788 meas
1055 3735 1159 3789 referre
1172 3737 1256 3801 soleo,
1273 3743 1364 3790 certus
1376 3752 1459 3805 quan-

228 3836 286 3884 tum
308 3830 343 3884 de
365 3831 544 3897 probitatibus
564 3834 639 3886 cordi
661 3841 752 3887 vestro
771 3834 838 3887 assit
859 3834 996 3900 jubilum,
1015 3835 1110 3901 vobis,
1131 3837 1263 3903 inquam,
1282 3838 1331 3890 has
1352 3838 1459 3907 frugum

187 3931 210 3986 5
227 3943 352 3984 mearum
366 3933 500 3998 perexiles
519 3933 651 3999 primitias
666 3933 772 3999 dedico,
786 3935 916 4000 quatinus
928 3934 1067 3988 excellens
1088 3936 1233 4000 prudentia
1254 3943 1341 3991 vestra
1355 3939 1458 3993 hiantia

230 4029 367 4096 suppleat,
377 4029 489 4082 modum
500 4032 658 4084 excedentia
672 4032 742 4085 infra
752 4045 888 4099 congruos
900 4032 1001 4086 limites
1010 4033 1101 4099 abdat,
1112 4041 1277 4101 opportune,
1287 4038 1310 4089 si
1319 4050 1372 4105 qua
1385 4045 1458 4105 sunt,

227 4130 334 4196 prolata
346 4130 500 4183 roborando
509 4131 637 4197 assignet,
649 4146 703 4199 quo
714 4133 781 4184 tanti
791 4146 840 4198 per
853 4132 1001 4185 sacerdotis
1009 4146 1107 4186 manus
1117 4136 1186 4201 patri
1197 4136 1294 4190 libatae
1304 4138 1457 4203 spirituum,

225 4229 342 4283 liberior
354 4229 493 4292 exordiar,
501 4231 638 4309 ¹ltigomeri
652 4232 769 4285 athletae
778 4233 874 4284 Christi
889 4232 934 4284 liei
948 4238 973 4284 et
988 4235 1094 4286 bomini
1108 4237 1193 4289 nostri
1205 4237 1308 4289 meritis
1322 4251 1352 4289 ac
1363 4239 1458 4291 vestris

224 4328 380 4397 opitulatus
392 4326 537 4397 suffragiis,
551 4344 669 4397 sequens
681 4332 852 4397 opuseulum.
868 4331 1019 4396 Explicit.
