3316 5482
276 359 370 410 amn.
389 359 473 411 nar.
493 359 609 410 rums.
629 377 671 389 —
688 359 841 409 naason.
859 361 907 410 uo
924 361 1001 411 ooo.
1021 358 1096 410 saro.
1239 347 1303 414 109

10 522 14 601 ζ
104 529 201 582 sulam
210 529 347 598 reddere,
361 529 435 582 dum
447 528 576 596 impune
587 527 642 585 boc
653 527 734 582 mr'bi
745 528 838 583 liceat
849 541 950 597 apere.
961 532 992 583 lit
1004 531 1129 597 exposuit
1139 530 1193 584 illis
1206 531 1302 585 ordine

10 676 12 689 Ι
104 618 214 686 quomodo
224 634 326 688 equum
338 621 441 683 tulerit,
454 625 482 673 et
492 619 736 687 quemadmodum,
750 634 813 673 cum
834 621 893 687 ipso
913 622 1009 674 urbem
1031 635 1113 689 saepe
1130 623 1203 676 visus
1215 623 1299 688 exire,

103 719 208 772 utouitus
216 725 241 772 et
251 719 378 772 turbatus
389 718 552 785 nequiverit.
565 720 622 782 Quo
635 718 737 782 audito,
755 718 848 771 clerici
858 719 914 784 jam
926 718 961 772 de
970 720 1031 786 ipso
1041 720 1178 786 judicasse
1189 721 1299 774 beatum

104 816 209 871 lliiarium
218 817 402 885 perpendunt,
415 831 468 872 nec
479 817 597 884 amplius
609 817 723 870 alterius
735 819 876 883 potestatis
885 818 989 885 judicio
1011 820 1119 873 tradere
1139 821 1206 886 ausi,
1227 834 1297 887 equo

71 917 192 982 sreoepto
200 917 283 970 iurem
296 918 461 983 impunitum
473 917 647 970 dimiserunt.
660 917 709 981 Qui
722 918 848 982 protinus
860 931 894 970 ox
905 918 974 970 urbo
983 918 1224 987 aufugiens,quam
1233 934 1294 973 cum

101 1027 162 1082 equo
170 1030 216 1071 non
227 1025 341 1087 poterat,
363 1030 397 1071 co
417 1019 544 1071 restituto
562 1017 689 1071 velociter
710 1021 750 1069 est
770 1030 905 1085 egressus,
927 1021 954 1070 et
975 1019 1136 1084 perterritus
1158 1020 1192 1073 de
1218 1020 1299 1083 iacto,

102 1126 225 1184 nunqram
236 1117 270 1171 ad
286 1119 385 1170 urbem
397 1117 528 1182 deinceps
540 1121 580 1169 est
593 1130 718 1170 reversus
730 1131 737 1168 :
748 1118 822 1169 unde
843 1122 967 1183 patenter
988 1117 1069 1170 datur
1089 1118 1203 1186 intelligi
1222 1119 1296 1186 quod

101 1213 174 1278 ipsum
182 1217 269 1271 boatus
281 1217 400 1271 Hilarius
411 1230 474 1271 cum
486 1228 557 1284 equo
569 1216 622 1270 sibl
635 1217 781 1270 commisso
794 1217 892 1270 urbem
905 1217 948 1270 cui
962 1223 1067 1283 praeest
1079 1217 1157 1271 exire
1170 1232 1226 1272 non
1239 1233 1299 1286 per-

101 1316 261 1386 miserit‚quia
273 1332 306 1373 eo
319 1317 435 1383 reddito,
448 1319 521 1385 quod
534 1323 598 1371 ante
610 1330 666 1372 nou
679 1318 802 1384 licuerat,
815 1319 905 1371 statim
919 1320 1064 1373 concessit.
1078 1322 1098 1371 0
1113 1320 1220 1374 tidelem
1233 1335 1299 1388 pon·

52 1409 88 1462 ¹⁰
100 1413 189 1484 riou,
200 1421 240 1474 cai
252 1433 309 1474 non
322 1420 388 1474 satis
399 1419 450 1473 luit
461 1432 564 1486 equum
577 1419 629 1472 sibi
642 1420 819 1472 commissum
833 1425 860 1472 et
872 1419 990 1473 iuratum
1004 1419 1198 1486 quoquomodo
1221 1421 1302 1479 resti-

99 1516 220 1584 meranisi
232 1525 259 1573 et
268 1521 361 1586 ipsum
377 1520 466 1573 iurem
487 1532 537 1585 per
555 1532 584 1571 se
596 1522 704 1585 cogeret
716 1517 840 1578 reddere.
854 1525 881 1572 et
897 1519 1072 1572 consessione
1083 1532 1114 1572 ac
1127 1520 1298 1574 restitutione

99 1611 151 1666 torti
160 1616 245 1673 delicto
256 1620 420 1673 mundatum
434 1618 546 1685 impune
558 1618 682 1684 permisit
694 1618 781 1671 abire.

10 1810 14 1875 l
134 1816 175 1876 llo
184 1817 389 1880 mdentibus
401 1833 467 1891 per
480 1819 627 1880 beatum
640 1817 822 1878 Hilarium
832 1817 1050 1879 multimodis
1063 1818 1242 1881 abactis.

127 2004 152 2060 8.
162 2009 219 2065 iilud
231 2014 312 2067 etiam
325 2013 438 2066 omnino
450 2013 598 2080 gloriosum
611 2017 638 2065 et
653 2011 814 2065 admirabile
836 2013 960 2065 moderni
985 2014 1114 2079 temporis
1136 2014 1298 2068 miraculum

39 2144 45 2153 .
60 2100 89 2153 lo
102 2114 147 2157 oon
156 2111 197 2163 sub
207 2112 312 2167 silentio
324 2119 366 2166 cst
378 2112 534 2180 tegendum,
548 2111 576 2164 in
589 2124 644 2177 quo
658 2125 714 2164 non
726 2112 774 2164 uni
787 2111 877 2164 solum
890 2111 993 2165 bomini
1007 2113 1054 2165 sed
1066 2113 1216 2167 immensae
1229 2114 1298 2167 mul·

102 2200 190 2261 titudiui
198 2225 242 2278 per
252 2214 363 2266 beatum
386 2212 518 2264 Hilarium
540 2215 580 2264 est
599 2211 773 2275 subventum,
795 2217 821 2265 et
839 2210 1003 2278 jampridem
1024 2218 1161 2278 coeptum,
1175 2212 1299 2281 ejusdem

101 2306 168 2358 modi
178 2312 272 2365 meritis
284 2312 414 2379 usquein
427 2310 499 2364 diem
510 2317 665 2379 perseverat
677 2311 852 2364 hodiernum.
864 2311 1109 2365 crebrescentibus
1121 2313 1194 2366 enim
1216 2314 1297 2387 malis

101 2397 214 2464 bominum
223 2412 280 2479 jam
292 2412 321 2463 iu
335 2410 389 2464 line
400 2411 575 2464 saeculorum
586 2418 614 2464 et
636 2411 752 2477 peccatis
773 2410 951 2475 irruentibus,
975 2424 1037 2464 cum
1046 2413 1103 2478 jam
1122 2424 1177 2465 nou
1192 2410 1226 2464 ad
1239 2425 1298 2467 cor·

101 2502 220 2563 rtalionem
231 2511 280 2564 sed
296 2509 331 2563 ad
343 2510 476 2564 ultionem
489 2515 683 2577 provocaretur
703 2513 783 2573 bous,
806 2511 1045 2564 animadversione
1066 2512 1158 2565 divina
1178 2512 1248 2579 ignis
1266 2527 1298 2566 ex

60 2594 89 2646 ω
101 2596 168 2667 “⁸¹⁰2
178 2610 237 2674 quin
246 2622 279 2663 ex
291 2608 400 2662 inferno
412 2610 497 2672 venit,
511 2615 538 2661 et
549 2608 719 2661 diversarum
740 2609 882 2661 nationum
905 2608 1020 2674 populos
1039 2609 1211 2663 horribiliter
1223 2611 1298 2664 inva-

103 2694 135 2747 iil·
145 2700 248 2761 lrdobm
259 2721 380 2775 namque
391 2720 443 2761 nec
461 2707 579 2770 lucebat,
593 2708 763 2761 sentiebatur
774 2712 801 2761 et
821 2720 877 2761 non
896 2706 1050 2767 videbatur.
1072 2721 1122 2761 nec
1142 2709 1170 2761 iu
1189 2708 1298 2762 flamma

102 2804 186 2857 “mem
196 2811 269 2860 extra
281 2807 429 2871 lambebat,
443 2808 490 2860 sed
504 2807 598 2859 leviter
610 2807 684 2859 intus
694 2812 720 2860 et
732 2806 904 2860 invisibiliter
926 2821 989 2860 cum
1010 2808 1096 2860 fetore
1109 2808 1258 2873 cremabat,
1269 2811 1300 2860 ut

10 2906 13 2929 '
102 2888 160 2952 ‘lille
169 2904 264 2959 adverti
277 2909 371 2972 posset
382 2907 446 2973 quia
458 2904 535 2973 [non]
546 2907 590 2958 bic
603 2911 697 2960 noster
709 2906 788 2973 ignis,
798 2907 850 2985 ‘sed
863 2907 1006 2973 gehennae
1019 2912 1100 2959 esset.
1114 2907 1220 2974 Quique
1232 2920 1298 2961 can—

101 2991 129 3043 ttt'
138 3006 175 3052 aut
183 3003 293 3057 alterius
307 3005 394 3071 tnagis
406 3016 482 3057 more
495 3015 619 3070 serpens,
634 3005 737 3056 sensim
750 3008 776 3056 et
788 3004 978 3057 insanabiliter
999 3004 1149 3070 occupabat
1170 3010 1197 3057 et
1213 3005 1299 3057 carni-

64 3086 89 3138 25
99 3087 168 3154 busin
178 3104 326 3156 carbonum
347 3105 466 3170 speciem
478 3103 628 3172 denigratis
640 3111 667 3156 et
678 3104 808 3169 paulatim
820 3105 1001 3171 consumptis,
1015 3105 1115 3157 misere
1136 3116 1197 3157 ossa
1211 3103 1298 3156 nuda·

97 3187 135 3248 lii.
146 3200 258 3263 Videres,
272 3215 447 3269 quocumque
459 3207 485 3255 te
496 3208 627 3267 verteres,
642 3203 670 3254 in
689 3202 812 3266 urbibus,
835 3203 863 3253 in
886 3202 1003 3268 oppidis,
1017 3203 1045 3253 in
1066 3203 1141 3266 vicis,
1164 3203 1192 3255 in
1214 3202 1297 3267 villis,

93 3292 185 3354 ltt‘seros
196 3301 323 3354 homines
346 3300 475 3354 ardentes
486 3308 513 3354 ct
525 3314 589 3367 pras
603 3302 726 3369 angustia
740 3301 850 3367 spiritus
874 3305 1025 3368 gementes,
1040 3314 1091 3353 nec
1112 3314 1203 3354 vocem
1221 3302 1297 3355 emit-

90 3391 168 3458 boos,
181 3401 229 3453 sed
242 3400 332 3453 solum
345 3413 407 3453 cum
421 3400 536 3453 stridore
549 3400 672 3452 dentium
686 3401 852 3467 mugientes3
874 3405 1001 3464 parentes
1020 3413 1130 3466 quoque
1152 3406 1178 3453 et
1189 3399 1295 3464 allincs,

10 3484 17 3577 Ι
87 3499 209 3554 tuicoset
230 3505 318 3563 notos,
339 3505 451 3567 propter
471 3513 535 3553 suos
556 3500 732 3553 ululanteset
753 3500 911 3563 clamantes,
934 3501 1094 3567 plangentes
1115 3505 1142 3553 et
1161 3501 1295 3569 lugentes.

10 3632 14 3673 ,
52 3579 167 3652 ³⁰leriam
179 3601 245 3653 buic
258 3605 349 3653 tantae
361 3601 506 3653 calamitati
518 3607 546 3653 et
558 3599 702 3652 insatiabili
721 3600 817 3652 morbo
831 3599 905 3651 nulla
926 3612 970 3650 ars
991 3598 1160 3651 medicorum
1181 3599 1296 3663 mederi,

10 3684 13 3747 ἶ
79 3699 142 3754 tullo
154 3701 385 3766 praecantationis
396 3713 496 3768 genere
508 3704 612 3766 poterat
632 3699 790 3763 subveniri,
812 3699 860 3752 sed
882 3699 1087 3764 ingravescente
1108 3697 1215 3763 dolore,
1229 3713 1290 3751 cum

74 3793 118 3860 hm
129 3799 169 3851 illi
183 3800 309 3852 infelices
320 3799 434 3852 ulterius
447 3799 516 3852 serre
529 3799 686 3865 nequirent,
700 3798 801 3862 passim
823 3795 1019 3850 moriebantur.
1042 3798 1140 3863 Sicque
1163 3799 1294 3864 quoniam

76 3900 200 3962 optabant
212 3904 327 3951 mortem
340 3897 462 3965 corporis
477 3896 637 3958 remedium,
652 3901 717 3948 tunc
738 3897 875 3950 habebant
894 3910 955 3949 cum
978 3897 1091 3949 sortasse
1104 3896 1296 3950 defunctorum

77 3998 175 4050 animae
187 3999 311 4064 ipsorum
324 4010 379 4063 quo
392 3997 550 4061 tendebant,
564 4000 592 4051 in
606 3996 805 4060 iniern0,uude
818 3996 1109 4059 oriebatur,acriorem
1123 3997 1195 4048 bunc
1206 3997 1294 4062 ipsum

44 4079 158 4160 &lignem
171 4095 394 4161 experiebantur.
408 4097 531 4150 llisertus
544 4096 653 4150 tandem
666 4099 746 4159 bens,
765 4101 828 4148 ante
848 4099 956 4161 tempus
976 4108 1054 4146 suum
1077 4093 1223 4160 judicalem
1236 4109 1296 4148 sen·

77 4193 178 4248 tentiam
189 4197 247 4262 jam
261 4195 405 4250 imminere
417 4200 444 4248 ct
455 4197 558 4261 plasma
580 4209 660 4250 suum
681 4195 778 4248 dolens
798 4200 853 4247 tam
877 4194 1068 4247 miserabiliter
1089 4194 1211 4255 interire,
1235 4195 1293 4260 ipse

80 4301 166 4359 nempe
179 4295 227 4361 qui
241 4295 359 4360 percutit
371 4300 397 4347 et
408 4300 494 4363 sanat,
508 4295 654 4348 mortillcat
666 4301 693 4348 et
706 4295 830 4355 viviticat,
844 4294 955 4347 deducit
967 4294 1001 4345 ad
1015 4293 1117 4345 inferos
1138 4299 1164 4345 et
1178 4293 1292 4356 reducit,

82 4400 132 4443 cum
141 4395 196 4460 lam
209 4394 243 4447 de
252 4371 342 4446 salute
354 4393 540 4460 desperarent,
554 4396 681 4448 omnibus
696 4395 836 4459 inspiravit
849 4401 877 4445 ut
888 4395 923 4446 ad
936 4394 1006 4445 beati
1021 4393 1113 4445 ililarii
1124 4393 1292 4458 praesidium

86 4489 198 4545 lictarim
210 4498 399 4560 properarent,
413 4508 468 4560 quo
480 4495 538 4547 suis
549 4495 650 4547 sanctis
673 4493 918 4547 interventionibus
937 4493 1050 4544 salutem
1075 4493 1154 4558 liujus
1175 4491 1260 4544 cladis
1278 4506 1293 4544 a

55 4580 322 4657 llbooimpetrareut.
335 4593 405 4659 lpse
416 4605 560 4660 namque,
573 4594 628 4660 qui
645 4592 753 4658 pratia
771 4591 826 4644 Dei
837 4595 865 4645 et
883 4593 1000 4645 virtute
1022 4590 1205 4644 trteritorum
1222 4603 1292 4644 suo·
