3278 5482
388 328 480 379 eren.
499 328 583 380 uer.
601 328 718 379 entus.
737 347 784 360 —
799 327 953 379 arcemn.
974 328 1021 378 nn
1038 328 1115 378 con.
1135 326 1212 379 5317.
1352 313 1417 379 143

218 494 271 558 oum
280 495 398 550 videntes
409 503 437 550 et
448 496 591 550 audientes
599 498 710 564 tratres,
718 497 766 564 qui
779 509 887 562 semper
898 497 979 549 bonis
991 498 1049 562 ejus
1062 497 1234 550 successibus
1245 495 1418 563 invidebant,

219 594 341 662 cup'tabant
349 594 384 649 de
393 596 457 649 ovili
467 597 537 663 ejus,
547 595 622 663 quod
634 596 692 661 ipsc
704 595 884 661 custodiebat,
895 596 967 649 iurto
980 595 1084 662 aliquid
1096 609 1203 663 rapere,
1217 602 1249 649 ut
1258 596 1416 649 invenirent

219 692 270 746 unde
278 694 298 746 ei
306 699 417 760 possent
427 694 594 749 calumniam
605 694 716 748 interre.
727 697 810 748 llocte
820 694 911 763 igitur,
922 693 1097 762 competenti,
1109 699 1189 761 prout
1199 695 1250 747 sibi
1260 694 1414 761 videbatur,

220 793 407 860 bura,inprima
427 794 687 862 sciliceteujusdam
700 795 788 849 noctis
807 795 908 863 vigilia,
923 794 1076 861 procedunt
1096 793 1130 847 ad
1149 794 1241 848 caulas
1261 795 1371 861 ovium;
1391 799 1419 849 et

198 890 434 960 itimunspicientes
457 895 591 963 undique,
611 896 785 962 comperiunt
805 896 943 948 Eusicinm
965 895 994 947 in
1012 897 1089 960 parte
1111 907 1166 947 non
1190 893 1272 962 longe
1292 907 1307 946 a
1328 894 1415 948 caulis

220 993 338 1057 memisse,
351 1000 379 1048 et
397 1007 517 1061 pronum
539 996 652 1048 interra
671 995 816 1049 bominum
837 994 1018 1047 intentissime
1039 1006 1164 1047 exorare.
1186 991 1314 1046 llolentes
1332 993 1414 1061 igitur

222 1089 304 1145 latenter
314 1094 426 1148 introire
446 1093 481 1147 ad
493 1093 568 1162 quod
590 1099 732 1157 venerant,
747 1099 808 1160 post
828 1093 917 1161 ipsum
930 1099 1036 1159 ponunt
1057 1092 1181 1157 insidias,
1195 1106 1229 1146 ne
1242 1092 1312 1146 torte
1324 1093 1414 1147 subito

222 1191 385 1255 openeniens
393 1204 443 1245 eos
454 1197 547 1258 posset
555 1204 731 1260 cognoscere.
743 1191 795 1245 sed
807 1205 889 1246 canes
900 1190 962 1244 illos
973 1192 1125 1244 sentientes
1137 1196 1163 1244 et
1175 1203 1288 1260 magnos
1306 1192 1421 1246 latratus

222 1288 351 1356 emittentes,
363 1303 412 1344 eos
423 1291 453 1343 in
465 1291 556 1358 lugam
568 1296 720 1345 verterunt.
734 1291 783 1354 Qui
797 1303 858 1344 cum
872 1290 1033 1344 confusione
1045 1289 1079 1343 ad
1089 1290 1287 1344 monasterium
1299 1290 1412 1353 reversi,

193 1388 214 1439 tt
223 1388 333 1442 modium
344 1390 469 1443 inierunt
480 1396 510 1444 ut
522 1403 604 1443 canes
616 1391 663 1458 qui
676 1403 724 1444 eos
736 1391 895 1458 fugaverant
906 1389 1063 1443 occiderent
1076 1407 1083 1455 ;
1097 1388 1171 1457 quod
1184 1389 1221 1442 ita
1233 1389 1370 1444 lecerunt.

245 1487 348 1542 tonost
359 1490 428 1542 baec
448 1493 529 1542 nocte
548 1488 665 1556 quadarn
689 1490 813 1541 Eusicius
833 1490 862 1541 in
883 1488 978 1556 caulis,
993 1488 1040 1541 ubi
1060 1494 1139 1542 erant
1159 1502 1232 1555 oves,
1247 1502 1371 1543 seorsum
1388 1489 1417 1542 ln

223 1590 274 1649 barte
282 1588 457 1654 procumbens
467 1588 496 1641 in
508 1594 608 1641 terram
621 1589 738 1642 orationi
749 1589 901 1651 insistebat,
910 1601 974 1641 cum
986 1601 1051 1641 ecce
1061 1588 1115 1641 duo
1125 1587 1182 1653 lupi
1191 1587 1227 1640 de
1237 1588 1303 1640 silva
1316 1588 1418 1654 egressi

224 1685 319 1739 etaltera
338 1693 416 1752 parte
428 1686 507 1740 ovilis
528 1686 677 1739 interoves
698 1686 853 1752 prosiliunt,
866 1685 999 1740 dilaniare
1020 1700 1066 1740 eas
1083 1688 1235 1752 cupientes.
1257 1689 1325 1740 lives
1338 1686 1419 1753 lupos

223 1783 290 1840 edesse
306 1788 463 1856 sentientes,
476 1790 530 1843 buc
550 1788 671 1856 illucque
687 1788 812 1841 turbatae
823 1786 978 1855 diffugiunt.
1001 1787 1100 1841 Audito
1119 1788 1233 1854 strepitu
1243 1787 1416 1855 mgientium,

194 1878 312 1940 obicias
321 1888 450 1953 accurrit,
460 1892 487 1941 et
500 1888 578 1955 lupos
589 1888 661 1941 inter
672 1900 736 1940 oves
754 1888 892 1940 latitantes
904 1888 1033 1953 repperit.
1047 1885 1150 1951 Quibus
1171 1886 1230 1952 ipse
1249 1887 1288 1939 ait
1301 1900 1309 1938 :
1323 1886 1417 1940 Prae·

223 1982 279 2050 cipio
287 1986 363 2042 nobes
374 1987 410 2040 in
421 1987 547 2041 nomine
558 1988 683 2041 Domini
694 1989 730 2040 ut
742 1986 793 2042 bic
804 1987 959 2041 maneatis
975 1989 1005 2040 et
1015 1999 1140 2054 gregem
1152 1986 1248 2039 istum
1264 1985 1418 2040 cetetodia-

224 2082 258 2151 ὦ,
266 2086 346 2143 donec
357 2098 452 2141 mne
462 2090 604 2141 revertor
615 2088 658 2141 ad
669 2100 731 2142 vos.
745 2091 776 2140 lit
788 2088 829 2139 liis
842 2086 921 2139 dietis
932 2086 999 2139 abiit
1011 2085 1045 2138 ad
1058 2086 1202 2140 ecclesiam
1214 2091 1244 2138 ut
1255 2092 1355 2140 oraret.
1369 2086 1417 2139 ltie

224 2193 267 2236 tero
274 2185 452 2251 illucescente,
465 2187 618 2240 matutinali
639 2185 727 2241 officio
740 2187 768 2239 in
781 2187 898 2261 ecclesia
911 2186 1028 2251 expleto,
1042 2184 1123 2238 rediit
1136 2185 1258 2238 llusicius
1267 2186 1301 2238 ad
1315 2185 1417 2248 caulas,

224 2284 358 2341 educeret
368 2301 435 2342 oves
448 2287 483 2340 ad
495 2300 604 2354 pascua,
619 2293 646 2340 et
658 2288 763 2341 invenit
780 2287 860 2354 lupos
877 2287 905 2339 in
927 2285 1054 2354 ingressu
1067 2290 1171 2338 stantes
1184 2291 1212 2338 et
1232 2284 1419 2338 custodientes

194 2372 278 2450 ivdie,
287 2387 351 2439 sicut
360 2387 402 2440 eis
413 2393 608 2453 praeceperam
621 2391 649 2439 et
661 2386 827 2439 benedicens
840 2388 935 2448 beum,
949 2384 996 2452 qui
1009 2384 1073 2438 tacit
1084 2384 1252 2437 voluntatem
1261 2384 1415 2436 timentium

220 2489 246 2543 te,
254 2480 339 2538 dimisit
349 2498 398 2540 eos
410 2486 440 2539 in
458 2486 564 2548 silvam,
578 2486 711 2539 mandans
732 2486 772 2538 eis
792 2492 822 2538 ut
834 2484 949 2553 singulis
966 2484 1065 2537 diebus
1081 2484 1151 2537 lacto
1169 2496 1282 2550 vespere
1295 2482 1419 2537 redirent

221 2575 332 2637 litumet
342 2583 515 2638 custodirent
522 2597 632 2652 gregem
642 2597 691 2650 pro
699 2597 740 2648 eo,
752 2584 831 2636 sicuti
843 2587 923 2635 nocte
934 2582 981 2635 illa
989 2582 1118 2635 fecerant.
1129 2581 1178 2646 Qui
1187 2582 1330 2642 abeuntes,
1337 2580 1416 2647 juxta

177 2712 179 2721 ι
222 2674 299 2734 idid
316 2684 463 2751 imperium
476 2683 576 2738 cotidie
597 2684 669 2736 circa
682 2683 769 2735 noctis
787 2683 980 2749 crepusculum
999 2681 1207 2734 revertebantur
1228 2679 1262 2733 ad
1275 2680 1378 2745 caulas,
1392 2684 1419 2732 et

222 2779 324 2836 mntem
332 2784 457 2852 ingressu
465 2782 616 2836 custodiam
626 2781 715 2851 gregis
723 2795 832 2849 semper
842 2781 966 2849 agebant,
976 2780 1064 2833 donec
1075 2793 1156 2834 mane
1166 2780 1236 2834 lacto
1252 2779 1293 2833 vir
1303 2784 1416 2832 sanctus

193 2864 359 2936 &dunione
372 2881 477 2936 rediret
488 2886 516 2934 et
527 2881 676 2934 dimitteret
688 2894 745 2935 eos.

244 2975 389 3035 itineres
402 2982 474 3035 lama
484 2982 613 3034 volitante
626 2982 788 3035 miraculum
801 2982 853 3033 hoc
871 2980 954 3033 latere
967 2993 1023 3032 non
1036 2979 1132 3044 potuit,
1142 2976 1190 3029 sed
1204 2990 1219 3029 a
1232 2977 1324 3030 multis
1341 2977 1418 3043 prius

222 3082 356 3143 liopertum
369 3087 395 3135 et
403 3082 555 3149 cognitum,
566 3082 599 3134 ad
612 3081 719 3134 abbatis
728 3094 838 3147 quoque
848 3085 876 3132 et
888 3080 1001 3132 tratmm
1013 3078 1135 3131 omnium
1151 3077 1275 3129 notitiam
1285 3077 1419 3142 pervenit.

221 3170 290 3229 liant
299 3191 391 3232 omnes
403 3179 478 3247 quod
489 3180 529 3232 vir
539 3186 648 3233 sanctus
658 3180 771 3247 singulis
785 3179 910 3231 noctibus
923 3178 1015 3229 ovium
1028 3189 1138 3228 suarum
1149 3174 1301 3227 custodiam
1312 3174 1420 3227 duobus

220 3268 269 3336 llpis
279 3278 451 3343 committens
465 3279 498 3330 ad
511 3278 655 3330 eeclesiam
668 3279 755 3346 pergit
765 3291 853 3340 orare,
867 3282 893 3328 et
908 3289 988 3328 mane
1001 3277 1071 3327 laeto
1092 3275 1211 3337 rediens,
1225 3286 1288 3327 oves
1300 3285 1381 3325 sanas
1393 3279 1420 3326 et

181 3366 295 3439 Uiltogro
306 3390 419 3430 numero
431 3378 531 3430 emittit
543 3376 578 3428 ad
599 3389 707 3443 pascua,
723 3377 857 3442 luposque
867 3375 978 3426 dimittit
990 3372 1023 3424 ad
1046 3373 1104 3425 lora
1118 3385 1175 3425 sua.
1192 3372 1304 3423 interim
1317 3370 1418 3422 aemuli

215 3468 259 3533 ejus
268 3472 355 3528 iratres
364 3480 630 3542 pertractantnocte,
641 3489 673 3528 eo
688 3477 801 3528 absente
811 3480 838 3526 et
849 3474 936 3526 solitis
945 3472 1117 3525 orationibus
1128 3472 1155 3523 in
1170 3470 1285 3522 ecclesia
1295 3475 1419 3535 vacante,

212 3566 238 3618 ad
247 3571 327 3625 mulas
339 3575 378 3626 ire
390 3587 542 3642 gregesque
556 3574 724 3640 disperdere,
738 3589 772 3626 ne
786 3575 845 3625 sinc
857 3573 946 3640 gregis
959 3573 1000 3623 sui
1014 3572 1154 3623 damnose
1167 3569 1283 3637 gaudeat
1295 3568 1419 3620 Eusicius

209 3668 319 3723 extitisse.
344 3675 426 3726 Nocte
451 3673 532 3741 igitur
552 3674 723 3737 adveniente,
746 3687 808 3725 cum
832 3673 935 3724 scirent
960 3684 1022 3723 eum
1045 3671 1114 3721 intra
1136 3668 1279 3720 ecclesiam
1299 3667 1417 3720 orationi

203 3765 357 3834 incumbere,
371 3773 482 3824 mittunt
497 3772 662 3825 monachum
676 3786 761 3824 unum
774 3784 835 3823 cum
848 3771 957 3823 duobus
971 3769 1113 3835 mancipiis
1125 3768 1159 3820 ad
1169 3767 1260 3820 caulas
1273 3767 1374 3827 ovium,
1389 3770 1419 3817 ut

176 3869 185 3920 i
201 3879 269 3920 more
279 3869 384 3922 bestiali
397 3883 507 3937 gregem
521 3870 665 3925 laniarent.
679 3872 729 3934 Qui
742 3883 804 3924 cum
817 3870 850 3922 ad
864 3870 956 3922 caulas
966 3869 1109 3920 venissent
1121 3872 1148 3919 ct
1161 3867 1264 3918 intrare
1278 3869 1417 3930 pararent,

195 3965 259 4032 tupi,
271 3968 317 4033 qui
329 3968 521 4021 custodiebant
534 3970 698 4036 ingressum,
710 3969 971 4034 comprehendentes
982 3980 1028 4019 eos
1043 3969 1250 4031 prostraverunt
1260 3964 1287 4015 in
1306 3970 1417 4028 terram,

192 4067 266 4120 nullo
279 4072 368 4120 tamen
379 4068 494 4122 vulnere
507 4082 554 4122 eos
573 4068 721 4133 laedentes,
735 4069 782 4121 sed
800 4067 917 4133 pedibus
937 4071 1042 4118 tantum
1055 4065 1249 4118 conculcantes
1268 4068 1294 4115 et
1312 4063 1418 4115 fortiter

190 4171 325 4232 tenentes,
337 4181 372 4220 ne
381 4168 529 4221 evaderent
537 4168 625 4221 donec
635 4170 794 4222 virsanctus
806 4167 915 4219 rediret.
924 4165 1052 4218 Famulus
1064 4169 1155 4216 autem
1165 4163 1270 4216 bonini
1284 4162 1416 4225 Eusicius,

186 4281 246 4320 rem
259 4274 361 4335 gestam
374 4267 567 4334 perspiritum
580 4273 704 4321 sanctum
717 4281 896 4335 cognoscens,
910 4265 1034 4319 oratione
1049 4265 1123 4317 linita
1135 4264 1295 4316 acceleravit
1309 4262 1418 4327 retlirc3

183 4367 317 4434 ridetque
329 4368 494 4420 monachum
513 4375 649 4435 tamquam
664 4368 852 4420 semianimem
873 4380 935 4432 prae
955 4380 1053 4431 pavore
1074 4367 1212 4430 jacentem
1235 4364 1284 4414 sub
1303 4362 1419 4427 pedibus

182 4469 253 4535 lupi,
266 4480 371 4534 eosque
382 4468 430 4535 qui
451 4481 515 4520 cum
535 4481 568 4521 eo
580 4474 715 4521 venerant
737 4469 787 4520 sub
807 4468 923 4534 podibus
943 4467 998 4531 lupi
1013 4466 1124 4518 alterius
1141 4466 1263 4530 jacentes
1277 4475 1326 4513 nec
1345 4461 1420 4513 sede

180 4571 244 4624 loeo
257 4579 370 4620 movere
388 4568 521 4620 valentes.
534 4571 610 4620 Tunc
627 4570 668 4622 vir
681 4573 791 4622 sanetus
805 4568 884 4633 lupos
905 4566 1052 4619 abscedere
1061 4566 1157 4630 jubet3
1171 4576 1217 4616 eos
1230 4574 1294 4615 vero
1307 4562 1353 4628 qui
1369 4574 1418 4626 pro
