3316 5482
207 351 273 415 444
559 363 685 415 osum.
704 364 805 415 noun.
825 365 999 418 asmona.
1018 367 1099 419 nur.
1182 362 1190 379 ·

207 534 327 587 ctitatem
349 533 448 586 timens
468 532 524 586 siue
545 532 636 586 ordini
657 533 800 587 consulere
820 540 935 600 optaret,
950 539 1022 588 totus
1041 537 1270 603 contremiscens,
1288 536 1420 604 Philippum

207 632 325 687 affatur:
343 634 405 687 Per
418 635 582 700 tunmjam
590 647 651 701 per
669 637 766 688 totum
778 636 938 688 terrorum
955 635 1057 689 orbem
1072 635 1227 704 dipestom
1242 638 1421 693 sanctitates

208 733 264 786 tibi
271 733 424 800 polticeor
435 746 498 787 333
510 734 612 800 crepis
624 736 712 787 tuom
723 731 846 801 famam
857 737 1110 802 quaererentque
1122 735 1247 790 ordinis
1255 736 1387 804 ptorimn
1399 738 1422 788 et
1486 750 1488 759 ·

208 833 430 900 smmpt‘temram
443 833 577 900 tamdem,
590 835 626 886 ut
635 833 707 898 jam
720 832 862 900 Philippi
881 846 993 888 333333
1012 847 1075 889 333
1088 833 1224 889 bominis
1234 836 1290 890 sed
1312 833 1424 890 34343444

209 934 303 999 atquc
313 932 490 986 sanctitatis
502 931 664 986 habeatur.
676 935 701 989 ls
713 934 787 986 enim
807 933 855 986 ubi
875 933 996 988 demisso
1017 934 1093 989 uultu
1114 941 1140 988 et
1162 947 1233 989 voce
1245 935 1359 1002 supplici
1370 935 1448 988 eunt

211 1044 322 1085 exorare
344 1033 481 1099 nequiret,
504 1032 640 1098 supplices
661 1032 777 1085 tetendit
795 1033 829 1086 ad
850 1033 939 1086 sidera
961 1034 1066 1099 palmas
1080 1035 1224 1089 :Summe
1238 1037 1427 1102 poteratque

210 1132 353 1197 clemens,
366 1131 402 1184 im
413 1132 504 1197 cuius
521 1145 619 1186 33333
631 1132 737 1187 omnio
749 1132 812 1186 sita
828 1135 911 1200 sunt,
933 1133 976 1186 do
995 1133 1080 1187 serui
1091 1134 1140 1186 tui
1151 1133 1331 1202 confitentis
1337 1133 1429 1202 preci-

208 1229 264 1284 bus
276 1243 447 1297 333333333
460 1230 642 1284 memoriam
654 1230 755 1285 nostri
765 1231 847 1299 fieri.
861 1231 970 1285 omnia
990 1234 1093 1286 tomen
1106 1231 1141 1285 im
1154 1234 1207 1286 tuo
1218 1232 1355 1287 arbitrio
1365 1233 1430 1300 sint,

209 1329 315 1384 omnio
326 1330 458 1396 supplem
478 1328 534 1382 sub
547 1332 601 1383 tua
615 1331 788 1385 lacrimans
799 1330 921 1385 dicione
937 1331 1071 1385 remitto.
1085 1331 1118 1385 Si
1137 1330 1263 1385 libitum
1281 1330 1382 1400 fuerit
1392 1330 1432 1385 bit

211 1428 353 1482 lacrimis
362 1429 439 1481 dore
448 1428 571 1483 reniam
583 1433 612 1483 et
624 1429 702 1483 votis
711 1431 859 1484 miserere
864 1432 1037 1500 precantis,
1047 1432 1081 1485 in
1090 1444 1205 1485 manus
1214 1433 1296 1499 tuus,
1304 1431 1434 1499 Domine,
1449 1431 1472 1482 44

208 1529 384 1583 commendo
395 1528 584 1582 desiderium
602 1542 715 1584 meum.
728 1532 759 1583 ut
779 1543 841 1583 cum
855 1531 921 1584 haec
935 1530 1060 1596 dixisset,
1075 1544 1139 1584 mox
1160 1537 1257 1598 raptus
1267 1536 1310 1584 est
1331 1532 1437 1599 spiritus

209 1629 268 1695 ejus
288 1629 318 1681 in
341 1630 457 1696 caelum,
477 1642 531 1696 quo
554 1628 607 1683 sibi
627 1636 751 1696 paratam
771 1630 865 1684 sedem
886 1631 1066 1698 conspiceret,
1093 1631 1122 1684 in
1142 1644 1197 1698 qua
1220 1631 1336 1699 quidem
1352 1631 1442 1685 litteris

208 1729 298 1782 aureis
319 1730 450 1796 scriptum
471 1736 547 1783 erat:
566 1731 633 1785 Hoc
653 1729 831 1798 meriturum
850 1733 879 1784 te
897 1731 990 1799 scios,
1011 1731 1041 1785 si
1062 1731 1095 1784 in
1111 1731 1231 1798 primis
1248 1731 1384 1799 patiens
1403 1731 1443 1785 od

13 1834 100 1888 'cort
114 1844 190 1898 prae·
209 1810 315 1882 ornatio
336 1842 417 1896 qnae
437 1829 494 1883 tibi
517 1829 593 1884 olim
608 1830 838 1898 proponendo'
859 1833 985 1884 3334334
1007 1828 1120 1897 fueris.
1142 1833 1179 1884 43
1203 1830 1323 1897 proinde
1347 1830 1440 1898 spirim

39 1897 176 1967 menda·
212 1933 361 1994 resumpto,
374 1941 409 1982 ex
431 1930 557 1996 paradiso
576 1929 611 1982 ad
624 1930 749 1983 comitem
771 1930 924 1996 proripuit;
938 1930 985 1996 qui
1005 1930 1043 1982 ibi
1056 1930 1142 1983 multa
1162 1943 1258 1984 secum
1270 1930 1397 1997 voluens,
1409 1930 1444 1984 ait
1461 1931 1486 1982 44

212 2039 362 2092 numquam
376 2027 401 2080 ei
422 2040 583 2093 responsum
604 2028 772 2095 praebuisse,
786 2028 966 2095 spiritumque
986 2042 1002 2081 a
1023 2041 1137 2095 corpore
1157 2027 1194 2082 ad
1213 2028 1380 2096 angelorum
1397 2029 1445 2082 tre

210 2125 351 2190 quentiam
364 2132 392 2179 et
404 2127 600 2194 omnipotentis
612 2128 658 2181 bei
671 2128 787 2181 hilarem
799 2128 896 2182 taciem
908 2127 1149 2195 contemplandam
1167 2127 1197 2181 in
1209 2128 1320 2182 caelum
1331 2142 1363 2182 se
1381 2141 1446 2183 eon·

211 2225 316 2279 tulisse.

244 2325 406 2394 {titumque
416 2328 586 2380 sanctissima
595 2328 678 2381 uerba
687 2328 757 2381 alter
766 2327 800 2380 ad
810 2327 926 2381 alterum
936 2325 1120 2394 effunderent,
1129 2326 1298 2382 Florentiam
1305 2327 1445 2382 abierunt.

212 2429 326 2493 ltoxque
338 2428 433 2480 civitas
445 2431 500 2480 4343
511 2428 609 2495 gaudio
622 2441 653 2480 33
663 2428 764 2481 43344443
774 2427 890 2481 exultari
905 2427 1021 2494 uidetur,
1034 2428 1209 2494 quoniamex
1222 2427 1273 2480 uiri
1288 2427 1337 2481 bei
1347 2429 1442 2495 specie
1459 2430 1487 2481 44

211 2531 304 2585 tantus
316 2527 446 2592 splendor
466 2531 628 2594 tantumque
649 2527 797 2581 divinitatis
818 2527 911 2580 lumen
930 2525 1037 2580 refulsit
1054 2533 1084 2579 ut
1104 2527 1177 2580 acies
1194 2527 1341 2580 oculorum
1360 2528 1448 2581 bomi-

210 2642 276 2681 num
289 2627 316 2680 id
328 2627 441 2679 minime
454 2625 568 2680 sufferre
582 2632 700 2693 possent.
715 2629 746 2679 Et
757 2626 869 2693 quidem
882 2628 911 2679 in
924 2639 972 2679 ore
984 2627 1109 2680 omnium
1128 2626 1337 2680 sanctissimum
1357 2627 1446 2680 virum

210 2729 307 2781 urbem
320 2728 472 2794 ingressum
485 2741 546 2780 esse
566 2740 704 2792 cerneres,
718 2740 814 2781 omnes
832 2727 872 2780 ire
888 2726 995 2779 obuiam
1013 2730 1211 2793 gementesque
1228 2737 1311 2779 orare
1327 2739 1359 2779 se
1372 2726 1447 2793 apud

210 2842 257 2883 eos
269 2833 452 2893 versaturum,
465 2842 521 2896 quo
533 2831 591 2895 ejus
603 2829 753 2882 sanctitatis
767 2828 912 2895 participes
925 2826 1030 2893 sserent,
1044 2827 1119 2880 cordi
1132 2833 1215 2894 atque
1226 2826 1336 2881 libitum
1359 2834 1446 2881 esset.

212 2928 363 2996 Philippus,
376 2943 490 2997 gemens
503 2942 579 2981 suam
600 2942 659 2982 esse
673 2929 814 2996 probatam
835 2929 1017 2992 sanctitatem,
1031 2928 1103 2994 quod
1119 2927 1175 2980 iere
1188 2927 1259 2980 tama
1273 2940 1324 2993 per
1336 2928 1447 2981 unirer
1460 2925 1487 2977 it

212 3040 257 3080 sos
270 3029 352 3081 italos
364 3030 421 3095 ejus
435 3042 524 3081 mores
537 3030 762 3094 sanctitatemque
774 3034 904 3095 gesserat,
918 3040 948 3080 33
961 3026 1080 3080 demisso
1091 3027 1167 3079 uultu
1184 3025 1298 3079 domum
1317 3039 1445 3094 propera·

212 3128 248 3180 vit
261 3134 288 3181 et
299 3129 358 3180 sine
373 3142 448 3181 mora
461 3127 552 3194 aliqua
563 3129 674 3193 4333334
688 3128 776 3180 343344
791 3127 917 3194 postulat.
932 3124 1007 3190 Quod
1021 3139 1082 3178 cum
1105 3125 1185 3178 turba
1203 3126 1347 3179 hominum
1361 3125 1443 3177 vidis·

212 3234 263 3294 set,
276 3242 357 3281 uoces
381 3229 414 3281 ad
435 3229 525 3282 sidera
547 3242 634 3295 usque
653 3229 765 3293 jactare,
779 3241 835 3280 non
856 3241 934 3279 secus
955 3240 985 3279 33
1006 3225 1049 3279 433
1062 3225 1173 3290 rugiens
1194 3224 1266 3278 tarne
1282 3225 1442 3290 compulsus

212 3327 318 3381 stabula
331 3326 383 3379 3443
397 3327 515 3379 terarum
537 3327 642 3379 ambire
660 3328 754 3392 solent,
769 3340 842 3378 nunc
855 3327 908 3378 hue
921 3339 995 3378 nune
1008 3325 1071 3378 illuc
1084 3325 1189 3377 ardenti
1202 3322 1325 3390 quodam
1337 3324 1441 3389 impetu

208 3426 348 3479 festinare.
363 3426 438 3489 Quod
453 3426 507 3479 nisi
522 3427 671 3492 Philippus,
685 3427 725 3477 343
737 3439 818 3478 33333
831 3425 941 3492 gerendi
955 3437 1070 3486 morem,
1084 3422 1156 3475 toras
1176 3422 1251 3475 exire
1264 3427 1436 3477 maturasset.
1456 3422 1484 3472 tl

208 3539 241 3578 eo
263 3526 308 3579 die
321 3533 380 3592 post
402 3527 539 3579 conditam
561 3533 672 3579 sanctae
694 3526 896 3578 llariaesedem
920 3525 1069 3590 pessimum
1090 3523 1196 3574 facinus
1208 3527 1347 3587 patratum
1366 3523 1441 3576 foret.

209 3627 313 3691 Quippe
334 3626 535 3678 sanctissimum
556 3626 642 3676 uirum
666 3638 721 3677 non
743 3624 836 3689 procul
850 3624 884 3675 ab
897 3623 937 3675 eis
951 3635 1012 3674 esse
1023 3622 1161 3674 uolebant.
1175 3622 1200 3672 ls
1217 3621 1290 3672 enim
1311 3627 1367 3673 tam
1379 3620 1440 3685 lepi-

209 3725 272 3778 dam
284 3732 394 3792 tamque
408 3740 517 3778 suavem
539 3726 654 3778 habebat
674 3725 868 3791 eloquentiam,
883 3728 912 3776 ut
931 3736 981 3775 suo
995 3723 1080 3776 lacteo
1092 3734 1220 3775 sermone
1232 3734 1264 3773 33
1283 3720 1362 3775 suasi
1378 3731 1440 3773 soce

209 3825 411 3878 insaevissimas
424 3825 495 3877 teras
516 3825 637 3876 mulcere
658 3829 747 3888 posset
768 3829 795 3875 34
812 3822 957 3874 durissima
976 3833 1102 3889 quaeque
1121 3821 1200 3873 433443
1212 3832 1399 3873 commovere.
1412 3819 1439 3869 444

23 3929 104 3984 'cod
120 3942 196 3996 prae·
212 3936 257 3976 eos
278 3930 441 3990 quaerentes
459 3928 586 3975 aeternae
604 3923 672 3974 uitae
689 3918 1140 3988 gaudiaproponens'sicaifatur
1155 3920 1223 3972 :Sic
1239 3932 1306 3983 atos,
1320 3918 1436 3987 fratres
1450 3914 1476 3966 it

56 4009 172 4062 ¹¹⁰⁰⁰¹¹⁵·
212 4024 382 4087 carissimi,
395 4023 526 4076 dimittit
544 4025 625 4075 Dens
643 4022 775 4075 diversis
794 4020 1016 4089 afflictionibus
1037 4019 1178 4073 cruciari
1194 4022 1224 4072 et
1246 4018 1394 4087 torqueri,
1407 4019 1437 4069 ut

211 4123 296 4176 rribit
308 4123 469 4190 oerrcpinis
486 4123 520 4174 im
532 4121 619 4174 nobis
635 4123 806 4188 recenseat,
820 4134 900 4187 quoe
907 4121 1008 4188 possit
1020 4118 1126 4173 nesab
1144 4114 1290 4186 inpressu
1300 4116 1436 4173 caelestis

206 4224 337 4290 patriae
355 4223 515 4291 impedire.
531 4223 732 4287 ernpropter,
746 4221 776 4272 si
795 4234 854 4287 quo
874 4221 1002 4273 stim-nto
1024 4219 1290 4273 commentatio
1313 4222 1435 4287 tempto·

213 4323 295 4376 tione
314 4320 495 4389 3144434333,
509 4334 652 4386 roqemms
669 4333 760 4385 soepe
780 4319 946 4372 Dominum
970 4321 1003 4371 ut
1024 4319 1102 4371 tales
1123 4331 1163 4371 ecc
1184 4316 1272 4371 nobis
1291 4318 1434 4385 copitntus

213 4424 377 4476 removent.
390 4419 582 4486 irreposcibile
600 4421 644 4472 est
657 4419 750 4483 33433,
763 4422 800 4471 nt
815 4418 915 4484 inquit
928 4419 1144 4484 Hieronymus,
1159 4417 1333 4472 insensum
1351 4410 1467 4469 soriti-ll

33 4527 41 4546 ’
56 4524 102 4579 ito
118 4526 194 4591 cod,
212 4523 263 4574 343
280 4535 341 4575 333
355 4521 494 4573 intuere·
508 4522 623 4572 ruotsnn
640 4532 722 4585 prae
733 4519 947 4571 racd—atteram
959 4519 1073 4571 calore.
1086 4518 1147 4570 Itlc
1161 4521 1265 4570 433333
1280 4517 1432 4573 inridetur.

50 4594 173 4711 inllreassb,
215 4623 270 4675 iile
277 4621 487 4689 praedicetur
499 4620 614 4686 beatus,
628 4618 682 4687 qni
694 4618 801 4672 statim
816 4621 849 4671 nt
861 4619 995 4685 coeperit
1006 4617 1153 4686 copitare,
1169 4617 1322 4687 interficit
1331 4615 1431 4684 copita-
