3316 5482
215 350 281 415 476
559 362 684 413 carun.
703 362 806 413 coun.
825 362 999 415 simoen.
1019 362 1100 414 nur.

215 535 298 589 meris
315 533 468 587 concivium
481 546 530 586 seu
551 532 702 585 amicorum
722 532 830 586 turmis.
852 532 894 585 Fit
913 533 1069 585 universale
1089 530 1223 599 gaudium
1245 531 1275 586 ln
1296 536 1352 586 tota
1371 532 1432 597 urbe,

215 631 305 686 luctus
315 632 471 698 expellitur,
485 631 587 685 laetitia
600 636 737 699 evocatur,
748 631 870 684 universi
891 630 1049 684 collaudant
1061 634 1145 684 licum
1167 631 1345 686 beatissimae
1357 634 1434 698 eene·

214 734 288 797 tuae,
301 731 348 798 qui
363 734 513 797 potensest
525 727 678 797 quemlibet
688 728 852 784 mortificare
864 729 908 782 vel
920 728 1066 785 vivificare.
1080 729 1184 783 Giaruit
1196 731 1279 784 etiam
1291 743 1350 785 non
1361 732 1437 784 miuus

214 842 316 882 nomen
335 829 509 883 beatissimae
522 831 671 895 Perpetuae
689 828 873 895 hospitalitate
889 828 933 882 vel
945 829 1112 896 elemosyna,
1129 842 1200 896 quas
1220 842 1287 898 erga
1306 834 1439 884 exmrosoi

214 928 311 995 inopes
320 929 421 997 jugiter
432 929 585 982 exercebat.
599 929 626 980 Si
649 941 704 994 qua
716 929 799 982 etiam
819 927 1044 982 damnatitiorum
1057 928 1100 982 vel
1120 934 1282 982 sanctorum
1300 931 1465 997 martyruub

213 1040 327 1096 corpora
344 1027 479 1094 insepulta
491 1026 616 1081 invenire
628 1031 743 1095 poterat,
756 1026 966 1096 diligentissime
978 1029 1135 1095 sepulturae
1146 1027 1283 1083 tradebat.

247 1127 279 1180 9.
298 1127 370 1181 Obiit
381 1132 472 1180 autem
485 1128 514 1179 in
526 1126 643 1180 bomino
655 1126 744 1193 pridie
756 1139 844 1181 nonas
855 1129 972 1196 augusti,
986 1131 1013 1182 et
1024 1128 1193 1183 aromatibus
1201 1128 1329 1195 condita,
1343 1142 1359 1183 a
1370 1128 1443 1183 dero

214 1230 320 1282 tissimo
333 1227 459 1294 praesule
472 1227 540 1281 bino
552 1225 764 1296 diligentissime
776 1228 874 1281 tradita
887 1233 930 1281 est
941 1228 1097 1294 sepulturae
1113 1229 1187 1282 circa
1199 1228 1273 1283 viam
1284 1229 1403 1296 appiam
1420 1230 1446 1281 iu

213 1328 325 1395 proprio
338 1326 460 1394 praedio.
475 1327 523 1380 Ubi
536 1327 672 1394 hodieque
684 1325 809 1394 plurimis
830 1328 1027 1382 miraculorum
1038 1327 1124 1397 signis
1144 1328 1222 1383 iocus
1234 1329 1295 1394 ipse
1313 1333 1446 1395 conuoet,

212 1430 367 1496 praestante
379 1427 494 1481 bomino
507 1430 600 1481 nostro
610 1428 677 1480 lesu
690 1426 806 1493 cbristo,
819 1427 864 1481 cui
877 1434 919 1482 est
940 1428 1070 1483 honoret
1085 1428 1173 1497 gloria
1184 1429 1214 1482 in
1227 1429 1341 1484 saecula
1359 1442 1447 1484 saecu
1462 1430 1480 1481 ll

213 1527 313 1582 lorum.
326 1528 422 1580 limen.

350 2049 615 2139 oocuxm.
643 2048 771 2191 Godex
797 2047 988 2159 signatus
1014 2074 1128 2137 num·
1160 2048 1290 2138 5568.

243 2291 311 2346 olim
340 2293 465 2347 coenobii
495 2294 581 2347 sancti
602 2292 717 2346 amandi
738 2292 767 2345 in
786 2291 905 2359 Pabula,
928 2290 1028 2344 deinde
1047 2290 1360 2347 'lelleriano-Remensis
1380 2294 1448 2359 toti,

210 2399 304 2461 postea
316 2395 417 2462 Regius
429 2396 457 2447 c.
470 2396 546 2449 mas.
558 2397 585 2448 5.

244 2493 382 2548 Foliorum
397 2497 453 2563 lbii,
467 2497 535 2549 min.
547 2496 767 2563 (0,12182)<ii,lb),
780 2494 862 2548 lineis
873 2492 972 2559 plenis,
986 2496 1115 2545 exaratus
1126 2503 1198 2545 saec.
1212 2493 1243 2545 x.

311 2594 348 2669 1⁰
374 2594 506 2672 Passio
540 2594 643 2672 beati
679 2591 831 2694 ignatii,
865 2612 966 2693 quae
1000 2588 1220 2667 celebratur
1255 2586 1448 2668 kalendas

299 2710 305 2724 '
359 2716 574 2795 februarias
590 2716 667 2814 (fol.
689 2716 861 2815 pipp*

241 2853 327 2903 οιιιιιι.
342 2850 438 2903 ultima
450 2851 532 2904 verba
546 2850 610 2915 (sed
623 2850 792 2904 translatio
804 2849 946 2917 eorporis
957 2848 1080 2914 epam...).

307 2949 348 3025 2⁰
373 2950 505 3028 Passio
523 2950 626 3027 beati
647 2949 748 3028 Petri
767 2948 1048 3027 Alexandrinae
1062 2944 1229 3026 civitatis
1248 2946 1440 3048 episcopi,

358 3075 425 3176 qui
445 3074 588 3153 colitur
607 3101 657 3152 vri
676 3075 862 3153 kalendas
881 3073 1102 3153 decembris
1119 3072 1196 3172 (fol.
1220 3071 1390 3171 ili-iili).

242 3208 290 3260 Ed.
303 3221 346 3274 ap.
361 3208 492 3275 Adonem,
507 3209 540 3262 ad
553 3208 582 3261 d.
595 3210 628 3261 ab
639 3212 704 3263 Nov.
717 3211 755 3275 (P.
770 3212 809 3276 b,
823 3216 889 3262 torn.
904 3209 1014 3273 Clllllll,
1027 3222 1054 3273 p.
1067 3206 1163 3270 ibi-5).

308 3307 347 3384 3⁰
374 3309 504 3386 Passio
518 3310 640 3387 sancti
659 3309 861 3410 Polycarpi
878 3307 1053 3408 episcopi
1069 3313 1107 3384 et
1122 3304 1318 3403 martyrio,
1340 3328 1438 3407 quac

356 3433 576 3510 celebratur
592 3459 643 3510 vri
663 3432 848 3511 kalendas
867 3431 1082 3509 februarias
1098 3428 1174 3529 (iol.
1199 3426 1367 3526 13'·19').

240 3556 277 3605 Ex
294 3555 403 3608 Eusebii
425 3557 607 3610 Caesariensis
627 3557 706 3610 Hist.
729 3558 803 3610 cccl.
826 3557 975 3620 interprete
997 3553 1103 3621 liuline,
1125 3552 1172 3604 lib.
1186 3563 1224 3616 iv,
1243 3565 1303 3617 cap.
1324 3555 1356 3605 ll
1376 3554 1432 3605 init

207 3653 432 3724 (Polycarpus,
458 3658 512 3724 qui
542 3671 604 3711 raon
633 3658 836 3724 soloin...)-lti
853 3661 922 3709 extr.
947 3657 988 3721 (...
1015 3656 1058 3709 ad
1084 3667 1325 3723 praecessorum
1355 3656 1435 3709 urbm

206 3756 358 3822 exemplis
368 3757 544 3824 lusionibus
555 3757 746 3824 suscitatur).

306 3854 346 3929 4⁰
376 3856 507 3934 Passio
544 3856 891 3934 innumerabilium
925 3864 1150 3933 sanctorum
1180 3854 1429 3957 [martyrum],

357 4003 456 4079 quae
470 3980 613 4058 colitur
630 4005 673 4056 ιιι
692 3980 757 4057 die
771 3979 915 4057 mensis
934 3978 1158 4057 novembris
1170 3979 1248 4077 (fol.
1266 3979 1429 4075 ἔθ’-3η.

241 4110 289 4163 Ed.
302 4124 336 4163 ex
350 4111 503 4165 bocoodiee
514 4112 578 4166 Aet.
592 4112 652 4176 SS,
665 4111 699 4163 ad
712 4111 738 4163 d.
751 4114 767 4162 3
780 4114 856 4173 Νοι.,
868 4116 933 4164 ῑοιιι.
948 4112 968 4175 l,
983 4127 1009 4177 p.
1022 4113 1125 4164 olbis.

306 4212 346 4288 5⁰
373 4211 504 4289 Passio
522 4212 644 4289 sancti
676 4211 867 4288 Vincentii
888 4209 1155 4288 archidiaconi
1182 4217 1221 4289 et
1239 4211 1429 4314 martyris,

355 4358 456 4436 quae
488 4335 771 4413 celebraturis
803 4334 988 4411 kalendas
1006 4333 1221 4413 februarias
1252 4335 1334 4427 (fol.
1355 4336 1431 4413 37¹-

355 4459 419 4534 ΗΓ
435 4462 467 4537 *.

307 4587 346 4664 6⁰
371 4460 488 4664 Ac)tus
518 4584 578 4662 vel
609 4583 738 4684 passio
775 4592 997 4663 sanctorum
1037 4592 1252 4685 martyrum
1283 4584 1429 4686 Georgii
