3316 5482
448 339 542 390 eren.
561 309 645 391 eon.
657 342 775 392 euers.
794 362 839 374 -
854 341 1008 391 cernuo.
1028 342 1075 390 ap
1092 340 1170 390 eon.
1191 341 1265 392 aare.
1405 328 1471 395 423

241 511 281 559 est
297 512 398 562 etcum
413 523 511 579 magno
531 513 622 565 souitu
642 512 740 567 cecidit
760 514 789 566 in
811 519 922 567 terram.
944 516 1020 566 Tunc
1040 512 1132 567 clerici
1155 516 1181 565 et
1202 512 1264 565 laici
1277 513 1323 580 qui
1336 515 1470 581 astabant,

239 605 363 662 videntes
376 613 430 662 tam
441 610 530 665 celere
542 617 569 665 et
581 613 742 667 inusitatum
755 613 929 679 miraculum,
948 613 1085 666 dederunt
1102 611 1197 666 laudes
1216 616 1270 666 lieo
1289 618 1317 666 et
1328 626 1377 666 suo
1397 613 1471 667 lideli

239 707 391 762 confessori
403 709 542 765 Nicbolao.
555 711 658 766 Deinde
671 713 764 766 cleriei
776 713 869 780 ipsum
877 712 1011 766 circulum
1026 713 1209 766 levaverunta
1222 718 1304 780 terra,
1318 719 1345 766 et
1357 714 1470 781 diligen·

239 811 281 858 ter
292 819 356 860 eum
369 808 433 862 binc
446 809 510 864 iude
521 817 734 877 conspexerunt,
749 826 785 865 ue
806 813 897 879 aliqua
919 812 1016 866 iraude
1030 812 1077 865 ille
1096 812 1205 879 juvenis
1218 812 1270 866 boc
1282 799 1400 867 fecisset.
1414 814 1468 867 Sed

203 905 279 960 buil
291 904 347 960 doli
372 908 436 962 inde
457 911 635 977 reperientes,
657 925 720 964 cum
746 925 842 979 magna
865 911 1032 965 exultatione
1052 917 1116 966 aute
1137 912 1351 964 sacratissimum
1368 925 1469 979 corpus

238 1005 444 1072 suspenderunt
455 1009 489 1062 ad
502 1009 636 1064 honorem
649 1011 695 1064 liei
716 1016 743 1064 et
755 1012 797 1064 sui
811 1011 897 1064 sancti
911 1015 937 1063 et
955 1010 990 1064 ob
1008 1011 1169 1063 memoriam
1183 1011 1251 1063 tanti
1264 1011 1420 1064 miraculi...
1435 1013 1469 1078 (l)

237 1105 293 1157 lloc
305 1104 469 1160 miraculum
482 1108 583 1162 laetum
604 1116 647 1163 est
667 1124 740 1164 anno
763 1112 798 1164 ab
817 1111 1006 1164 incarnatione
1026 1110 1133 1162 bomini
1152 1110 1298 1163 millesimo
1319 1112 1468 1166 centesimo

239 1203 370 1259 vicesimo
383 1218 468 1273 nono,
482 1206 579 1261 diebus
592 1214 773 1277 pentecostes,
787 1212 857 1265 sicut
869 1211 915 1264 ille
927 1212 973 1277 qui
987 1210 1075 1266 oculis
1093 1210 1151 1264 suis
1163 1211 1231 1263 vidit
1246 1211 1383 1266 narrando
1397 1218 1469 1266 retu·

236 1302 277 1368 lit,
291 1303 319 1356 id
331 1305 493 1372 estquidam
505 1307 622 1361 clericus
633 1310 668 1363 de
677 1308 780 1364 diocesi
794 1311 996 1378 Rotomagensi‚
1012 1312 1124 1365 nomine
1136 1312 1282 1364 Abraham.

195 1401 221 1454 lt)
273 1401 329 1455 28.
355 1405 389 1456 lit
408 1406 473 1471 quia
492 1407 520 1459 in
548 1407 600 1461 boc
631 1411 796 1476 praescripto
826 1409 958 1464 miraculo
978 1411 1158 1476 ostendimus,
1180 1410 1299 1477 qualiter
1324 1411 1469 1465 subveniat

236 1503 426 1570 peccatoribus
439 1505 679 1574 bicbeatissimus,
700 1514 727 1562 et
746 1509 860 1578 dignum
872 1516 913 1563 est
933 1515 964 1563 ut
984 1511 1105 1563 breviter
1126 1515 1277 1578 tangamus,
1299 1524 1382 1576 quam
1399 1511 1471 1564 celer

236 1604 388 1659 subventor
400 1604 435 1660 sit
452 1607 486 1662 iis
497 1608 544 1675 qui
554 1608 652 1662 devota
665 1613 756 1663 mente
768 1624 831 1664 eum
854 1611 1029 1676 interpellant
1041 1624 1090 1678 pro
1103 1612 1159 1663 suis
1172 1611 1338 1664 excessibus.
1357 1611 1471 1674 Quidam

236 1707 399 1773 monachus,
411 1707 478 1762 dum
499 1708 588 1762 adhuc
608 1714 681 1762 esset
699 1710 829 1776 juvenilis
850 1710 956 1775 aetatis,
979 1710 1097 1776 quadam
1110 1710 1155 1764 die
1165 1711 1326 1764 daemonico
1340 1711 1470 1764 instinctu

236 1817 370 1858 aecensus
382 1811 424 1859 est
436 1807 520 1861 nimio
533 1808 631 1861 ardore
643 1807 766 1860 libidinis
786 1807 845 1861 solo
866 1813 978 1873 aspectu
999 1807 1151 1874 cujusdam.
1173 1809 1222 1872 Qui
1244 1809 1326 1861 ardor
1350 1809 1470 1862 nonfuit

190 1905 221 1958 ttt
236 1903 300 1957 talis
312 1905 409 1972 quales
421 1907 504 1959 ceteri
517 1906 643 1961 homiues
663 1907 754 1960 solent
774 1908 876 1959 sentire
893 1919 954 1960 cum
976 1908 1005 1959 in
1027 1908 1078 1961 boc
1100 1906 1235 1971 laborant,
1254 1907 1301 1960 sed
1314 1907 1468 1975 inusitatus,

237 2004 304 2072 quia
317 2005 380 2070 plus
391 2006 510 2073 speciem
523 2006 703 2072 protendebat
715 2007 832 2060 lebrium
853 2019 936 2074 quam
958 2006 1081 2059 luxuriae
1095 2022 1101 2058 :
1125 2019 1188 2060 nam
1210 2020 1259 2072 per
1271 2010 1357 2060 totum
1368 2019 1468 2072 corpus

237 2107 297 2158 erat
308 2104 332 2157 ei
345 2108 448 2159 tremor
459 2103 608 2160 vehemens
621 2105 681 2159 sine
693 2105 803 2172 frigore.
825 2106 873 2171 Qui
896 2106 1057 2172 perterritus
1076 2105 1147 2158 ultra
1168 2119 1249 2173 quam
1262 2105 1315 2159 dici
1329 2109 1416 2172 potest
1432 2105 1467 2160 de

237 2205 289 2258 bac
302 2205 431 2258 inusitata
444 2205 646 2271 perturbatione
659 2205 758 2258 mentis
771 2210 798 2257 et
810 2205 942 2271 corporis,
956 2218 1010 2257 una
1025 2206 1094 2259 bora
1107 2205 1135 2257 in
1149 2205 1241 2258 multis
1252 2219 1329 2258 mens
1338 2206 1397 2272 ejus
1409 2218 1468 2258 ver·

237 2309 295 2358 sata
308 2305 417 2359 estsed
427 2311 488 2372 post
500 2306 699 2373 aliquantulum
711 2306 740 2358 in
753 2319 781 2359 se
794 2319 922 2359 reversus
932 2311 958 2358 et
971 2307 1055 2359 multa
1066 2306 1094 2358 in
1104 2320 1134 2359 se
1143 2307 1252 2373 timens,
1261 2319 1341 2373 quam
1353 2307 1469 2360 maxime

187 2408 220 2460 bb
236 2410 331 2459 tamen
344 2418 379 2458 ne
390 2406 470 2469 [non]
488 2403 660 2458 solummodo
684 2405 792 2457 animae
811 2403 860 2457 sed
881 2405 961 2458 etiam
983 2406 1091 2471 corpori
1112 2416 1163 2458 suo
1185 2409 1305 2471 noceret,
1318 2405 1469 2458 scilicetne

236 2505 359 2572 aliquam
372 2509 479 2571 turpem
492 2505 613 2558 notulam
627 2504 662 2557 de
676 2517 705 2556 se
726 2503 892 2570 ostenderet,
914 2505 960 2557 ltei
982 2504 1167 2558 misericordia
1185 2503 1219 2557 ad
1238 2505 1398 2558 memoriam
1410 2506 1469 2571 ejus

236 2583 320 2658 rediit
330 2609 417 2657 mater
430 2603 633 2658 misericordiae
646 2608 673 2657 et
694 2604 826 2656 memoria
847 2603 997 2656 beatissimi
1020 2603 1151 2670 llielrotai,
1173 2604 1220 2670 qui
1240 2608 1270 2656 ut
1291 2604 1366 2672 virgo
1384 2610 1465 2657 natus

235 2703 298 2772 luit,
310 2705 386 2772 virgo
400 2705 558 2772 permansit,
572 2703 606 2756 ad
618 2703 774 2770 exemplum
796 2705 890 2757 matris
916 2704 1022 2757 Domini
1044 2705 1198 2757 salvatoris.
1221 2705 1293 2767 Quos
1305 2704 1400 2756 ambos
1417 2706 1468 2758 sub

236 2806 304 2859 bora
318 2818 384 2858 suae
395 2805 567 2859 necessitatis
579 2809 636 2859 toto
650 2805 732 2859 corde
744 2809 772 2858 et
785 2805 876 2858 animo
899 2804 1042 2867 invocavit,
1065 2804 1159 2857 ncilla
1181 2804 1347 2870 perturbatio
1360 2805 1468 2857 animae

187 2908 219 2960 eo
236 2911 265 2960 et
277 2905 385 2971 corpori
398 2905 457 2971 ejus
470 2905 541 2957 ultra
555 2908 676 2958 noceret.
690 2906 763 2968 Quae
777 2905 956 2972 perturbatio,
971 2904 1059 2956 statim
1072 2909 1102 2956 ut
1114 2904 1200 2957 oratio
1222 2903 1298 2955 linita
1312 2909 1364 2970 est,
1377 2905 1415 2956 ita
1433 2905 1468 2956 ab

236 3004 332 3060 animo
344 3010 371 3058 et
383 3017 499 3072 corpore
511 3005 571 3070 ejus
583 3009 624 3057 est
635 3004 767 3058 exstincta
781 3005 859 3070 quasi
872 3004 895 3056 si
908 3016 965 3057 non
978 3003 1082 3057 luisset.
1091 3006 1144 3056 Noe
1156 3002 1328 3056 solummodo
1341 3004 1392 3056 sub
1402 3004 1468 3056 liora

235 3105 293 3173 illa,
307 3102 355 3158 sed
368 3117 478 3170 semper
490 3115 504 3156 a
517 3103 563 3156 tali
576 3116 606 3157 re
617 3103 748 3170 deinceps
767 3103 897 3157 liberatus
918 3108 969 3169 est,
983 3103 1018 3155 ita
1039 3108 1069 3154 ut
1081 3115 1143 3154 cum
1166 3103 1232 3155 baec
1253 3100 1349 3153 eadem
1363 3101 1468 3155 rideret

236 3217 309 3272 quae
320 3203 436 3269 viderat,
449 3204 517 3256 nillil
531 3203 643 3257 omnino
657 3204 681 3256 ei
694 3208 816 3257 noceret.

272 3303 329 3355 29.
344 3303 404 3356 Fuit
415 3301 527 3369 quidam
541 3315 644 3369 pauper
658 3299 740 3355 homo
753 3301 864 3355 devilia
883 3315 954 3369 quae
967 3300 1067 3354 dicitur
1077 3301 1304 3366 Parcus,nomine
1314 3301 1468 3366 lietbertus,

187 3410 216 3461 lt)
234 3404 283 3472 qui
294 3403 390 3456 babuit
402 3402 497 3471 filium,
511 3416 593 3470 quem
603 3403 719 3456 nimium
728 3402 867 3471 diligebat.
878 3405 910 3455 ltt
921 3407 950 3455 ut
959 3403 995 3456 ab
1008 3402 1135 3456 omnibus
1143 3400 1326 3455 incommodis
1336 3402 1465 3454 liberare-

232 3508 287 3569 tur,
293 3504 441 3569 assumpsit
450 3516 594 3568 eumcum
604 3502 692 3556 adhuc
708 3507 779 3557 esset
790 3504 932 3569 puerulus,
943 3508 969 3556 et
978 3501 1105 3569 perduxit
1113 3515 1177 3554 eum
1187 3501 1220 3554 ad
1229 3500 1367 3567 quandam
1381 3502 1465 3554 eccle·

232 3602 312 3668 siam,
326 3602 437 3668 quaein
450 3603 556 3655 bonore
567 3602 653 3654 sancti
665 3600 787 3655 llicbolai
801 3606 859 3654 erat
871 3605 1026 3655 constructa
1040 3601 1068 3652 in
1081 3600 1147 3653 silva
1156 3612 1226 3667 quae
1237 3599 1336 3652 dicitur
1348 3599 1467 3653 Robore·
1510 3629 1512 3632 -

231 3709 302 3768 turn,
315 3714 434 3769 eumque
446 3705 501 3756 lieo
513 3707 540 3755 et
552 3707 645 3755 sancto
667 3702 766 3755 obtulit
786 3715 848 3754 cum
870 3701 1018 3767 oblatione,
1040 3701 1154 3754 credens
1173 3698 1246 3766 quod
1264 3699 1369 3752 meritis
1382 3700 1467 3752 sancti

232 3802 402 3855 contessoris
416 3805 624 3855 conservaretur
636 3802 670 3854 ab
691 3802 765 3854 omni
789 3800 962 3855 incommodo
983 3806 1009 3853 et
1031 3798 1237 3864 perturbatione
1258 3799 1385 3867 maligna.
1406 3801 1468 3873 Post

187 3902 220 3955 bb
238 3905 357 3954 mortem
378 3914 442 3954 vero
463 3902 557 3966 patris,
577 3914 638 3953 cum
657 3900 703 3953 ille
725 3906 797 3954 esset
810 3900 906 3975 ¹adbuc
923 3899 1053 3967 juvenilis
1070 3900 1175 3964 aetatis,
1197 3904 1291 3965 captus
1314 3903 1356 3950 est
1372 3909 1466 3951 amore

234 4001 378 4067 cujusdam
400 4000 586 4067 mulierculae,
608 4001 732 4067 quamvis
753 4014 809 4054 non
830 4005 937 4068 sponte,
960 4006 990 4053 nt
1003 4006 1096 4067 postea
1118 3999 1251 4065 apparuit.
1271 4001 1337 4051 llam
1358 4010 1420 4049 cum
1439 4011 1468 4050 se

234 4102 370 4155 irretitum
383 4101 530 4169 inspiceret
542 4101 570 4153 in
583 4114 675 4155 amore
689 4101 772 4168 illius,
786 4106 812 4155 et
825 4103 876 4155 boe
887 4101 977 4169 ipsum
987 4114 1044 4154 non
1054 4103 1079 4154 ei
1093 4101 1222 4167 placeret,
1233 4099 1323 4166 eoepit
1332 4110 1467 4166 quaerere

234 4201 373 4271 quomodo
386 4201 450 4254 inde
464 4201 714 4268 seliberaret;sed
736 4202 811 4255 nullo
833 4201 914 4255 modo
937 4201 1060 4254 invenire
1083 4204 1188 4267 poterat
1209 4199 1354 4253 consilium
1376 4197 1465 4263 aliud,

234 4302 287 4355 nisi
300 4305 331 4355 ut
342 4301 511 4368 relinqueret
523 4300 648 4367 proprios
661 4302 741 4367 lares,
755 4302 838 4353 immo
850 4304 933 4353 totam
946 4300 1071 4366 patriam.
1086 4298 1138 4352 Sed
1153 4300 1203 4352 boc
1216 4298 1291 4350 nullo
1305 4297 1385 4350 modo
1395 4290 1466 4350 role-

187 4406 218 4457 lo
235 4401 280 4455 bat
292 4401 383 4453 iacere
396 4404 506 4466 propter
520 4406 635 4453 matrem
647 4400 756 4453 viduam
769 4404 796 4453 et
805 4413 914 4453 sorores
927 4412 992 4452 suas
1004 4400 1139 4464 parvulas,
1147 4411 1215 4465 quas
1228 4397 1344 4450 babebat
1357 4409 1461 4448 seeum.

265 4597 303 4662 (l)
320 4598 480 4662 Sequuntur
493 4595 628 4662 quaedam
641 4596 824 4663 paraenetica.
