3316 5482
289 375 382 425 eran.
403 375 486 425 aar.
507 374 624 424 Panas.
644 395 689 405 —
705 374 858 423 arpenn.
878 374 925 422 nn
943 373 1020 422 con.
1041 369 1116 420 5316.
1259 354 1321 420 115

76 545 172 599 sancti
184 543 236 597 riri
249 556 350 611 corpus
364 544 515 610 nequibant
525 543 679 610 pervenire,
687 556 735 609 per
745 543 841 596 merita
852 541 966 609 piissimi
975 541 1189 607 contessoris‚ac
1199 539 1221 591 si
1232 539 1320 605 ipsum

75 645 246 712 tetigissent,
261 642 360 697 salvari
374 657 511 698 meruere.
525 647 545 698 0
557 645 668 698 beatum
685 644 828 707 Hilarium,
848 643 894 710 qui
908 656 970 695 cum
984 646 1074 696 tantae
1086 641 1193 694 virtutis
1205 646 1277 694 esset
1292 646 1324 694 ut

75 758 130 810 per
145 747 233 798 [teum
247 756 346 798 omnes
357 756 388 796 se
400 748 543 811 tangentes
555 743 590 796 de
611 757 786 811 quacumque
807 743 977 811 aegritudine
998 755 1047 795 sua
1066 741 1189 795 inllrnos
1201 745 1322 806 sanaret,

79 843 192 895 addidit
205 844 290 896 etiam
303 842 338 896 ad
351 843 491 913 cumulum
505 844 616 910 majoris
627 843 732 911 gloriae
750 848 780 895 ut
798 848 927 896 contactu
940 856 968 896 se
981 842 1120 909 tangentis
1132 840 1254 908 languidi
1266 839 1327 892 aliis

44 945 63 995 ὅ
79 943 177 1010 aegris
189 941 308 996 salutem
322 942 483 996 mirabiliter
502 942 628 996 donaret.
648 941 733 996 Video
746 943 810 996 buia
827 942 916 995 simile
929 942 1092 996 miraculum
1105 955 1155 1008 per
1167 941 1320 1008 principem

81 1042 275 1107 apostolorum
288 1043 398 1095 beatum
411 1043 521 1095 Petrum
534 1042 563 1094 in
584 1041 682 1095 diebus
702 1042 773 1094 vitae
791 1055 857 1095 suae
869 1046 1011 1107 operatum
1025 1056 1032 1094 :
1047 1053 1102 1108 quo
1114 1043 1324 1108 pertranseunte

80 1142 119 1195 de
130 1142 194 1197 loeo
206 1143 240 1195 ad
254 1143 356 1208 locum,
369 1144 398 1196 in
412 1143 507 1209 plateis
520 1143 694 1211 ponebantur
706 1142 808 1194 intirmi
822 1143 850 1196 in
863 1142 982 1207 lectulis,
996 1148 1026 1195 ut
1039 1143 1166 1195 veniente
1179 1143 1259 1194 Petro
1272 1139 1322 1193 sal·

80 1249 141 1296 tem
153 1244 254 1296 umbra
266 1244 340 1296 illius
352 1244 530 1297 obumbraret
542 1256 745 1310 quemcumque
758 1242 868 1295 illorum
881 1248 908 1295 et
920 1242 1102 1295 liberarentur
1114 1242 1149 1295 ab
1162 1239 1323 1294 inilrmitati·

81 1342 138 1395 bus
150 1343 218 1395 suis.
231 1345 284 1395 liec
298 1344 397 1395 mirum
410 1343 432 1394 si
455 1343 582 1411 magistro
601 1355 652 1395 suo
665 1345 744 1395 Petro
757 1342 855 1394 similis
869 1342 966 1394 beatus
978 1341 1095 1394 llilarius
1115 1341 1165 1394 luit
1177 1341 1204 1393 in
1217 1341 1310 1392 virtuti

31 1446 63 1496 lt)
81 1442 146 1504 bus,
159 1442 208 1508 qui
220 1442 255 1494 ab
267 1443 390 1508 ejusdem
403 1443 457 1495 rita
469 1448 497 1494 et
508 1441 635 1495 doctrina
647 1442 676 1494 in
687 1441 763 1494 nullo
774 1440 946 1507 discrepavit.
957 1443 1023 1494 llam
1033 1445 1061 1494 et
1071 1452 1185 1494 uxorem
1198 1445 1224 1493 et
1233 1439 1317 1494 tiliam

81 1542 157 1595 sicut
170 1550 197 1595 et
208 1542 254 1595 ille
266 1542 389 1608 proiecto
403 1555 452 1609 pro
471 1542 579 1596 Christo
603 1542 752 1609 dereliquit
767 1548 800 1595 'et
821 1541 925 1608 omnia,
947 1545 974 1595 et
985 1542 1071 1607 ipsam
1084 1555 1166 1608 quam
1180 1541 1225 1595 ilie
1238 1552 1322 1595 sanae

84 1640 151 1694 utet
164 1641 318 1695 doctrinam
330 1643 483 1695 seminavit.

85 1848 139 1905 De
153 1847 309 1917 quodam
334 1846 538 1919 paralytico
567 1849 615 1906 ad
643 1848 808 1907 sonetum
836 1847 983 1906 Petrum
1011 1860 1037 1906 a
1060 1847 1167 1905 beato
1181 1845 1322 1906 Hilario

637 1946 785 2006 dinemo.

54 2141 87 2192 l5
121 2138 153 2192 8.
166 2139 290 2203 Quodam
312 2144 405 2193 autem
426 2145 560 2206 tempore,
573 2140 645 2193 sicut
665 2141 682 2191 ii
703 2140 750 2206 qul
763 2139 891 2192 videmnt
903 2143 1061 2205 praesentes
1073 2140 1163 2192 adhuc
1176 2143 1320 2205 testantur,

86 2238 153 2291 dum
173 2239 297 2306 ejusdem
316 2238 449 2304 principis
468 2239 655 2306 apostolorum
676 2238 819 2305 reliquiae,
842 2251 913 2305 quae
935 2238 963 2289 in
985 2250 1051 2291 auro
1075 2244 1102 2290 et
1118 2238 1234 2305 gemmis
1252 2238 1321 2290 miro

87 2351 172 2404 opere
182 2337 332 2391 collocatae
343 2339 481 2392 babentur
493 2339 522 2391 in
534 2339 648 2392 Pietatis
661 2338 736 2403 sede,
748 2351 763 2392 a
776 2339 849 2391 clero
862 2338 985 2404 ejusdem
998 2337 1129 2391 ecclesiae
1142 2336 1175 2389 ad
1189 2341 1314 2389 sanctum
1386 2317 1392 2328 ⁸

86 2437 218 2489 Hilarium
231 2450 282 2502 pro
293 2438 492 2492 consuetudine
512 2438 685 2492 deterrentur
701 2439 731 2491 in
747 2438 929 2504 processione,
943 2438 1041 2491 accidit
1058 2437 1194 2505 quendam
1215 2437 1317 2503 paratr-

86 2537 170 2589 ticum
183 2549 233 2603 spe
244 2537 451 2602 recuperandae
473 2539 598 2590 sanitatis
613 2539 669 2604 jam
691 2537 797 2604 pridem
819 2538 847 2590 in
868 2539 984 2590 ecelesia
1007 2538 1129 2604 ejusdem
1151 2537 1318 2590 contessoris

33 2638 67 2688 iti
85 2642 313 2699 commorantem,
326 2637 419 2690 audito
429 2637 503 2704 quod
516 2651 549 2691 eo
562 2638 698 2704 praelatae
709 2638 841 2703 reliquiae
851 2638 1039 2700 adventarent,
1051 2639 1079 2689 in
1091 2637 1181 2690 medio
1191 2637 1319 2689 basilicae

86 2734 210 2801 reliquiis
223 2737 480 2801 pertranseuntibus
491 2737 629 2790 substerni
643 2741 671 2789 et
683 2736 789 2790 bomini
806 2736 1022 2790 misericordiam
1035 2735 1146 2803 verbiis]
1159 2735 1319 2802 praestolari

86 2835 194 2888 devote.
207 2837 298 2900 Supra
310 2847 391 2901 quem
405 2847 468 2887 cum
480 2834 591 2888 eaedem
604 2833 737 2902 reliquiae
749 2841 850 2898 essent,
865 2848 927 2889 mox
940 2837 1009 2888 miro
1020 2837 1048 2887 in
1059 2835 1175 2889 modain
1189 2835 1319 2887 membris

87 2936 145 2986 sais
157 2933 319 3000 sospitatem
332 2936 427 3001 sensit,
441 2941 467 2988 et
480 2935 534 2987 illis
546 2937 654 2999 amotis,
668 2936 695 2987 ln
706 2935 791 3002 pedes
802 2949 831 2987 se
844 2949 926 2988 sanus
940 2936 1057 3002 erigens,
1072 2938 1125 2987 lieo
1137 2936 1237 3001 gratias
1247 2935 1319 2987 clara

87 3046 154 3086 roae
166 3035 232 3101 egit.
245 3037 303 3098 Quo
316 3032 421 3095 audito,
444 3035 536 3087 clerici
559 3035 691 3088 ecclesiae
710 3036 780 3088 beati
802 3035 896 3087 llilarii
919 3049 983 3100 prae
995 3034 1094 3102 gaudio
1106 3034 1230 3088 miraculi
1243 3036 1320 3102 signa

42 3135 78 3185 ab
95 3132 207 3198 pulsant
219 3139 246 3185 et
263 3134 300 3186 Te
317 3134 413 3186 Deurn
427 3134 602 3200 laudamus,
616 3141 646 3187 ut
667 3134 695 3185 lit
716 3135 744 3186 in
766 3134 931 3199 hujusmodi,
950 3136 1050 3199 pariter
1062 3135 1168 3187 excelsa
1181 3148 1246 3187 voce
1258 3147 1320 3186 can·

90 3237 160 3283 tant.
171 3232 275 3294 Quibus
285 3231 330 3284 alii
343 3232 500 3299 clerici,qui
513 3247 575 3286 cum
586 3232 708 3299 reliquiis
720 3233 768 3284 illo
782 3240 914 3285 venerant
925 3233 1067 3298 ecclesiae,
1077 3234 1244 3286 unanimiter
1256 3246 1319 3286 con·

89 3330 237 3396 tradicunt,
250 3336 277 3384 et
289 3332 420 3398 principis
433 3333 620 3398 apostolorum
633 3333 832 3385 rationabiliter
851 3333 935 3386 luisse
954 3333 1125 3397 miraculum,
1139 3347 1187 3399 pro
1201 3347 1233 3387 eo
1246 3334 1320 3401 quod

88 3436 171 3483 antea
191 3431 364 3497 paralyticus,
379 3432 408 3483 in
427 3431 523 3485 eadem
544 3439 730 3485 commoratus
752 3433 878 3500 ecelesia,
892 3433 983 3486 donee
1006 3434 1034 3486 in
1056 3433 1172 3486 adventu
1195 3447 1320 3487 succum

91 3530 217 3597 reliquiis
229 3531 342 3583 minime
354 3532 389 3583 sit
400 3538 520 3584 (auratus.
543 3535 627 3585 Porro
650 3533 789 3598 utrimque
810 3533 866 3584 illis
888 3533 1091 3593 altercantibus,
1112 3532 1256 3600 languidus
1266 3535 1322 3600 jam

34 3632 71 3682 :tu
89 3638 203 3682 curatus
215 3631 243 3681 in
256 3631 400 3696 pristinam
413 3614 614 3698 aegritudinem
628 3633 772 3684 revertitur
786 3645 946 3698 rursusque,
961 3633 1032 3685 sicut
1045 3632 1132 3685 luerat
1145 3633 1232 3699 prius,
1246 3646 1322 3698 para·

90 3728 189 3796 lpticus
201 3728 325 3794 edicitur,
338 3735 366 3782 et
379 3731 500 3782 clamans
513 3735 540 3783 et
553 3731 678 3798 hejulans
692 3737 747 3784 tota
761 3732 805 3784 die
818 3732 862 3784 illa
876 3744 924 3796 pro
938 3731 1034 3797 adepta
1054 3733 1168 3785 sanitate
1182 3737 1235 3784 tam
1249 3732 1322 3785 velo·

89 3830 160 3881 citer
171 3830 291 3889 amissa‘,
307 3843 372 3896 prae
385 3830 675 3899 tristitiaobdormivit‚
689 3833 756 3883 etin
770 3833 827 3896 ipsa
837 3833 903 3884 liora
913 3831 1023 3884 beatum
1036 3832 1168 3884 llilarium
1178 3833 1206 3884 in
1217 3832 1320 3885 risione

88 3926 157 3979 vidit
169 3927 306 3980 dicantem
319 3928 371 3980 sibi
387 3945 393 3980 :
407 3929 476 3981 Non
488 3942 556 3982 mea
568 3929 623 3981 red
635 3928 716 3981 beati
728 3929 863 3996 apostoli
876 3929 993 3982 virtute
1004 3931 1138 3982 satutem
1159 3929 1227 3983 lteri
1243 3943 1322 3985 recc-

84 4026 176 4094 pr'atr',
191 4031 221 4080 ct
231 4030 267 4080 at
279 4028 454 4081 evidentiae
466 4031 554 4096 esset,
569 4029 719 4095 quereiam
731 4029 802 4081 inde
819 4029 1048 4082 altercantibus
1066 4031 1208 4097 tetrisque
1222 4031 1323 4097 parti·

32 4128 72 4179 55
88 4125 147 4179 bus
160 4125 340 4180 dubitatum
352 4130 406 4194 est,
419 4128 483 4192 [ad]
496 4128 718 4196 infirmitatem
734 4129 911 4195 prist-laam
932 4129 1070 4191 rediisti,
1098 4130 1178 4182 Vade
1195 4143 1266 4198 erpo
1280 4132 1322 4183 ad

88 4224 255 4278 ecclesiam
267 4224 367 4291 ipsias
380 4226 422 4278 ad
433 4227 640 4293 episcopatem
652 4226 753 4279 sedem
767 4226 858 4291 ltttjtts
873 4226 969 4292 tarbis,
988 4229 1018 4279 et
1031 4229 1197 4294 irreptorato
1209 4243 1242 4283 eo
1249 4243 1322 4296 pro·

88 4324 179 4377 tineae
191 4324 323 4391 recipies
330 4338 391 4391 per
403 4325 505 4392 ipsam
518 4327 694 4379 eaecitatem.
709 4329 766 4390 Quo
787 4327 860 4379 ‹lirto
873 4334 984 4379 sanctus
1001 4327 1144 4393 disparuit,
1157 4335 1184 4381 et
1202 4331 1293 4394 honio,
1307 4345 1322 4382 e

86 4438 188 4478 somno
200 4425 345 4490 evigilans,
359 4429 389 4475 ut
402 4431 505 4490 poterat
517 4427 606 4477 statim
620 4427 658 4478 ire
672 4427 778 4492 coepit;
793 4428 1011 4493 perveniensque
1031 4442 1128 4495 magno
1150 4429 1242 4482 labore
1266 4435 1322 4482 tan-

85 4525 152 4578 dem
166 4525 201 4577 ad
215 4525 307 4577 ralras
320 4527 439 4577 matricis
451 4526 593 4591 ecclesiae,
606 4526 768 4593 clausasque
790 4527 946 4584 inveniens.
961 4529 1088 4580 instando
1102 4529 1211 4593 pulsare
1223 4543 1253 4582 uc
1272 4531 1323 4583 cla-

27 4629 67 4681 40
85 4639 165 4678 mare
187 4626 278 4691 coepit
301 4640 307 4677 :
329 4625 468 4693 Aperite,
495 4626 616 4693 aperite
633 4626 732 4692 aiibi,
754 4640 844 4693 prtem
864 4627 971 4679 beatus
1002 4628 1148 4681 Hilarius
1174 4630 1322 4695 atapietro

1376 3840 1383 3855 ·
1397 3837 1462 3890 cod.

1356 3903 1483 3955 atlruissa.
