3316 5482
278 338 373 390 amn.
392 338 475 391 111.
494 339 611 391 rums.
630 361 677 372 -
692 341 848 393 urrann.
876 342 923 393 11
941 343 1018 395 cop.
1037 343 1114 396 5316.
1245 332 1309 399 119

103 479 174 560 eidem
186 508 392 564 misericorditer
403 509 548 577 reparavit,
562 510 666 578 sicque,
678 514 709 564 ut
720 512 902 578 praelibatum
914 517 964 580 est,
975 513 1004 567 in
1016 527 1072 568 una
1084 527 1166 570 causa
1175 521 1202 570 et
1211 517 1307 571 eadem

101 616 198 672 persona
208 606 261 661 duo
273 607 404 662 miracula
413 609 543 676 explevit.
556 611 591 675 (l)

290 815 342 872 Dc
357 813 460 872 carte
473 811 626 888 1111111,
643 816 815 885 quomodo
830 813 880 874 sit
892 812 1085 887 1111111111.

122 1003 162 1056 it.
178 1007 266 1058 llestat
277 1003 368 1058 adbuc
380 1005 591 1059 memorandum
603 1007 680 1060 vobis
692 1006 855 1061 miraculum
867 1006 903 1060 ad
916 1007 1030 1075 gloriam
1050 1008 1172 1062 nominis
1186 1007 1243 1074 bei,
1256 1008 1307 1076 qui
1356 1071 1357 1074 Ἴ

67 1101 217 1157 tirannis
231 1106 288 1157 suis
300 1118 409 1171 semper
417 1110 459 1158 est
469 1105 612 1171 mirabilis,
620 1111 648 1158 ot
658 1105 692 1159 ad
705 1107 839 1160 honorem
852 1108 923 1160 beati
936 1108 1039 1173 Hilarii,
1051 1120 1108 1161 non
1121 1108 1208 1177 magis
1220 1108 1306 1161 admi·

92 1203 191 1257 andum
203 1217 286 1271 quam
299 1204 512 1258 formidandum.
526 1208 661 1272 Tempore
676 1206 812 1274 siquidem
833 1207 1025 1275 gloriosissimi
1038 1207 1182 1274 cujusdam
1193 1208 1306 1275 Aquita·

91 1302 140 1356 riae
159 1302 237 1356 ducis
248 1309 276 1357 et
288 1305 395 1358 comitis
408 1306 543 1359 Pictaviae
559 1307 634 1359 venit
645 1306 680 1360 ad
692 1320 756 1359 eum
769 1306 804 1360 de
818 1307 984 1373 burgundia,
997 1307 1072 1360 unde
1085 1306 1159 1361 idem
1179 1308 1308 1375 princeps

89 1408 110 1454 11
119 1402 160 1456 alii
178 1404 342 1471 Aquitaniae
362 1402 447 1458 duces
468 1406 601 1473 originem
623 1405 736 1472 ducunt,
759 1406 911 1461 consularis
932 1406 1044 1474 quidam
1065 1405 1244 1475 clarissimus,
1265 1407 1309 1460 vir

88 1502 196 1565 prudens
207 1510 234 1556 ct
246 1503 331 1556 armis
351 1509 490 1571 strenuus,
506 1505 636 1572 principis
657 1505 782 1574 ejusdem
794 1505 984 1570 contribulus3
1001 1507 1078 1574 isque
1096 1519 1152 1559 non
1167 1507 1203 1559 ob
1224 1506 1306 1560 aliam

51 1593 75 1645 11
86 1611 185 1655 ausam
194 1602 346 1655 sevenisse
355 1604 524 1657 memorabat
534 1605 587 1657 nisi
596 1604 724 1658 alcidem
735 1604 809 1671 duci,
822 1605 857 1658 de
866 1606 944 1671 cujus
958 1605 1090 1673 sanguine
1100 1618 1130 1658 se
1139 1604 1308 1674 gloriabatur

81 1708 206 1765 exortum,
214 1702 299 1768 gratis
311 1704 436 1770 serviret,
447 1717 502 1769 quo
513 1705 553 1757 sic
565 1717 580 1756 a
593 1710 666 1757 tanta
676 1710 758 1771 gente
769 1705 847 1758 iactis
858 1705 1016 1773 ingentibus
1027 1705 1168 1772 animique
1181 1705 1303 1759 sollertia

77 1806 168 1853 senon
180 1800 349 1869 degenerare
370 1803 507 1869 probaret.
527 1805 649 1871 lienique
670 1816 727 1858 non
740 1805 825 1857 multo
846 1809 906 1870 post
918 1809 1041 1870 tempore
1063 1803 1126 1857 duci
1148 1804 1306 1858 carissimus

73 1895 121 1952 init
133 1904 162 1953 et
173 1907 303 1968 acceptus
315 1903 421 1956 meritis
430 1905 488 1956 suis
500 1909 527 1958 et
538 1918 650 1972 genere,
661 1905 764 1972 quique
781 1904 857 1957 illum
871 1905 922 1957 sibi
938 1904 1174 1971 pernecessarium
1186 1905 1309 1958 sentiens

69 2003 95 2052 et
104 1999 202 2066 lidum,
208 2003 386 2068 temptabatsi
395 2008 485 2070 posset
488 2005 589 2072 jugiter
595 2006 726 2072 retinere,
736 2004 783 2058 sed
792 2004 948 2058 nullatenus
961 2004 1048 2057 voluit
1056 2004 1103 2057 ille
1117 2004 1302 2070 acquiescere.

28 2085 51 2139 ¹3
66 2097 197 2162 Quaesita
209 2113 274 2170 ergo
285 2116 348 2157 curn
369 2104 448 2157 libuit
461 2104 595 2158 redeundi
614 2105 733 2170 licentia,
747 2118 810 2157 cum
828 2105 885 2171 jam
898 2102 1006 2171 regredi
1024 2103 1107 2156 vellet
1125 2102 1160 2156 ad
1180 2102 1304 2169 propria,

64 2195 124 2252 dux
146 2199 188 2252 illi
209 2199 289 2255 olfari
308 2216 365 2257 non
386 2204 493 2258 modica
514 2204 637 2269 donaria,
656 2205 791 2257 immensa
813 2203 943 2256 videlicet
963 2202 1022 2256 auri
1042 2202 1084 2255 vel
1106 2202 1211 2269 argenti
1232 2215 1305 2268 vasa,

60 2307 205 2362 gemmas,
218 2305 308 2354 restes
319 2307 346 2354 et
366 2307 458 2355 cetera
470 2302 626 2370 hujusmodi
641 2302 759 2370 pretiosa
779 2306 950 2356 ornamenta.
964 2300 1067 2366 Quibus
1080 2299 1230 2367 recusatis,
1243 2314 1305 2353 cum

59 2393 216 2452 discedere
224 2399 374 2468 rideretur,
388 2403 426 2455 ait
439 2418 446 2455 ε
459 2403 529 2457 Noa
540 2403 683 2470 equidem
696 2401 771 2457 baec
784 2404 874 2455 tauta
886 2401 970 2455 dorca
982 2402 1095 2468 vestra,
1108 2400 1219 2454 domne
1229 2400 1306 2467 darc,

57 2499 233 2580 ¹contemno
245 2500 428 2568 iuaipuarr,
448 2502 503 2556 sed
516 2502 684 2569 indiarum
702 2502 788 2556 vobis
808 2503 838 2555 et
857 2503 947 2569 pente
966 2502 1072 2554 restra
1088 2498 1167 2554 duco
1187 2512 1237 2553 me
1242 2512 1306 2567 pro

10 2579 36 2633 ²⁰
57 2595 202 2650 seruitio
213 2598 291 2662 meo,
304 2602 466 2667 tamquam
485 2599 624 2668 explebe
634 2603 692 2653 aut
703 2614 744 2654 eu
754 2599 912 2667 prepariis
924 2597 1079 2652 militibus
1090 2610 1198 2665 uuum,
1211 2597 1306 2652 doua-

57 2696 139 2750 tioa
151 2699 307 2766 accipere,
321 2712 390 2753 cum
396 2699 591 2767 praesertim
603 2702 719 2754 constet
730 2712 779 2753 me
791 2698 840 2752 liis
851 2710 914 2753 riou
926 2697 1078 2764 indigere.
1098 2697 1210 2750 Verum
1231 2696 1307 2764 quia

55 2797 158 2851 video
170 2809 226 2852 vos
237 2799 364 2854 moleste
383 2799 471 2869 ferre
480 2800 511 2853 si
521 2813 584 2855 nort
596 2800 731 2855 donatus
750 2813 770 2853 a
784 2798 866 2852 vobis
886 2797 1058 2864 abscedam,
1072 2809 1172 2850 uuum
1183 2796 1269 2865 quid,
1279 2794 1309 2849 si

52 2897 188 2961 placet,
207 2897 375 2966 accipiam,
388 2902 509 2952 curtem
529 2898 742 2953 scilicetbeaii
762 2897 884 2951 Hilarii
896 2909 976 2964 quae
997 2896 1032 2948 iu
1052 2895 1242 2962 Burgundio
1262 2898 1311 2950 est

58 2995 176 3049 terrae
187 2996 297 3063 utique
308 3009 394 3051 meae
413 2998 560 3064 coutipua
572 2998 602 3050 et
621 2997 760 3065 finitima
770 3014 779 3063 ,·
791 3008 825 3051 eo
848 2998 950 3049 tamea
964 2997 1077 3061 tenore,
1098 2994 1129 3047 si
1139 3008 1159 3048 a
1171 2994 1308 3048 dominis

10 3083 33 3134 ⁵
56 3097 139 3149 suis
152 3096 187 3147 in
194 3108 277 3163 pace
288 3109 358 3150 eam
369 3095 449 3149 mibi
454 3096 604 3164 poteritis
624 3096 799 3150 vendicare.
814 3097 872 3159 Quo
885 3094 988 3159 audito,
1001 3094 1055 3147 dux
1077 3094 1166 3147 laetus
1177 3092 1305 3161 edicitur,

56 3203 94 3248 et
106 3195 144 3249 ad
154 3195 301 3248 ecclesiam
313 3197 386 3249 beati
398 3196 492 3249 Hilarii
502 3210 583 3248 mane
597 3195 776 3262 proficiscitur
788 3213 795 3261 3
809 3201 1013 3261 convocatoque
1027 3194 1055 3246 in
1065 3193 1184 3260 capitulo
1194 3195 1308 3247 canoni·

56 3307 167 3350 eorum
180 3304 328 3363 conuentu,
342 3309 451 3349 causam
471 3310 520 3364 pro
539 3310 592 3363 qua
604 3304 717 3350 uenerat
729 3298 769 3349 eis
789 3297 919 3360 insinuat,
933 3295 1038 3348 addens
1051 3297 1079 3347 in
1100 3308 1168 3362 pago
1188 3296 1304 3348 Pictavis

58 3397 217 3450 meliorem
237 3402 264 3448 et
274 3397 435 3450 viciniorem
454 3397 507 3449 illis
521 3403 624 3450 curtem
639 3411 688 3463 pro
701 3398 747 3450 illa
764 3397 798 3450 dc
818 3396 973 3464 burgundia
985 3409 1014 3449 sc
1034 3396 1104 3449 velle
1117 3395 1171 3448 illis
1189 3401 1306 3449 mutare.

57 3495 140 3560 Quid
153 3495 255 3561 plural
266 3497 357 3549 Gratia
369 3496 412 3549 vel
432 3498 560 3549 instantia
577 3510 635 3563 sua,
648 3497 701 3550 loci
714 3498 795 3549 etiam
808 3495 937 3549 affinitate
956 3509 1003 3548 seu
1017 3494 1217 3559 melioratione,
1230 3493 1305 3561 quod

10 3580 32 3630 '⁰
57 3596 175 3663 optarit
186 3595 308 3648 obtinuit
319 3602 346 3648 et
366 3598 464 3649 curtim
477 3598 506 3650 in
518 3597 661 3663 Alvisiaco,
675 3610 745 3664 quac
762 3596 863 3648 dicitur
880 3595 1032 3660 llrciacum,
1046 3607 1096 3660 pro
1114 3597 1190 3646 curte
1210 3592 1306 3646 suade

97 3781 138 3845 (l)
151 3780 282 3844 Sequitur
294 3779 398 3845 prolixa
410 3779 497 3833 oratio
509 3779 543 3831 ad
556 3781 582 3831 S.
597 3779 739 3839 Hilarium,
754 3792 807 3844 qua
829 3777 945 3843 scriptor
963 3789 1012 3843 pro
1033 3790 1063 3829 se
1083 3776 1182 3841 primo,
1203 3774 1304 3828 deinde

44 3870 124 3925 pro
137 3860 319 3914 universali
329 3862 468 3915 Ecclesia
484 3862 673 3915 Dei...valde
684 3860 810 3914 turbata
830 3863 859 3913 11
880 3858 1011 3927 conpara
1033 3858 1082 3912 bis
1104 3857 1303 3925 tenporibus,

52 3945 126 3998 tum
141 3957 194 4010 pro
207 3944 320 3997 ecclesia
337 3945 497 4008 Pictarensi,
511 3958 560 4010 pro
572 3945 722 3997 Pictarensi
732 3945 800 3996 urbe
813 3949 840 3995 11
853 3956 901 4009 pro
911 3946 966 3995 tota
984 3942 1127 4009 Aquitania
1150 3941 1236 3993 sancti
1253 3940 1306 3993 sui·

52 4024 156 4095 fragia
165 4030 306 4092 precatum
318 4027 422 4078 etinter
431 4026 663 4094 haecsingillatim
673 4040 782 4093 quoque
794 4042 800 4076 ε
813 4025 895 4077 Huic
902 4024 997 4078 etiam
1006 4025 1109 4091 aulae,
1123 4024 1169 4088 ait,
1178 4023 1212 4075 irc
1221 4022 1307 4089 cujus

47 4109 191 4173 orerrrio
204 4107 348 4162 humatus
369 4109 535 4176 requiescis
549 4112 707 4177 tamquam
720 4110 754 4161 irc
769 4109 903 4177 propria
924 4108 1067 4161 domiuus
1087 4106 1193 4160 media
1205 4106 1303 4171 dama,

53 4192 201 4244 idoneos
215 4193 245 4242 et
257 4190 367 4256 dipraos
381 4192 440 4245 Deo
452 4195 481 4245 et
490 4195 542 4244 tuo
554 4195 662 4246 saucio
673 4191 801 4244 servitio
808 4202 983 4258 praepares
992 4202 1030 4242 ac
1047 4201 1205 4242 corcseroes
1213 4187 1304 4241 mirri·

50 4279 162 4341 siros,
171 4286 232 4340 per
245 4286 318 4340 quos
330 4287 441 4327 momen
454 4275 509 4327 Dei
520 4287 581 4328 non
594 4272 834 4341 blasphemetur,
846 4274 900 4326 sed
918 4271 1095 4338 bouorclur,
1108 4270 1226 4335 etjusti
1243 4283 1305 4323 aar·

51 4355 143 4408 vitii
153 4357 207 4409 sui
218 4356 354 4409 debitum
366 4357 416 4408 die
425 4361 576 4423 noctuque
585 4359 787 4424 compleatur,
801 4359 835 4409 ut
847 4355 984 4408 videntes
997 4367 1091 4421 opera
1104 4366 1208 4406 eorum
1223 4351 1303 4405 bona

46 4439 248 4505 olarificent
262 4439 392 4492 Patrem
404 4453 496 4492 suum
509 4441 564 4506 qui
577 4441 610 4492 iu
622 4442 719 4494 caelis
731 4443 785 4493 est.
800 4443 836 4492 bx
849 4453 902 4506 quo
925 4440 984 4492 loco
1005 4438 1094 4490 valide
1107 4436 1305 4501 comprobatur

54 4523 145 4586 quod
157 4535 188 4574 ex
201 4528 258 4575 tota
271 4523 429 4574 narratione
440 4524 496 4588 jam
515 4523 611 4590 collegi
626 4529 741 4589 poterat,
757 4524 887 4576 nimirum
899 4523 1058 4587 scriptorem
1071 4520 1154 4572 fuisse
1173 4518 1304 4571 clericum

56 4604 198 4659 basilicae
211 4609 240 4658 S.
255 4605 350 4657 llilarii
362 4606 487 4659 Pietatis
