3316 5482
376 362 470 413 aren.
487 362 571 414 uno.
592 362 709 414 renis.
728 383 774 393 -
790 362 945 415 aranon.
964 362 1013 412 sn
1030 362 1109 413 coo.
1129 360 1204 411 eoas.
1341 345 1410 412 227

187 533 251 600 itis,
260 536 294 586 ut
305 532 390 587 sitam
403 533 452 587 viri
465 534 512 588 liei
525 534 597 588 beati
608 535 729 602 Gregorii
741 534 904 589 Nazianzeni
916 533 951 588 de
963 547 1061 602 graeco
1073 534 1102 587 in
1114 533 1230 587 latinum
1248 533 1410 587 transferret
1513 516 1517 525 '

187 645 342 687 ¹rmouem.
355 633 510 699 etquidem
523 634 650 689 sacerdos
663 634 736 688 idem
749 635 777 686 id
796 634 964 689 desiderium
983 634 1074 701 operis
1096 635 1156 700 ejus
1177 647 1212 687 ex
1224 632 1343 700 plurimo
1353 633 1409 700 jam

187 743 296 798 mpore
310 742 372 784 sese
384 731 514 789 babuisse
525 733 664 798 professus
676 737 728 799 est,
742 733 846 786 nullam
857 737 949 787 tamen
967 733 1018 787 sibi
1032 730 1142 785 affuisse
1155 731 1326 785 occasionem
1344 744 1407 797 per·

187 828 294 885 iendi.
307 831 448 884 Praesenti
470 843 535 899 ergo
551 831 603 885 boc
614 845 687 885 anno
709 832 944 901 superagendum
962 845 1031 899 opus
1043 831 1128 899 magis
1140 830 1281 898 magisque
1294 842 1406 882 suecen-

187 943 215 997 s,
230 930 357 984 accessit
368 928 403 983 ad
415 930 519 984 amicos
530 929 696 999 sodalesque
715 944 780 986 suos
792 945 824 986 uc
836 933 882 986 bel
896 944 999 998 servos,
1013 927 1231 998 petitionis[que]
1252 941 1318 982 suae
1335 939 1411 982 amo·

187 1042 229 1097 aa,
254 1042 334 1095 quae
359 1027 398 1080 illi
419 1028 518 1095 inerat,
539 1030 676 1097 patefecit.
697 1032 747 1096 Qui
768 1045 865 1086 omnes
884 1044 941 1085 uno
959 1043 1008 1084 ore
1027 1030 1081 1083 tale
1099 1028 1235 1083 dederunt
1252 1022 1423 1094 consilium,

187 1126 366 1194 hortatique
377 1133 443 1180 sunt
453 1140 529 1193 eum,
539 1132 569 1182 ut
581 1142 639 1182 rem
652 1136 744 1183 mente
756 1135 915 1197 conceptam
929 1129 1029 1184 obnixe
1041 1134 1180 1194 expeteret
1189 1133 1271 1195 atque
1284 1126 1408 1192 inopere

187 1228 304 1295 pleret.
314 1226 508 1294 Redemptor,
519 1227 658 1295 inquiunt,
665 1233 906 1297 cooperatorqae
915 1227 1065 1283 bonoram
1074 1240 1202 1295 operam
1213 1226 1409 1280 masooster

187 1325 389 1381 wiliabitar
401 1326 498 1396 tibist
509 1329 591 1395 qaod
601 1331 704 1383 meato
715 1330 844 1398 coepisti
854 1328 1058 1398 festinaveris
1066 1328 1245 1382 accelerare
1256 1325 1291 1379 ia
1300 1337 1408 1393 opere‚·
1444 1384 1449 1392 ,

194 1426 433 1481 tamtummodo
444 1425 483 1480 ab
495 1426 676 1482 istiusmodi
686 1428 735 1482 rei
751 1428 874 1483 actione
884 1440 1083 1496 nequaquam
1101 1425 1248 1480 declines.
1263 1426 1335 1492 Ipse
1351 1436 1406 1478 aa·

187 1540 216 1580 rr
225 1537 435 1594 praecursor
446 1525 644 1595 baptisiaqae
654 1528 821 1597 lebannes,
830 1528 883 1584 cai
892 1531 927 1582 ta
938 1529 1000 1582 Deo
1011 1529 1139 1582 auctore
1150 1523 1405 1591 servireoidcris,

187 1624 376 1680 latiabitar
396 1625 452 1680 tibi
469 1627 686 1696 eieaaaterque
706 1627 773 1696 ipse
783 1627 946 1696 praebebit
963 1626 1135 1681 auaritiam.
1160 1624 1409 1691 indicaret-unique

187 1723 362 1793 ‚quendam
368 1724 543 1795 Ademamm,
552 1728 664 1781 natione
672 1730 909 1795 Beneventanum,
920 1728 1022 1795 quique
1034 1731 1062 1780 et
1073 1727 1159 1780 lector
1168 1725 1202 1778 ab
1213 1725 1409 1791 antistiteejus

187 1839 223 1879 m
252 1827 468 1879 beneventanae
487 1826 564 1880 urbis
584 1828 672 1882 iuerat
693 1828 844 1882 ordinatus.
861 1828 935 1882 Crem
958 1826 1023 1894 boc,
1037 1818 1175 1892 inquiunt,
1189 1823 1310 1892 poteris
1328 1821 1409 1891 qaod

187 1923 338 1981 >mamas
349 1922 516 1990 efficaciter
533 1926 719 1994 adimplere.
739 1928 863 1981 Perrexit
881 1927 963 1994 igitur
984 1925 1122 1993 praefatus
1141 1925 1293 1992 presbyter,
1306 1924 1404 1990 etjam

187 2028 273 2076 ctum
295 2020 464 2076 Aeternarum
476 2023 608 2078 lectorem
628 2025 759 2092 repperit,
780 2025 861 2092 eique
883 2025 924 2078 sui
943 2036 1053 2078 causam
1074 2022 1207 2076 desiderii
1223 2034 1277 2089 per
1297 2033 1409 2075 omnem

187 2122 270 2177 riem
283 2119 430 2197 munatii.
443 2125 476 2175 itt
487 2123 534 2176 ilie
547 2124 615 2176 ninii
628 2129 749 2179 moratus
761 2125 907 2179 monitioni
919 2124 993 2178 illius
1007 2124 1124 2176 libenter
1144 2121 1234 2190 paruit
1245 2138 1253 2188 ;
1266 2121 1408 2189 accitoque

187 2223 315 2277 ciorum
327 2221 486 2290 interprete,
497 2224 579 2276 vitam
592 2224 664 2278 beati
677 2226 799 2294 Gregorii
811 2224 862 2278 viri
875 2224 922 2277 bel
935 2224 1034 2277 summi
1047 2221 1185 2290 pontilicis
1198 2221 1275 2276 brevi
1286 2224 1408 2288 tempore

189 2336 302 2380 rmone
313 2322 350 2376 ab
361 2323 443 2379 attico
455 2324 595 2392 eloquium
607 2327 745 2380 transtulit
757 2328 785 2380 in
799 2327 913 2381 latinum
926 2324 1050 2379 feliciter.

609 2426 752 2492 explicit
767 2425 940 2491 praefatio.

200 2624 254 2690 Da
271 2640 377 2691 ostro
391 2642 434 2690 ar
451 2643 648 2692 seruorum
667 2628 700 2694 S.
721 2629 887 2695 Erenourr
908 2625 990 2714 (Gir.
1009 2645 1121 2712 supra,
1138 2646 1172 2711 p.
1188 2625 1269 2703 219,
1287 2622 1371 2712 62⁰).

204 2819 321 2873 bucenti
334 2819 415 2873 beato
436 2822 569 2887 ilparclrio
582 2822 664 2876 vitam
684 2823 835 2892 angelicam
855 2823 884 2875 in
906 2822 987 2875 terris
1009 2827 1037 2874 et
1048 2822 1120 2875 inter
1135 2820 1272 2875 cotidiana
1290 2820 1407 2886 suspiria

187 2918 289 2973 lomino
299 2920 402 2986 jugiter
414 2919 590 2975 decantanti:
608 2923 737 2982 Quaado
756 2922 882 2976 versiam
893 2924 923 2975 et
942 2920 1098 2989 apparebo
1110 2922 1185 2974 arcte
1201 2918 1317 2987 faciem
1328 2919 1385 2973 Dei
1394 2921 1408 2974 t

187 3021 203 3069 at
212 3029 275 3071 cum
287 3018 431 3084 apostolo:
444 3020 539 3088 capio
550 3021 682 3075 dissolvi
692 3024 722 3075 ct
733 3035 799 3075 osse
809 3034 881 3076 eam
897 3019 1026 3088 cbristo,
1039 3020 1116 3075 adest
1128 3019 1259 3072 Dominus
1271 3017 1407 3071 consolari

187 3126 284 3170 ervum
296 3129 387 3184 suum,
401 3119 519 3171 animam
529 3119 603 3172 iliius
615 3121 650 3172 ito
663 3120 822 3187 alloquens:
831 3122 934 3188 sarpa,
947 3119 1026 3186 versi,
1039 3119 1144 3172 amica
1156 3129 1235 3183 mea,
1243 3116 1406 3185 praerima,

187 3214 313 3280 peaosa
322 3228 400 3283 mea,
412 3217 553 3271 columba
563 3232 641 3287 mea,
656 3220 691 3271 ia
703 3232 839 3274 caverna
849 3219 1014 3286 maceriae,
1023 3219 1057 3271 ia
1066 3215 1278 3285 foraminibus
1284 3217 1406 3284 petrae.

187 3310 246 3366 bem
257 3314 384 3381 quidem
396 3315 453 3368 tibi
459 3319 556 3384 petra
571 3317 712 3372 Christus
733 3320 818 3372 verm
840 3318 956 3372 bamili
967 3317 1130 3386 refapium
1151 3315 1407 3370 terraneolam

187 3415 258 3468 mim
269 3413 368 3469 bissae
380 3416 510 3470 transiit
524 3417 767 3473 tribulationum
779 3422 918 3487 tuarum,
933 3418 1030 3472 imber
1047 3418 1126 3472 abiit
1146 3419 1176 3471 ct
1197 3415 1325 3472 recessit
1337 3428 1408 3483 per-

187 3512 392 3568 turicremam
400 3517 625 3586 saaradialiam,
636 3518 731 3585 flores
741 3518 891 3573 bonoram
901 3532 1030 3586 operum
1040 3519 1263 3585 apparuerant
1275 3515 1310 3568 ia
1319 3518 1408 3569 terra

187 3615 239 3681 aa,
252 3613 287 3666 id
299 3616 345 3667 est
356 3613 392 3668 ia
403 3628 534 3683 corpore
552 3620 615 3671 tao.
628 3618 669 3672 to
681 3619 749 3672 baec
762 3618 903 3685 respondit
915 3619 1029 3672 bomino
1042 3617 1144 3671 dilecta
1155 3616 1195 3668 illi
1208 3616 1299 3668 anima
1313 3631 1320 3667 :
1341 3615 1405 3669 νοω

187 3713 314 3767 'arturis
326 3715 439 3769 audita
451 3719 507 3783 est,
521 3718 658 3784 Domine,
672 3718 731 3772 tibi
751 3719 784 3770 in
803 3721 892 3772 terra
912 3721 1032 3785 nostra,
1043 3729 1167 3784 pemeus
1179 3717 1208 3769 et
1220 3715 1345 3769 diceas:
1357 3715 1408 3767 fa·

187 3810 256 3866 ‘etia
268 3825 321 3880 epo
340 3813 439 3881 bomo,
452 3817 524 3883 qais
536 3829 584 3871 me
597 3816 790 3871 liberabitis
805 3830 934 3885 corpore
945 3817 1057 3871 risoriis
1074 3815 1166 3883 bajas
1176 3817 1189 3870 i
1198 3817 1297 3868 verum
1309 3814 1408 3867 silente
1440 3832 1444 3839 ·

187 3911 209 3966 ld
229 3913 296 3966 haee
317 3914 422 3968 curisto
443 3915 533 3984 inquit
553 3917 653 3970 Paulus
671 3918 831 3985 apostolus:
849 3918 962 3972 Gratia
975 3917 1032 3970 Dei
1039 3929 1099 3984 per
1116 3917 1223 3968 lesam
1238 3912 1406 3969 Christum.

187 4010 221 4063 iis
231 4011 342 4076 auditis,
354 4013 472 4079 pretiosa
485 4015 576 4068 anima
588 4028 721 4069 conversa
734 4016 878 4069 iterumad
897 4016 1034 4069 Christum
1046 4016 1085 4068 ait
1098 4031 1105 4066 :
1125 4014 1212 4080 Quia,
1223 4012 1359 4079 Domine,
1372 4013 1407 4064 at

187 4109 277 4178 mdia,
289 4111 396 4178 pratia
412 4114 466 4167 tua
479 4113 622 4168 liberabit
634 4128 682 4168 me
694 4128 714 4168 a
726 4128 855 4182 corpore
866 4114 978 4168 mortis
991 4113 1095 4180 bipes,
1109 4125 1211 4180 sarae,
1226 4111 1339 4166 dilecte
1351 4111 1405 4178 mi,

187 4221 276 4278 arpa,
283 4223 425 4279 propera
443 4213 479 4265 irs
495 4224 661 4269 occursum
682 4215 804 4268 ausilii
824 4215 885 4268 mci
902 4215 1017 4280 etjam
1038 4213 1164 4267 tandem
1184 4211 1309 4266 osiertae
1329 4208 1409 4263 mitri

187 4306 287 4363 ‘aciem
297 4312 395 4378 taam,
405 4314 492 4365 sonet
500 4324 561 4366 voa
570 4316 626 4366 faa
638 4314 673 4365 irc
685 4314 818 4368 auribus
828 4315 905 4367 mem
916 4331 924 4367 .·
934 4314 1010 4381 qaia
1022 4326 1082 4367 voce
1091 4315 1148 4365 tua
1156 4310 1260 4365 damis
1270 4312 1300 4364 et
1309 4309 1408 4378 facies

187 4406 229 4460 tua
245 4407 369 4464 deeora.
390 4411 491 4469 Quam
511 4412 588 4479 qaia
606 4412 755 4467 hactenus
777 4414 844 4466 viati
856 4426 918 4481 per
935 4414 1096 4480 specuium
1117 4414 1146 4465 et
1167 4412 1202 4463 iri
1222 4410 1406 4477 aenipmate,

187 4504 319 4576 ianceps
339 4512 548 4578 comtemplari
564 4525 687 4567 merear
707 4513 791 4581 facie
810 4512 993 4580 adfaciem.
1013 4511 1174 4579 liujusmocli
1195 4523 1310 4576 sponsae
1330 4522 1406 4573 suae,

187 4600 248 4660 tecti
269 4610 395 4678 liparchii
418 4610 535 4678 animae,
557 4614 696 4667 amoribus
716 4614 875 4680 delectatus,
897 4626 1015 4680 sponsus
1034 4612 1158 4664 amabilis
1179 4611 1309 4663 bominus
1328 4612 1407 4663 iesus
