3316 5482
215 323 283 389 246
562 333 689 386 aaran.
711 331 812 382 oooo.
831 331 1006 382 aaaroon.
1025 330 1105 382 nur.

630 511 840 575 ancuuuu
865 505 899 572 S.
919 505 1047 570 Buusu.

245 711 308 761 Drat
318 708 347 760 in
357 705 572 761 eademcivitate
580 702 703 755 sebastia
714 701 815 754 ieruina
824 699 970 768 quaedam,
981 699 1267 768 nominelustiniana,
1282 670 1493 758 christiafl¹'

213 812 283 863 sima
295 812 323 862 et
335 809 469 875 religiosa,
484 811 564 860 nocte
577 819 608 858 ac
620 805 665 857 die
678 804 799 856 serviens
817 802 932 856 Domino
945 815 1007 854 curn
1026 803 1101 854 omni
1111 803 1194 857 domo
1207 817 1267 858 sua.
1282 806 1354 859 flacc
1366 774 1492 859 uarfl

213 909 259 961 Dat
271 908 384 961 unicum
397 906 482 959 tilium
496 918 587 971 suum,
608 902 720 955 nomino
741 901 936 965 samartanum,
951 904 978 953 et
990 900 1047 966 ipse
1060 905 1118 953 crat
1130 902 1259 968 princeps
1271 902 1406 958 idolorum
1443 868 1492 937 θ’

214 1007 315 1061 multos
328 1005 509 1059 interficiebat
529 1010 641 1069 propter
662 1001 742 1054 ddern
765 1007 791 1054 et
812 1013 914 1053 nomen
935 1000 1042 1052 Domini
1063 1001 1149 1053 nostri
1169 1003 1234 1055 iesu
1254 978 1477 1059 christi.1tr³¹

211 1120 325 1176 quoque
338 1107 366 1158 in
380 1106 466 1172 ipsius
479 1103 580 1170 templo
591 1102 665 1156 lovis
677 1114 711 1154 ex
724 1114 791 1153 auro
805 1100 892 1153 iactus
904 1105 931 1152 at
949 1112 1045 1152 omnes
1058 1100 1196 1166 principes
1208 1100 1363 1156 adorabant
1375 1111 1453 1157 eum·

213 1206 334 1270 Quadam
346 1217 411 1259 vero
424 1204 479 1270 die,
493 1204 558 1257 dum
571 1214 667 1255 omnes
681 1201 820 1267 principes
841 1199 1029 1252 sacrificarent
1047 1200 1115 1266 tori,
1138 1201 1196 1266 ipse
1209 1201 1383 1256 salustianos
1395 1215 1450 1271 per·

213 1319 310 1360 cussus
322 1309 389 1358 esta
403 1308 457 1357 Deo
470 1308 496 1356 et
509 1302 634 1368 apparuit
648 1299 741 1353 clades
764 1300 792 1351 in
806 1304 915 1367 gutture
936 1299 996 1364 ejus
1014 1311 1096 1365 quant
1109 1299 1258 1354 aeneadas
1278 1305 1390 1357 vocant.
1403 1300 1448 1368 Qui

213 1412 335 1459 tremens
348 1405 445 1471 iactus,
459 1403 488 1455 in
503 1403 561 1468 ipsa
573 1401 699 1468 angustia
711 1400 801 1466 coepit
813 1412 843 1451 se
855 1398 978 1451 volutare
997 1399 1025 1449 in
1039 1399 1195 1464 parimento
1209 1400 1349 1455 aedicere
1365 1418 1372 1455 :
1386 1403 1448 1456 Hert

211 1506 429 1570 meraritarum,
443 1504 550 1557 dolore
558 1500 658 1555 nimio
669 1503 823 1568 torqueor.
834 1500 874 1552 illi
885 1504 977 1552 autem
988 1500 1034 1567 qui
1047 1498 1161 1552 aderant
1174 1501 1345 1555 invocabant
1355 1506 1447 1557 torem
1461 1503 1486 1556 to

211 1612 239 1660 et
250 1606 319 1660 aiios
328 1605 396 1659 deos
408 1616 474 1657 suos
486 1616 549 1655 curn
562 1615 604 1666 co,
616 1602 691 1654 iovis
704 1607 795 1653 autern
808 1599 915 1652 nulium
926 1599 1058 1653 auxilium
1071 1603 1118 1652 aut
1130 1601 1277 1654 sanitatem
1290 1602 1319 1656 ei
1332 1610 1451 1670 praesta·

211 1707 267 1771 Dat,
280 1704 328 1758 sed
341 1705 426 1770 magis
446 1703 525 1756 dolor
547 1700 669 1754 irruebat
690 1713 773 1766 super
796 1712 868 1752 curn.
891 1701 966 1751 'runc
989 1698 1086 1752 dantes
1106 1700 1131 1752 ei
1145 1713 1242 1752 manus
1254 1700 1451 1767 perduxerunt

148 1828 151 1833 ¹
213 1818 275 1859 curn
288 1805 317 1857 in
337 1804 450 1857 domum
471 1815 557 1854 suam.
572 1803 656 1853 Mater
674 1812 739 1852 vero
753 1799 811 1865 ejus
828 1811 890 1851 cunr
909 1798 1023 1851 vidisset
1034 1811 1108 1863 euru,
1122 1800 1281 1853 contristata
1294 1806 1338 1854 est
1359 1801 1450 1865 vaide.

211 1904 275 1971 quia
287 1900 388 1956 unicus
400 1905 458 1953 crat
469 1900 503 1952 ei.
518 1899 643 1966 Dixitque
656 1898 691 1950 ad
704 1911 767 1950 euru
780 1901 866 1950 mater
882 1909 931 1950 sua
946 1918 951 1946 ι
966 1897 1040 1965 Fili,
1052 1910 1161 1950 camus
1172 1898 1215 1951 ad
1227 1897 1451 1955 beatissimum

211 2000 554 2067 Blariamepr'scopam.
568 1999 629 2065 Epo
643 1997 735 2051 creda
747 1997 823 2064 prtia
836 1995 871 2048 irc
881 1995 1023 2049 omnibus
1033 1995 1178 2050 membris
1192 1997 1256 2051 tais
1263 2001 1371 2065 pateat
1381 2000 1451 2054 red·
1469 2004 1494 2055 ii

211 2102 284 2155 dere
294 2099 473 2153 sanitatem.
481 2098 607 2164 Dixitque
617 2098 642 2149 ei
653 2096 724 2150 idius
735 2097 855 2161 :itatem
862 2098 1073 2164 quodcumqae
1085 2097 1209 2152 dz'xerir
1218 2097 1308 2166 ratiti,
1317 2099 1452 2154 credam

211 2202 261 2255 ael
272 2199 403 2269 faciam.
416 2201 539 2264 Cumque
551 2198 692 2250 venissent
709 2197 790 2249 ambo
809 2196 920 2261 pariter,
935 2203 1020 2249 mater
1041 2210 1103 2249 cunt
1124 2196 1366 2262 iilio‚ceciderunt
1385 2204 1452 2253 ante

211 2300 298 2367 pedes
307 2299 470 2352 sanctissimi
482 2297 562 2350 Diasii
573 2298 702 2363 episcopi.
712 2300 788 2350 Tunc
799 2301 909 2349 sanctus
920 2296 1025 2350 Diasius
1034 2298 1102 2351 dixit
1111 2298 1136 2352 ei
1147 2314 1154 2349 ε
1164 2298 1357 2367 salustiano,
1367 2300 1400 2353 ai
1408 2313 1451 2353 eac

212 2402 273 2454 toto
286 2399 378 2454 corde
394 2398 498 2453 credis
510 2398 544 2450 ia
556 2399 662 2450 lesam
678 2395 833 2451 Christum
846 2397 952 2466 fitium
965 2398 1029 2465 Dei,
1042 2398 1243 2466 recuperabis
1255 2399 1290 2451 in
1300 2400 1451 2454 amnibus

211 2499 357 2554 membris
370 2498 433 2552 tuis
451 2497 632 2551 sanitatem.
654 2499 731 2550 'runc
752 2497 924 2551 salustianus
947 2512 954 2549 :
976 2498 1054 2551 Sita
1066 2497 1147 2550 neiat
1157 2499 1330 2553 sanitatem
1338 2504 1452 2554 contu·
1469 2502 1495 2554 at

213 2600 299 2660 teris,
312 2611 365 2666 cao
377 2611 483 2653 omnes
500 2597 573 2651 deor
594 2610 676 2651 meos
697 2595 897 2664 consrinpam
920 2600 950 2649 ct
968 2598 1095 2652 credam
1107 2598 1142 2651 ira
1153 2599 1258 2652 Jeaam
1275 2597 1450 2668 Christum,

211 2697 315 2767 filiam
334 2697 388 2751 Dei
407 2697 481 2763 viai,
495 2709 583 2764 prtem
605 2699 639 2749 ta
654 2696 836 2764 praedicas.
858 2698 972 2750 Sanctus
993 2701 1085 2750 autem
1108 2696 1211 2750 Diasius
1234 2697 1322 2751 tribus
1344 2697 1451 2753 diebus

210 2798 346 2865 jejunavit
355 2811 418 2851 curu
428 2809 460 2851 eo
468 2802 494 2851 et
503 2797 678 2850 catechizavit
687 2810 761 2850 cunr.
776 2796 998 2863 Denedicensque
1011 2809 1110 2864 aquarn
1120 2810 1197 2850 more
1208 2797 1452 2865 solitooaptizavit

214 2911 277 2951 eurn
291 2897 319 2949 iu
332 2897 445 2949 nomino
458 2897 543 2949 Patris
556 2902 583 2949 et
599 2897 658 2948 Fiiii
671 2903 698 2949 et
714 2896 831 2963 Spiritus
843 2897 939 2961 sancti,
954 2902 981 2949 et
992 2910 1098 2964 ungens
1118 2911 1181 2949 cum
1203 2909 1282 2950 sacro
1293 2898 1451 2953 chrismate

178 3010 182 3021 ¹
212 3011 309 3050 sanum
323 2995 443 3050 reddidit
463 2997 491 3047 in
511 2996 556 3048 iila
576 2998 653 3049 hora.
678 2997 773 3048 Statim
794 2997 875 3063 igitur
896 2997 995 3063 gratias
1017 3010 1100 3062 agens
1119 2999 1173 3050 Deo
1192 3002 1219 3049 et
1237 3002 1333 3050 sancto
1357 2998 1449 3054 Blasio
1466 3002 1495 3054 ii

213 3110 292 3151 servo
306 3099 376 3163 ejus,
390 3097 508 3162 perrexit
520 3096 553 3147 ud
568 3095 699 3163 tempium
712 3097 786 3149 doris
799 3102 824 3148 et
838 3095 961 3148 incendit
980 3095 1049 3148 iilud
1059 3110 1122 3148 curn
1135 3096 1265 3149 omnibus
1277 3095 1360 3149 idolis
1373 3112 1450 3166 quae

212 3199 241 3250 in
254 3198 312 3263 ipso
324 3200 411 3262 erant,
425 3201 451 3247 ct
463 3196 530 3248 dixit
544 3216 549 3245 :
563 3196 611 3248 Sic
619 3197 754 3261 pereant
768 3197 797 3247 et
812 3195 1022 3248 incendantur
1038 3197 1067 3247 ct
1084 3195 1220 3248 ardeant
1232 3195 1285 3262 qui
1302 3209 1368 3249 nam
1380 3210 1449 3252 cre·

207 3297 291 3348 dunt
307 3294 465 3349 Christum
476 3295 578 3362 fitium
592 3294 648 3346 Dei
658 3296 847 3348 saluatorem
858 3297 887 3347 ct
899 3294 1137 3361 prabcruutorem
1151 3295 1290 3348 arrmr'am
1300 3297 1449 3361 pertitam

209 3394 406 3463 sperantiam
419 3395 452 3446 r'n
462 3406 504 3446 se.
517 3397 592 3447 Tunc
604 3395 724 3446 universi
737 3395 876 3473 principes
897 3401 923 3446 et
945 3395 1138 3446 universorum
1154 3394 1319 3461 templorum
1333 3396 1448 3462 pontiti-

208 3507 263 3560 ccs,
277 3495 400 3547 videntes
419 3493 553 3546 mirabilia
574 3507 645 3560 quae
659 3495 789 3546 Dominus
801 3508 850 3559 per
868 3495 978 3547 beatum
993 3495 1110 3546 Diasium
1125 3494 1248 3559 iaciebat,
1262 3494 1446 3551 crediderunt
1463 3502 1495 3551 stt

210 3607 305 3647 omncs
317 3600 344 3646 et
356 3594 482 3660 baptizati
495 3599 558 3645 sunt
571 3594 628 3645 scre
650 3598 753 3658 septem
773 3593 858 3645 rniiiia
881 3595 1033 3646 ltorninum.
1054 3594 1264 3659 Opinatissirnus
1285 3596 1362 3648 enim
1385 3605 1448 3651 erat

211 3695 256 3746 Dei
269 3698 371 3759 martyr
383 3697 410 3745 ct
422 3692 566 3758 episcopus
589 3692 692 3744 Diasius
712 3706 768 3745 non
789 3697 893 3744 tantum
907 3694 936 3744 iu
952 3693 1085 3758 sebastia,
1099 3691 1147 3745 sed
1160 3693 1242 3744 eiiam
1255 3693 1285 3747 in
1297 3695 1444 3764 Nicopoli3

208 3794 321 3848 scicntia
333 3792 472 3846 doctrinae
485 3797 543 3845 erat
555 3792 675 3845 imbutus
685 3798 712 3844 et
725 3792 914 3844 medicinalem
931 3798 1017 3845 artem
1031 3805 1171 3847 exercens.

684 3997 964 4010 *—

388 4282 391 4289 ·
435 4252 570 4340 odax.
595 4253 720 4341 (iader
751 4256 941 4366 signatus
970 4282 1084 4344 num.
1106 4256 1237 4345 5330.

239 4477 305 4530 Dlinr
318 4480 489 4534 tloiDcrtinus
502 4454 576 4548 addi,¹
590 4483 691 4536 deinde
705 4485 804 4552 Regius
817 4490 843 4537 (t.
856 4487 931 4538 sadi.
945 4488 970 4538 ἓ.
983 4487 1008 4538 ⁹2.

240 4578 376 4632 Foliorum
389 4583 430 4646 72,
443 4581 515 4633 ruod.
527 4581 747 4648 (amastrido),
761 4583 897 4636 columnis
911 4584 991 4648 Dinis,
1006 4589 1131 4637 exaratus
1144 4598 1217 4639 saec.
1231 4586 1300 4639 xiil.
