3316 5482
221 322 290 390 566
437 384 443 395 ,
564 341 691 393 cunm.
710 342 812 392 cono.
831 341 1007 393 moroan.
1027 341 1107 392 mr.

217 507 323 592 scilicet
343 521 358 562 a
379 509 469 562 verbis
480 509 652 565 vindictam
672 513 738 565 tam
750 511 918 578 propriam
937 509 1025 580 (num.
1038 514 1072 567 ua
1092 513 1187 578 med).
1202 514 1234 567 tn
1256 513 1316 568 tine
1328 514 1447 583 tegitur:

217 606 357 674 appelait
364 608 473 674 passio
484 610 589 664 sancti
599 609 717 678 Aipmfi
724 611 887 678 martyris,
896 611 952 678 qni
960 623 1074 678 corpas
1082 611 1166 666 beati
1168 613 1284 680 patris
1294 613 1450 668 Benedicti

217 719 239 762 a
254 705 379 761 Cassino
391 709 495 763 castro
506 709 541 762 in
555 707 681 765 Gallias
692 710 736 764 ad
746 710 945 765 Floriacense
955 711 1184 766 monasterinm
1196 710 1327 768 detulit.

396 1118 617 1212 (lDLXVII.
642 1119 767 1209 (lodex
787 1120 977 1232 signatus
997 1144 1109 1211 num.
1135 1119 1262 1212 8316.

249 1328 319 1382 Olim
332 1330 492 1384 Baluzianus
503 1333 563 1395 666,
576 1332 676 1386 deinde
689 1333 787 1400 Regius
799 1333 828 1386 G.
841 1333 917 1387 6166.

252 1432 424 1500 chartaceus,
436 1433 563 1488 loliorum
575 1435 634 1501 eto,
642 1434 710 1487 min.
720 1435 921 1502 (dupondii),
934 1433 1014 1489 lineis
1027 1431 1127 1502 plenis,
1136 1438 1267 1488 exaratus
1280 1446 1358 1489 saec.
1372 1436 1423 1489 xv.

251 1533 340 1585 Unum
351 1530 382 1586 in
393 1532 487 1586 codice
499 1533 655 1586 continetur
666 1532 861 1587 documentum
872 1534 1045 1602 aliquatenus
1057 1534 1315 1604 hagiographiam,

315 1622 394 1725 [lle]
411 1623 539 1725 capite
568 1623 691 1702 sancti
709 1623 884 1702 Andreae
914 1624 1082 1726 apostoli
1108 1629 1266 1727 portato
1286 1625 1451 1707 Romam

365 1746 415 1826 de
432 1748 766 1851 Constantinopoli
784 1749 861 1849 (fol.
886 1748 1100 1851 iiii-tw).

253 1873 360 1929 scillcet
376 1875 462 1930 oratio
482 1877 521 1929 Pii
534 1879 556 1930 11
577 1877 606 1929 in
626 1877 745 1932 adventu
764 1878 859 1943 capitis
871 1879 897 1930 s.
911 1877 1044 1944 Andreae,
1057 1876 1101 1930 ed.
1113 1889 1158 1944 ap.
1171 1875 1258 1931 Andr.
1272 1881 1446 1948 saussayum,

218 1973 261 2026 De
270 1973 375 2041 pluria
387 1974 424 2028 B.
433 1975 577 2030 Andreae
597 1975 732 2043 apastoli
742 1976 837 2041 (Paris.
852 1977 926 2043 tuot,
939 1975 967 2028 in
980 1975 1049 2043 iot),
1061 1989 1088 2042 p.
1101 1977 1215 2043 iti-tm
1229 1977 1275 2031 cui
1297 1979 1449 2045 praemissa

218 2077 260 2124 est
271 2073 337 2126 traec
349 2075 470 2128 narratio
482 2075 656 2141 prooemialis
668 2092 677 2128 s

256 2176 328 2230 ires
343 2176 526 2232 cardinales
537 2177 766 2233 aSanctissimo
775 2178 904 2233 Domino
913 2177 1005 2245 Papa
1016 2178 1107 2233 missi
1117 2179 1279 2234 Narniam
1289 2180 1449 2235 manaan
1489 2250 1492 2255 .

218 2276 256 2328 nt
272 2276 465 2330 sanctissimi
479 2278 624 2333 Andreae
640 2278 774 2346 apostoli
790 2279 884 2344 capnt
895 2277 1025 2332 itommn
1044 2278 1255 2345 deportarent.
1269 2279 1358 2334 Illac
1369 2279 1448 2334 mrim

210 2374 283 2440 jam
302 2374 411 2429 mnia's
431 2375 596 2444 mensione,
609 2377 712 2432 ecdem
729 2379 923 2442 procurante
943 2376 1104 2446 Pontifice,
1117 2376 1260 2431 delatam
1280 2375 1394 2444 ficerat
1412 2389 1449 2431 en

219 2472 354 2540 lapenda
365 2475 455 2529 clade
477 2472 829 2543 constantinopolitana.
842 2475 924 2530 linia
942 2475 1025 2530 tanti
1044 2474 1177 2542 apostoli
1188 2474 1349 2542 reliquiae
1367 2477 1449 2530 &m-

217 2584 288 2626 mns
307 2574 444 2629 occurrit
463 2573 611 2642 Pontifecc
633 2588 703 2630 eam
722 2575 909 2643 dipnissima
933 2574 1152 2630 cardinalium
1175 2576 1205 2628 et
1224 2577 1447 2642 praelatorum

211 2672 416 2739 pompacitra
418 2676 544 2740 pontem
555 2673 706 2741 Miletum,
714 2673 768 2727 nbi
777 2674 933 2728 invirenti
940 2686 1050 2741 campa
1061 2673 1193 2728 sicolime
1203 2672 1368 2729 theatrum
1378 2688 1446 2729 cnm

217 2772 352 2842 mirifico
372 2776 532 2842 apparata
551 2772 661 2841 sacrat
678 2776 887 2829 constructum
906 2775 936 2827 et
954 2774 991 2826 in
1012 2773 1112 2828 medio
1128 2775 1234 2827 altare
1254 2774 1392 2828 Domini.
1410 2774 1446 2827 ln

218 2872 379 2941 iilndpost
387 2874 567 2928 sollemnem
574 2875 804 2941 processionem
812 2872 1177 2928 ascenditSanctissimns
1187 2873 1341 2926 Dominus
1348 2874 1446 2941 Papa,

220 2973 401 3028 Cardinales
413 2977 443 3028 et
454 2977 517 3029 tota
530 2975 630 3040 cario,
641 2977 671 3028 et
681 2975 812 3028 dernissa
824 2975 858 3027 in
867 2976 988 3027 terram
991 2974 1120 3042 poplite,
1127 2972 1229 3026 divini
1236 2973 1375 3040 apostoli
1385 2985 1446 3028 oer-

217 3074 313 3128 oicem
324 3075 459 3142 sumpsit
475 3074 509 3126 in
520 3074 673 3141 manibus,
689 3076 719 3127 et
729 3073 860 3140 reliquis
876 3073 1068 3126 similiterse
1074 3071 1360 3139 prosterrwntibns,
1368 3072 1445 3139 piis·

216 3173 299 3227 sima
310 3173 403 3227 verba
415 3173 449 3227 in
460 3175 555 3240 capnt
569 3174 651 3227 iliad
659 3173 808 3240 proloqui
816 3173 914 3239 eoepit
924 3172 1069 3225 Summas
1078 3169 1236 3238 Pontifea‚
1245 3174 1342 3238 atone
1350 3181 1446 3235 nerto,

219 3273 267 3326 cel
277 3272 479 3326 adamantini
491 3273 603 3340 cardis,
609 3272 715 3339 potorii
727 3273 877 3327 lacrimas
888 3275 918 3325 et
928 3271 1090 3337 sinpnltas
1102 3269 1271 3335 continere,
1285 3280 1448 3334 omnesque

213 3373 411 3440 postmodnm
431 3385 468 3425 ea
488 3385 551 3439 qna
568 3373 669 3425 valuit
683 3372 835 3439 plenaria
856 3370 1064 3424 benedictione
1084 3366 1250 3430 benedieti,
1273 3368 1304 3421 et
1325 3367 1388 3420 iter
1408 3366 1450 3418 in·

216 3486 351 3541 presens,
364 3474 459 3540 capnt
476 3473 578 3540 ipsam
594 3473 736 3539 propriis
753 3471 897 3524 manr'bns
916 3471 950 3533 in
972 3470 1121 3536 templum
1138 3469 1253 3521 Beatae
1270 3466 1398 3520 Mariae
1413 3467 1449 3519 de

219 3573 337 3639 Populo
355 3571 467 3626 celebri
480 3584 597 3640 pompa
617 3572 652 3624 in
672 3571 779 3624 artem
796 3569 980 3638 deportavit.
999 3570 1129 3622 Postera
1150 3579 1221 3620 vero
1243 3565 1306 3631 die,
1329 3565 1449 3619 indicta

218 3673 363 3725 sollemni
366 3671 665 3740 processionc,omni
673 3673 840 3726 convocata
849 3669 1008 3737 relipione,
1017 3665 1214 3722 adstantibus
1225 3664 1449 3720 cardinalibus

80 3788 167 3842 wod·
224 3772 252 3823 et
267 3773 425 3838 praelatis
439 3771 636 3838 pedestribus
653 3785 723 3825 cnm
746 3771 841 3825 cereis
859 3768 1002 3835 incensis,
1022 3765 1184 3833 canopeis*
1203 3766 1318 3819 stratis
1339 3764 1450 3830 abique

56 3855 189 3922 0068668·
223 3863 1450 3939 auleiseiplaribnseastrnetisaltaribus,delatamestcapatrpsnminaedem

224 3972 330 4027 Sancti
341 3972 437 4038 Petri,
450 3971 503 4025 nti
514 3972 675 4025 aniversae
686 3971 786 4024 simili
798 3969 1006 4024 benedictione
1017 3964 1182 4020 tewdixit.

251 4069 507 4137 montemarano
520 4070 625 4123 habita
644 4070 679 4122 in
697 4070 779 4122 dicto
802 4069 865 4122 loeo
872 4079 933 4134 per
953 4063 1192 4119 Sanctissimnm
1213 4061 1382 4115 Dominam
1399 4073 1448 4114 no·

220 4171 321 4222 stram
332 4169 455 4236 Papam
468 4167 562 4221 Pinm
573 4168 615 4236 ΙΙ,
626 4168 677 4221 die
690 4167 752 4220 XII
762 4166 882 4234 Aprilis
896 4166 975 4231 tiit,
989 4164 1131 4217 adstante
1143 4174 1256 4228 macno
1265 4162 1385 4228 populo
1397 4173 1449 4211 nn·

219 4278 304 4319 mero
320 4266 398 4329 Cim,
411 4266 549 4319 Romano
562 4265 740 4318 elatiorem
754 4266 900 4318 locorum.

253 4364 412 4419 advenisti
424 4364 589 4431 tandem‚c
609 4363 858 4418 sacratissimam
878 4364 907 4415 et
926 4359 1180 4415 odoratissimam
1197 4358 1304 4412 saneti
1322 4355 1451 4425 apostati

223 4467 361 4534 capnt...

691 4625 982 4641 ———-
