3316 5482
211 353 279 419 294
556 366 683 418 caran.
702 365 805 417 cono.
824 365 1000 417 naamon.
1019 365 1100 417 nar.

213 534 413 602 illuddicam‚
421 546 439 589 o
441 547 623 604 pauperum
631 535 830 603 suspectatio,
838 534 1024 589 miserorum
1031 534 1444 590 cmisolatrbllionneoerum

213 640 351 692 tammus
363 635 496 705 suissed
509 638 538 690 te
548 639 675 690 nostrae
688 635 771 689 sedis
782 635 992 703 Burdepalam
1010 635 1117 690 urbem
1136 636 1198 691 Deo
1210 635 1445 704 adquisitomet

214 737 263 791 tui
268 748 329 804 per
339 737 502 790 mulierem
519 749 539 789 a
555 739 585 790 te
596 735 791 803 baptisatam
803 735 998 803 impositione
1006 734 1110 790 baculi
1113 735 1295 803 principem
1306 734 1442 790 ciuitatis

213 835 357 889 continuo
369 849 389 888 n
406 835 511 890 morbo
528 838 678 890 curatum
690 834 852 902 pessimo?
870 834 1030 901 Numquid
1046 834 1159 887 nonin
1175 834 1286 888 eadem
1302 833 1381 888 urbe
1396 836 1443 888 tiu

214 933 403 1002 sopitumest
414 934 523 989 bacino
534 934 716 990 incendium
727 932 900 987 aestuans!
917 933 1007 1001 llopo,
1028 933 1058 987 si
1067 932 1104 987 ob
1110 931 1214 1001 plebis
1225 935 1354 987 reatum
1369 931 1471 1001 ipns'st

215 1033 317 1088 abore
329 1034 526 1102 tuoeuitqni
538 1032 825 1088 dermatinimicos
838 1035 916 1102 tuos,
931 1036 1035 1087 tamen
1047 1035 1075 1087 te
1091 1044 1158 1087 esse
1169 1032 1298 1087 ostende
1317 1032 1386 1099 mus
1401 1032 1445 1085 di·

213 1132 370 1201 scipulum
382 1133 437 1201 qui
446 1131 518 1201 fons
530 1132 765 1188 misericordiae
775 1134 830 1186 est.
853 1132 963 1186 aram
981 1131 1123 1186 omnibus
1134 1130 1315 1186 astantibus
1328 1131 1364 1186 in
1374 1131 1445 1186 ocri

215 1231 391 1301 talefateor
402 1231 486 1300 quia,
498 1232 665 1300 nisibeno,
679 1234 848 1299 uunquam
866 1230 904 1285 ab
921 1230 980 1285 bac
996 1243 1152 1285 recessero
1169 1230 1256 1299 urbe,
1275 1231 1313 1284 in
1330 1229 1382 1286 bis
1397 1231 1447 1300 qut

72 1337 161 1393 'cod
212 1333 393 1399 praesentes
409 1333 486 1385 suut
506 1343 590 1386 nunc
612 1330 800 1385 restinrceris
811 1332 820 1350 '
832 1330 1006 1398 (lammam,
1023 1330 1089 1383 nisi
1112 1329 1209 1384 istam
1226 1328 1448 1385 tribulantium

19 1403 204 1459 restrium·
216 1430 451 1485 multitudinem
463 1443 483 1484 a
495 1433 524 1484 te
534 1430 640 1484 uidero
657 1433 809 1498 curatam,
827 1442 891 1484 non
901 1429 1006 1483 credet
1022 1430 1112 1483 ultro
1128 1441 1216 1484 mass
1225 1441 1297 1485 meo
1309 1428 1363 1484 bis
1374 1441 1448 1499 puae
1461 1429 1488 1483 lt

216 1531 254 1585 de
268 1533 297 1584 te
309 1531 373 1597 lepo
386 1529 556 1597 magnifica
573 1543 629 1584 nec
642 1528 779 1584 ulterius
792 1531 881 1582 tuum
903 1529 946 1583 ad
964 1527 1045 1582 banc
1062 1528 1220 1583 civitatem
1235 1541 1291 1583 ero
1302 1530 1451 1598 expetitu·

214 1643 273 1684 rus
279 1629 504 1697 patrocinium.
515 1631 650 1683 Frustra
661 1627 741 1683 mibi
757 1627 969 1695 appellaberis
986 1627 1112 1682 Domini
1128 1628 1318 1695 discipulus,
1336 1629 1375 1682 in
1390 1641 1452 1684 aas

214 1743 285 1784 sum
296 1729 376 1784 milri
386 1729 542 1784 vocaberis
553 1729 700 1784 occiduae
710 1728 796 1796 penti
807 1742 827 1781 o
840 1728 900 1781 Deo
909 1727 1047 1782 directus
1057 1728 1224 1795 apostolus,
1234 1727 1301 1782 uisi
1309 1728 1348 1781 in
1355 1728 1453 1784 oculis

78 1833 167 1889 ‘cod.
217 1827 293 1882 mets
304 1826 489 1882 comitentur
500 1827 735 1882 misericordiae
745 1826 879 1894 effectus.
903 1829 941 1882 Te
958 1840 1064 1882 omnes
1083 1827 1275 1895 Aquitaniae
1287 1829 1454 1896 populor,

19 1901 195 1955 maehum·
217 1930 246 1981 te
252 1926 373 1994 plebem
381 1927 435 1981 cui
440 1927 605 1994 praesideo
614 1926 873 1994 Burdepalensem
886 1927 1036 1994 baptismo
1046 1926 1178 1980 tinuisse
1186 1926 1268 1980 milti
1278 1926 1315 1980 in
1326 1940 1451 1982 vanum
1466 1929 1495 1981 lt

212 2026 472 2095 pronuntiabunt,
493 2026 558 2080 nisi
577 2026 658 2094 quod
678 2038 731 2080 oro
749 2038 811 2093 pro
831 2028 938 2080 salute
958 2027 1089 2080 dolentis
1115 2024 1211 2093 liujus
1235 2026 1457 2082 munitatem

218 2129 434 2196 impetrauero.
455 2127 624 2194 virgulum,
645 2139 725 2194 quae
742 2126 776 2180 in
792 2126 868 2180 serbe
878 2125 960 2180 sedis
972 2139 1059 2180 aneae
1070 2138 1132 2194 pro
1144 2125 1285 2192 pretioso
1302 2124 1456 2181 lacteam

218 2227 446 2283 custodiebatur
458 2225 612 2294 thesauro,
625 2225 705 2280 milti
714 2227 787 2280 oilae
799 2225 1025 2294 aestimabitur,
1038 2226 1103 2279 nisi
1114 2238 1169 2280 cor
1178 2225 1456 2281 naeumeulsilara·

220 2331 285 2382 tum
299 2328 337 2381 de
348 2327 467 2380 medela
480 2326 613 2381 istorum
624 2325 810 2381 reddideris.

252 2428 284 2482 3.
301 2427 346 2479 llis
358 2426 503 2494 peroratis,
517 2427 550 2480 ad
564 2425 711 2492 hospitium
723 2425 946 2493 archiepiscopus
967 2425 1091 2479 recessit.
1110 2426 1174 2478 Erat
1191 2428 1283 2478 antem
1302 2437 1354 2491 per
1365 2428 1495 2481 totamtl

218 2528 315 2582 urbem
327 2528 403 2607 intus
415 2531 442 2580 et
460 2526 524 2580 toris
541 2526 661 2580 virorum
678 2529 706 2578 et
724 2526 871 2579 mulierum
889 2538 955 2592 prae
973 2525 1069 2579 dolore
1086 2524 1255 2592 gementium
1273 2524 1455 2580 clamorsine

83 2643 170 2697 ‘cod
221 2626 316 2694 requie
328 2631 354 2680 et
365 2626 435 2679 letor
447 2624 629 2678 intolerabilis
637 2624 685 2691 qui
698 2625 751 2677 de·
764 2624 893 2679 incendio
903 2637 1048 2691 corporum
1062 2624 1214 2677 exhalabat.
1226 2627 1294 2676 Tum
1313 2637 1382 2679 ecce
1395 2626 1456 2693 ipsa

22 2707 91 2776 6)Υο
102 2710 149 2826 ‚thui
162 2707 206 2772 d0)
224 2725 315 2779 media
327 2730 407 2778 nocte
420 2725 545 2791 apparuit
556 2724 663 2792 signum
676 2736 758 2788 super
769 2723 909 2776 basilicam
927 2723 1013 2776 sancti
1026 2722 1108 2788 Petri,
1122 2722 1151 2774 in
1164 2735 1217 2789 qua
1229 2721 1304 2776 beati
1323 2724 1457 2778 ltartiatis

38 2788 200 2896 &replebo
225 2825 380 2892 sepulcrum
389 2838 449 2878 esse
460 2824 575 2879 videtur.
588 2826 653 2876 Nam
666 2823 844 2876 cernentibus
858 2824 1012 2876 innumeris
1024 2823 1076 2877 sub
1088 2823 1133 2876 dio
1143 2824 1152 2844 ·
1162 2822 1319 2889 jacentibus
1333 2822 1364 2876 in
1376 2836 1460 2879 excu-

220 2926 282 2992 biis,
295 2924 389 2979 lumen
401 2923 435 2977 de
453 2923 529 2978 eaelo
551 2935 700 2977 coruscans
721 2937 804 2989 super
827 2923 918 2976 locum
930 2923 1048 2990 sepulcri
1067 2921 1220 2985 descendit,
1238 2925 1266 2975 et
1284 2935 1337 2976 suo
1354 2923 1495 2989 inbuet

222 3030 306 3080 totam
323 3025 457 3078 civitatem
479 3024 557 3090 quasi
578 3024 623 3076 lux
644 3023 699 3076 diei
722 3022 874 3076 meridiana
895 3036 944 3088 per
963 3035 1048 3075 unam
1069 3023 1126 3075 tere
1147 3022 1244 3075 horam
1264 3020 1456 3077 inluminavit

221 3129 319 3179 Omnes
330 3129 421 3177 autem
441 3124 488 3190 qui
510 3124 539 3174 in
559 3123 627 3175 urbe
639 3126 718 3175 erant
737 3121 898 3190 languentes
917 3127 1029 3188 repente
1049 3121 1109 3173 sani
1123 3120 1185 3174 tacti
1198 3123 1272 3186 sunt,
1287 3125 1317 3173 et
1328 3128 1458 3175 cessante

220 3224 316 3278 dolore
329 3228 355 3277 et
367 3224 468 3292 gemitu
482 3223 591 3289 requies
603 3226 630 3275 et
642 3221 781 3274 silentium
800 3221 928 3274 omnibus
946 3221 1048 3273 tactum
1061 3225 1112 3273 est.
1125 3222 1247 3273 Fuerunt
1258 3231 1324 3272 vere
1337 3233 1457 3275 numero

222 3335 249 3377 vt
273 3323 367 3388 millia,
387 3329 459 3375 eteo
479 3322 608 3388 amplius,
627 3332 725 3374 eorum
744 3321 790 3388 qui
803 3320 900 3373 cadem
919 3319 1007 3372 noctis
1035 3320 1102 3373 bora
1124 3318 1268 3372 sanitatem
1286 3324 1457 3386 receperunt

222 3422 343 3477 virorum
365 3427 393 3476 et
412 3422 567 3483 mulierum,
589 3421 713 3474 dantium
734 3425 761 3473 et
779 3420 893 3485 gloriam
906 3421 960 3472 beo
978 3418 1057 3486 caeli,
1079 3423 1106 3471 et
1125 3418 1160 3471 ad
1179 3417 1287 3484 propria
1299 3417 1495 3472 incolumes&

222 3523 371 3576 redierunt.
385 3524 446 3588 lpsa
465 3521 585 3588 denique
607 3521 695 3573 noctis
713 3521 779 3573 bora
798 3525 966 3572 memoratus
984 3518 1138 3584 episcopus,
1157 3517 1187 3570 in
1204 3516 1277 3570 lecto
1294 3518 1457 3583 quiescens,

222 3620 290 3675 sidit
302 3622 330 3673 in
344 3633 442 3687 sopore
455 3618 593 3686 profundo
606 3618 688 3671 talem
700 3617 844 3672 visionem.
858 3617 989 3670 Adstabat
1001 3617 1027 3670 ei
1037 3617 1199 3683 splendidus
1211 3617 1239 3669 in
1249 3620 1326 3670 veste
1339 3616 1458 3685 fulgenti

222 3723 264 3775 vir
276 3721 397 3789 qnidam,
411 3722 457 3788 qui
471 3734 584 3773 urceum
597 3720 709 3785 plenum
721 3731 792 3784 aqua
805 3718 961 3784 porrigebat
972 3718 1007 3783 ei,
1026 3717 1120 3770 dicens
1134 3733 1141 3770 :
1155 3717 1286 3771 Mandat
1301 3715 1360 3770 tibi
1371 3718 1457 3772 Mar·

223 3821 321 3887 lintis,
334 3819 507 3887 discipulus
517 3818 641 3871 Donaini
652 3817 752 3871 rrostri
763 3818 837 3870 Jesu
852 3816 975 3883 Christi,
986 3819 1022 3868 ut
1031 3815 1068 3868 de
1078 3815 1137 3870 bac
1144 3814 1271 3883 lympha
1284 3813 1458 3884 refrigeres

217 3919 370 3987 popellum
381 3919 574 3970 aestuantem
585 3915 731 3982 finitimis,
744 3917 773 3968 et
786 3914 859 3967 bene
876 3913 1038 3966 nabebunt.
1052 3915 1231 3979 Experrectus
1243 3924 1258 3964 a
1272 3924 1371 3966 somno
1384 3927 1455 3979 pon·
1471 3916 1495 3966 a·

25 4026 113 4080 *carl
126 4025 201 4079 dum.
224 4018 300 4083 tifex,
322 4017 387 4070 dum
408 4028 500 4069 secum
521 4013 631 4067 de'tali
654 4014 800 4066 miraretur
821 4013 891 4079 visu,
913 4016 942 4065 et
960 4012 1051 4064 omnia
1068 4013 1161 4078 quieta
1179 4012 1303 4077 sentiret,
1321 4011 1459 4065 intellexit

224 4116 425 4171 misericordiae
437 4128 528 4168 rorem
540 4114 671 4166 divinitus
682 4114 711 4166 in
724 4113 832 4179 plebem
850 4112 955 4177 stillari,
975 4112 1044 4164 sicut
1056 4116 1083 4165 et
1101 4112 1287 4165 inlucescente
1300 4123 1384 4164 mane
1396 4125 1460 4178 pro·

224 4219 306 4272 bavit.
320 4219 351 4269 ln
365 4216 411 4269 illo
423 4220 546 4281 tempore
559 4213 693 4280 siquidem
706 4227 739 4266 ex
751 4219 816 4266 tunc
828 4213 889 4265 talis
901 4213 930 4264 in
942 4213 1001 4278 ipsa
1013 4213 1099 4277 patria
1110 4212 1240 4278 paulatim
1253 4223 1364 4264 cessare
1376 4211 1458 4280 plaga

224 4319 324 4384 coepit,
336 4322 367 4368 ut
379 4320 472 4381 aperte
484 4319 622 4367 constaret
633 4311 801 4379 Aquitanicis
819 4312 907 4377 ipsum
920 4325 980 4364 esse
993 4316 1175 4378 protectorem
1194 4311 1224 4363 in
1241 4310 1324 4365 caelis
1342 4311 1393 4379 qui
1404 4326 1456 4367 eos

224 4419 288 4472 olim
302 4429 394 4470 veram
406 4413 488 4468 fldem
500 4413 633 4466 docuerat
645 4414 672 4464 in
686 4413 776 4466 terris.
1475 4417 1495 4467 p

257 4519 288 4569 4.
302 4513 447 4569 iterumad
461 4514 534 4566 illam
544 4514 651 4566 beatam
664 4513 818 4582 congregati
838 4513 939 4578 pariter
958 4517 1021 4564 sunt
1039 4511 1247 4565 translationem
1260 4511 1383 4578 episcopi
1398 4526 1460 4579 sep·

224 4622 289 4682 tem,
302 4615 380 4682 quasi
389 4613 480 4691 angeli
500 4617 605 4679 septem
626 4611 814 4675 ecclesiarum,
836 4617 867 4664 ut
887 4614 946 4678 ipso
967 4624 1045 4665 sacro
1066 4611 1221 4677 septenario
1240 4611 1321 4665 nobis
1332 4610 1458 4668 doctoris
