3316 5482
351 329 414 394 lli
687 346 815 430 caran.
833 346 935 397 eonn.
956 347 1130 398 naorocn.
1151 348 1233 398 1111.

349 522 401 579 De
414 518 617 591 paralytico
631 517 670 578 in
692 518 749 579 dis
766 519 948 579 transitus
961 521 1041 592 eius
1061 521 1200 594 curato,
1216 521 1252 580 et
1266 518 1351 580 aliis
1375 519 1499 592 ueris
1514 534 1585 593 per

657 621 807 679 eundem
820 620 857 678 et
870 618 1086 691 paralyticis
1102 619 1256 680 sanatis.

382 813 413 865 ⁷.
426 814 500 866 luter
512 812 617 880 reliqua
630 812 755 867 moderni
768 813 897 880 temporis
911 814 1042 866 miracula
1059 813 1126 866 illud
1144 815 1288 881 antiquum
1305 811 1377 866 beati
1391 814 1486 870 Hilarii
1498 815 1584 867 mira-

347 913 439 966 culum
451 914 588 967 inscratur
599 912 673 979 quod
686 913 715 964 in
727 912 825 966 diebus
838 913 968 966 transitus
981 915 1040 980 ejus
1058 913 1245 980 multipliciter
1256 913 1388 968 accidisse
1406 927 1421 968 a
1434 914 1578 970 nonnullis

347 1016 477 1070 recitatur
490 1030 497 1066 ε
510 1014 545 1067 de
557 1026 613 1081 quo
625 1011 738 1080 quidem
750 1011 859 1065 videtur
872 1013 972 1065 mirum
984 1026 1047 1065 cum
1060 1014 1088 1066 in
1102 1015 1203 1068 nostris
1215 1014 1293 1068 libris
1304 1014 1339 1069 de
1351 1014 1406 1069 1111
1419 1021 1448 1070 11
1458 1017 1576 1071 miracu·
1596 1019 1615 1070 5

347 1115 381 1168 lis
392 1113 517 1182 eiusdem
527 1112 692 1167 confessoris
704 1125 761 1164 non
773 1112 922 1175 invenitur,
933 1125 994 1164 cum
1005 1113 1034 1164 in
1046 1113 1251 1180 plerisquealiis
1263 1114 1330 1168 locis
1339 1115 1471 1183 scripturn
1480 1117 1581 1170 babea-

346 1214 478 1280 tur3nisi
501 1214 566 1281 quia
590 1212 704 1266 forsitan
728 1219 775 1264 aut
794 1210 911 1279 aliorum
935 1211 1034 1278 culpa·
1058 1214 1283 1279 praetermissum
1305 1219 1348 1268 cst
1367 1223 1415 1269 aut
1437 1214 1579 1270 oblivione

348 1314 508 1379 subreptum
529 1325 588 1378 seu,
609 1312 683 1379 quod
707 1310 876 1378 probabilius
893 1315 943 1377 est,
962 1311 1042 1364 nobis
1060 1312 1095 1364 ad
1111 1313 1289 1366 scribendum
1302 1313 1394 1367 divina
1406 1314 1581 1380 providentia

347 1416 526 1477 reservatum,
536 1409 609 1478 quod
620 1411 696 1478 juxta
708 1411 810 1464 sanct·
820 1411 927 1463 scribae
939 1411 1114 1478 sententiam,
1124 1425 1206 1479 quam
1217 1413 1246 1466 in
1256 1412 1399 1481 evangelio
1408 1413 1534 1483 legimus,
1544 1413 1580 1467 dc

346 1513 475 1565 thesauro
486 1511 559 1564 beati
571 1509 666 1564 Hilarii
680 1510 873 1563 miraculorum
887 1515 1097 1564 111111111111
1114 1511 1295 1577 proferamus.
1308 1513 1579 1580 obeuntesiquidcm
1600 1514 1635 1566 lo

346 1612 467 1679 praefato
479 1611 600 1664 antistite
621 1609 663 1663 vel
683 1611 775 1676 potius
795 1623 826 1662 ex
848 1611 972 1666 terrenis¹
988 1609 1021 1663 ad
1041 1610 1169 1663 caelestia
1188 1612 1336 1680 migrante,
1359 1613 1579 1668 innumerabiles

346 1711 440 1778 populi
449 1712 593 1779 utriusque
604 1725 686 1764 sexus
699 1717 726 1763 et
738 1710 852 1771 ordinis,
871 1709 994 1763 diversae
1012 1711 1108 1764 aetatis
1127 1717 1154 1763 ei
1170 1711 1351 1779 condicionis,
1366 1726 1423 1766 non
1441 1712 1524 1767 modo
1543 1714 1578 1767 de

346 1812 489 1878 pictaviae,
502 1825 597 1865 verum
609 1810 691 1864 etiam
703 1808 738 1863 de
751 1809 811 1861 aliis
820 1809 944 1875 partibus
959 1809 1132 1875 aquitaniae,
1142 1810 1233 1863 audito
1251 1811 1313 1877 ejus
1329 1812 1457 1883 transitu,
1470 1811 1504 1864 ad
1518 1825 1583 1866 exe·

346 1913 426 1979 quias
446 1911 590 1978 peculiaris
610 1910 716 1977 patroni
738 1909 861 1975 undique
880 1907 1081 1962 confluxerunt.
1105 1913 1228 1978 Cumque
1248 1924 1349 1978 eorpus
1370 1914 1501 1965 exanime
1529 1927 1580 1980 pro

346 2011 532 2065 consolatione
553 2023 664 2064 suorum
681 2013 762 2076 atque
783 2008 978 2061 miraculorum
999 2009 1153 2076 frequentia
1170 2009 1220 2064 diu
1236 2015 1434 2076 superterram
1447 2015 1529 2077 esset,
1543 2026 1579 2066 ne
1598 2014 1634 2066 15

347 2111 433 2165 sacris
443 2111 557 2164 artubus
568 2109 669 2177 injuria
682 2107 768 2173 tieret,
781 2108 815 2161 de
828 2108 968 2175 sepultura
986 2110 1046 2174 ejus
1063 2122 1144 2177 agere
1161 2115 1321 2177 coeperunt.
1335 2110 1386 2162 Alii
1399 2112 1429 2163 in
1447 2111 1516 2165 urbe
1534 2113 1580 2166 cui

347 2211 510 2277 praefuerat,
520 2223 570 2275 pro
582 2209 668 2262 tutela
680 2213 707 2261 et
719 2208 806 2260 salute
818 2208 929 2272 civium,
940 2207 985 2260 alii
1000 2209 1051 2262 boc
1065 2222 1121 2262 non
1134 2209 1229 2274 licere,
1240 2209 1288 2262 sed
1300 2213 1376 2263 extra
1388 2211 1488 2263 urbem
1500 2225 1581 2279 sepe·

265 2316 269 2323 '
346 2308 471 2364 fiendum
482 2309 678 2377 probaverunt.
701 2306 823 2360 Tandem
844 2320 876 2359 11
897 2308 1009 2374 antiqua
1032 2307 1245 2374 consuetudine,
1266 2322 1321 2375 qua
1341 2310 1371 2362 in
1392 2310 1509 2364 urbibus
1521 2323 1580 2365 non

349 2407 430 2462 flebat
440 2412 506 2461 tunc
518 2407 668 2474 sepultura,
680 2404 776 2458 ultima
785 2404 936 2471 praevaluit
948 2407 1094 2471 sententia,
1105 2412 1131 2459 et
1143 2407 1171 2458 in
1182 2407 1298 2460 ecclesia
1311 2415 1470 2462 sanctorum
1482 2414 1581 2476 marty·

348 2520 409 2560 rum
421 2505 553 2559 lobannis
566 2510 593 2558 et
605 2504 691 2569 Pauli,
712 2515 796 2570 quam
817 2516 866 2569 pro
886 2504 1009 2571 reliquiis
1027 2509 1185 2558 sanctorum
1204 2507 1327 2573 ipsorum
1340 2520 1435 2560 secum
1451 2507 1486 2561 ab
1499 2508 1583 2562 exilio
1600 2509 1634 2561 20

347 2605 435 2659 allatis
447 2606 475 2657 in
488 2604 588 2672 oppido
600 2604 662 2657 urbi
675 2603 803 2671 contiguo
819 2608 1020 2668 construxerat,
1035 2605 1211 2658 venerandae
1222 2605 1340 2659 traditus
1352 2612 1394 2660 est
1411 2608 1583 2673 sepulturae.

348 2707 404 2769 Quo
416 2704 481 2757 dum
494 2716 600 2757 summa
612 2703 766 2756 reverentia
786 2701 1009 2768 praecedentium
1031 2714 1062 2756 ac
1083 2704 1312 2772 subsequentium
1334 2706 1451 2772 stipatus
1473 2711 1582 2761 caterva

347 2802 509 2867 deferretur,
531 2801 595 2869 quia
616 2801 692 2854 locus
713 2801 797 2853 cellae
819 2802 848 2852 in
860 2813 915 2867 qua
928 2801 1034 2853 transiit
1054 2813 1070 2853 a
1090 2802 1151 2855 loco
1164 2802 1211 2855 illo
1224 2803 1394 2869 aliquantum
1407 2803 1537 2871 distabat,
1551 2807 1581 2859 in

348 2901 437 2955 medio
449 2902 519 2964 viae,
532 2899 605 2968 quod
618 2903 733 2952 estante
746 2911 853 2964 arenas,
867 2899 950 2966 baiuli
964 2900 1098 2953 feretrum
1112 2899 1283 2968 deponentes
1295 2906 1394 2955 stetere
1407 2908 1435 2956 ct
1455 2904 1581 2971 aliquan·

347 2999 396 3055 diu
407 3001 455 3063 ibi,
472 3000 604 3067 populum
615 3012 630 3052 a
643 3000 724 3067 longe
736 3004 897 3065 sequentem
909 3000 1117 3065 praestolantes,
1132 3015 1268 3054 mansore.
1283 3002 1332 3055 Ubi
1346 3015 1409 3055 cum
1427 3003 1583 3058 immensus
1598 3007 1632 3060 ab

348 3099 413 3152 cleri
425 3111 457 3151 ac
466 3099 570 3152 clamor
581 3097 676 3164 populi
689 3098 842 3162 permiseue
855 3096 889 3149 ad
902 3097 992 3150 sidera
1005 3098 1147 3152 tolleretur
1159 3101 1339 3165 cantantium,
1352 3100 1460 3169 soli[u]s
1471 3115 1503 3156 11
1518 3116 1582 3168 pro·

347 3198 399 3264 prii
414 3199 531 3265 pastoris
543 3198 647 3250 exitum
660 3196 873 3263 deplorantium,
888 3197 917 3248 in
935 3197 1031 3250 eadem
1045 3199 1144 3251 vicinia
1157 3199 1303 3268 languidus
1317 3200 1429 3266 quidam
1443 3202 1471 3253 in
1486 3202 1579 3255 baten-

255 3298 261 3311 ·
280 3338 287 3353 .
348 3298 394 3350 sis·
406 3296 567 3350 decubabat.
582 3296 631 3360 Qui
644 3296 737 3348 sonitu
754 3295 881 3349 clamoris
896 3296 969 3349 illius
988 3299 1128 3363 excitatus,
1142 3299 1274 3365 quidnam
1288 3300 1340 3353 boc
1352 3305 1426 3353 esset
1439 3302 1579 3354 cohabita·

349 3401 422 3449 tores
444 3396 495 3450 loci
519 3396 593 3449 illius
621 3400 823 3463 percunctatur,
843 3396 973 3463 auditque
1003 3398 1067 3463 quia
1097 3398 1168 3450 beati
1200 3399 1294 3451 Hilarii
1326 3412 1426 3465 corpus
1455 3401 1578 3467 episcopi

346 3497 509 3551 Pictavensis
531 3495 654 3550 defuncti
678 3496 712 3548 ad
732 3494 890 3562 sepulcrum
914 3497 979 3549 inde
1005 3496 1133 3550 ferretur.
1159 3499 1241 3564 Cujus
1262 3498 1307 3551 ille
1327 3498 1487 3552 recordatus
1507 3501 1576 3566 quia
1595 3503 1628 3553 bo

343 3597 482 3663 potensin
495 3595 634 3648 miraculis
645 3600 727 3660 esset,
740 3601 770 3647 ut
783 3594 831 3661 qui
845 3595 946 3648 multos
959 3596 989 3647 in
1001 3597 1055 3649 vita
1069 3596 1155 3663 ipsius
1168 3595 1292 3650 infirmos
1304 3610 1353 3664 per
1365 3599 1486 3651 eundem
1496 3612 1576 3652 sana·

343 3700 385 3749 tos
405 3695 535 3760 audisset,
550 3700 626 3762 rogat
647 3695 855 3748 circumstantes
876 3701 907 3748 ut
928 3696 952 3748 11
970 3696 1004 3748 ad
1017 3696 1148 3749 feretrum
1171 3702 1403 3764 praesentaretur.
1417 3699 1521 3762 Quibus
1534 3712 1576 3752 re

343 3795 542 3861 spondentibus
554 3807 619 3860 prae
632 3793 807 3847 multitudine
818 3794 908 3862 gentis
925 3808 982 3847 non
998 3808 1077 3861 posse
1091 3797 1157 3849 baec
1170 3795 1240 3859 fieri,
1255 3797 1433 3850 nibilominus
1444 3797 1577 3851 obnixius

322 3966 326 3971 Δ
341 3880 510 3960 supplicabat
522 3899 552 3946 ut
563 3893 659 3947 saltem
677 3907 759 3960 supra
771 3907 818 3947 eos
834 3894 868 3947 de
885 3895 963 3947 turba
981 3895 1010 3945 in
1030 3896 1139 3947 turbam
1156 3897 1325 3962 proiceretur
1345 3909 1491 3963 quousque
1509 3902 1575 3950 ante

339 4007 439 4061 corpus
452 3994 537 4047 saneti
551 3995 702 4047 sisteretur.
716 3993 785 4059 Quid
798 3995 903 4046 11111111
914 3996 1061 4058 annuitur,
1075 3997 1217 4062 proicitur,
1231 3999 1259 4048 11
1270 3997 1382 4049 tandem
1395 3995 1430 4050 ad
1443 4003 1568 4064 optatum
1587 4000 1621 4051 35

340 4093 611 4151 11111111111111111.
625 4096 682 4158 Quo
703 4095 876 4159 perveniens,
895 4098 922 4146 et
944 4096 1006 4146 nisu
1022 4108 1076 4161 quo
1086 4101 1192 4160 poterat
1206 4095 1336 4149 feretrum
1349 4097 1574 4165 apprehendens,

342 4207 417 4257 casu,
431 4193 514 4245 immo
527 4192 574 4245 bei
588 4198 666 4259 nutu,
680 4192 763 4258 pedes
786 4193 872 4246 sancti
894 4194 982 4261 attigit
1003 4195 1063 4246 riri.
1078 4196 1136 4258 Quo
1149 4200 1277 4248 contactu
1290 4208 1351 4248 mox
1365 4195 1457 4263 fugato
1469 4195 1506 4249 de
1516 4200 1576 4250 toto

341 4304 456 4358 corpore
468 4303 517 4343 suo
540 4290 671 4356 languore
691 4302 777 4344 sanus
796 4289 917 4356 effectus,
941 4292 968 4342 in
991 4292 1074 4357 pedes
1093 4294 1576 4348 1111111111.ῦυί1111111111111

341 4404 428 4444 unum
441 4389 540 4453 solum,
551 4389 661 4442 sedulia
671 4390 755 4442 multa
769 4390 798 4441 in
808 4391 867 4456 ipsa
877 4391 942 4443 hora
956 4398 1135 4444 accreverunt
1148 4392 1233 4445 multo
1243 4392 1423 4445 mirabiliora.
1437 4395 1577 4460 Quotquot

341 4488 415 4541 enim
438 4488 484 4540 iila
506 4487 550 4541 die
569 4499 668 4539 manus
689 4487 799 4540 easdem
820 4488 920 4554 quibus
939 4488 1084 4555 languidus
1102 4503 1211 4541 sacrum
1229 4503 1329 4555 corpus
1339 4490 1574 4558 apprehenderat,
1592 4494 1624 4545 to

340 4599 418 4639 more
430 4592 583 4639 aromatum
605 4586 764 4655 fragrantes,
778 4585 878 4639 infirmi
900 4589 1057 4655 tetigerunt,
1080 4589 1127 4654 qui
1149 4602 1214 4656 prae
1234 4590 1314 4643 turba
1331 4588 1428 4656 utique
1445 4589 1480 4642 ad
1500 4590 1576 4644 idem
