3316 5482
203 383 271 450 372
550 400 677 451 curun.
696 400 799 452 oonn.
819 401 995 451 nnaroou.
1015 400 1096 452 nur.

204 570 386 637 implorare.
404 571 465 639 Ego
484 583 603 639 quoque
619 584 690 626 cum
702 571 860 639 fratribus
879 572 997 626 nostris
1016 571 1183 625 Dominum
1198 571 1402 639 deprecabor
1417 573 1454 625 ut

203 682 261 737 per
281 670 428 724 meritum
450 671 584 738 gloriosi
605 671 757 737 martyris
780 672 834 724 sui
855 685 952 738 super
975 674 1004 726 te
1027 671 1180 739 respiciat
1200 672 1233 726 et
1244 671 1351 738 pedes
1371 672 1450 737 tuos,

204 771 324 825 occuito
336 771 460 838 quidem
480 771 762 837 sedjustojudicio
779 785 835 825 suo
855 772 1032 839 colligatos,
1054 769 1228 840 manifesta
1250 770 1450 839 immutate

205 870 364 923 dissolvat.
379 870 579 924 llaecdiceudo
598 873 639 923 vir
660 876 771 924 sauctus
785 871 876 924 inanis
887 871 991 940 gloriae
1012 870 1203 937 praecipitium
1225 869 1401 937 declinabat,
1423 875 1450 924 et

204 969 328 1022 miraculi
341 970 440 1023 tamam
461 985 476 1024 a
495 985 524 1024 se
545 971 677 1038 abiciens,
696 976 790 1025 sancto
812 971 923 1039 martyri
943 984 1004 1024 eam
1024 969 1143 1024 adscribi
1165 969 1307 1036 cupiebat.
1327 970 1478 1024 Noveratt

205 1068 279 1121 enim
291 1082 355 1122 eum
364 1070 420 1136 jam
433 1083 529 1123 secure
543 1083 621 1137 posse
634 1070 749 1137 laudari,
763 1071 810 1137 qui
823 1083 907 1123 carne
919 1075 1015 1124 erutus
1027 1073 1055 1124 et
1067 1069 1229 1138 angelorum
1242 1068 1368 1137 collegio
1380 1083 1446 1124 oon·

202 1168 326 1235 iunctus,
340 1170 416 1224 nullo
437 1170 563 1223 vanitatis
581 1171 705 1239 contagio
727 1176 833 1238 poterat
850 1171 1008 1237 inquinari;
1023 1183 1053 1225 se
1070 1175 1173 1235 autem,
1192 1170 1284 1223 adhue
1306 1170 1339 1223 in
1358 1168 1449 1224 stadio

206 1268 393 1332 constitutum,
407 1269 541 1322 sentiebat
554 1269 678 1322 nondum
699 1269 830 1323 adversus
841 1270 990 1324 diabolicas
1010 1270 1202 1336 temptationes
1220 1269 1303 1337 plena
1316 1269 1447 1324 libertate

206 1368 347 1423 donatum.
361 1371 435 1423 Fecit
445 1370 588 1424 llarcellus
601 1370 753 1424 secuudum
760 1372 913 1437 iussionem
924 1371 975 1423 uiri
989 1370 1044 1423 bei.
1055 1373 1139 1424 Fonte
1149 1369 1223 1424 lotus
1234 1373 1264 1423 et
1275 1381 1351 1437 aqua
1363 1370 1447 1423 bene

206 1468 279 1522 dieta
289 1482 441 1536 respersus,
452 1471 480 1522 in
489 1470 603 1523 ecclesia
612 1471 730 1537 primam
739 1470 859 1538 vigiliam
870 1470 958 1524 noctis
971 1482 1033 1522 eum
1044 1469 1168 1523 oratioue
1180 1469 1316 1536 transegit
1327 1486 1336 1536 ;
1349 1474 1446 1535 postea
1464 1469 1492 1522 to

207 1581 304 1623 somno
316 1573 451 1636 gravatus,
459 1574 655 1623 antesanctum
665 1570 750 1623 altare
758 1571 837 1637 quasi
847 1570 1033 1638 semivigilans
1046 1568 1219 1623 obdormivit.
1232 1570 1265 1620 Et
1274 1581 1341 1622 ecce
1351 1568 1447 1622 videre

207 1669 259 1721 sibi
278 1669 386 1723 videtur
406 1674 531 1723 sanctum
549 1670 735 1737 Pardulphum
756 1670 808 1723 sibi
826 1674 962 1724 astantem
976 1675 1003 1723 et
1019 1682 1070 1736 per
1087 1669 1217 1723 humeros
1232 1669 1444 1735 apprehensum

208 1780 290 1832 super
312 1767 397 1834 pedes
419 1782 483 1822 suos
503 1769 651 1834 imperiose
668 1772 842 1822 statuentem.
859 1771 982 1835 cumque
1005 1768 1096 1821 subito
1113 1765 1267 1836 evigilasset
1285 1771 1312 1820 et
1329 1768 1444 1837 gradus,

208 1878 290 1931 super
303 1858 595 1933 [quibuslcantoribus
616 1871 688 1921 stare
701 1867 872 1920 consuetudo
892 1871 959 1931 erat,
973 1866 1132 1933 complexus
1152 1866 1258 1929 fuisset,
1279 1866 1447 1921 terribiliter

209 1964 379 2028 exclamavit,
393 1969 420 2018 et
436 1965 555 2019 clamore
568 1978 617 2019 suo
638 1966 778 2019 custodem
797 1965 939 2032 ecclesiae,
962 1965 1074 2018 nomine
1091 1964 1291 2030 baudolenum,
1305 1965 1447 2018 excitavit.
1466 1966 1494 2019 lt

210 2063 259 2126 Qui
271 2076 334 2117 mox
346 2077 492 2117 accurrens
510 2069 538 2117 et
553 2077 663 2118 causam
675 2065 803 2118 clamoris
821 2065 976 2131 inquirens,
990 2078 1048 2119 rem
1068 2070 1172 2132 gestam
1184 2063 1299 2130 audivit,
1312 2068 1341 2117 et
1359 2077 1446 2132 quem

209 2161 328 2216 debilem
351 2164 545 2230 intromiserat,
569 2176 667 2217 sanum
685 2164 829 2230 aspiciens,
852 2167 935 2217 beum
954 2164 983 2217 in
1002 2164 1104 2217 sanctis
1122 2164 1179 2216 suis
1202 2162 1363 2217 mirabilem
1381 2177 1446 2218 eum

210 2261 329 2315 lacrimis
349 2262 516 2330 glorificavit.
537 2263 680 2317 llarcellus
699 2269 800 2324 autem,
822 2263 923 2316 relictis
942 2261 1045 2316 ibidem
1066 2261 1223 2317 scamnellis
1239 2262 1308 2328 suis,
1331 2262 1447 2319 novitiis

208 2361 348 2429 gressibus
356 2361 388 2414 ad
398 2362 486 2416 virum
500 2361 547 2415 bei
561 2376 623 2415 cum
633 2363 780 2430 gratiarum
792 2362 900 2416 actione
912 2362 1004 2427 rediit,
1018 2367 1045 2416 et
1054 2361 1180 2430 quamms
1189 2361 1264 2415 abeo
1275 2362 1446 2430 prohibitus,

209 2457 341 2513 virtutum
353 2460 412 2526 eius
424 2460 531 2513 visibile
542 2461 727 2515 testimonium
739 2461 886 2528 perbibuit.
1461 2463 1492 2516 ti

242 2556 275 2611 8.
293 2560 339 2611 De
350 2560 488 2623 quodam
497 2559 704 2613 daemoniaco
715 2560 865 2612 liberato.
878 2588 911 2597 -
923 2559 1039 2613 Fabrum
1053 2560 1191 2627 quendam
1202 2560 1446 2628 lemovicensem,

209 2656 384 2711 Godoieicum
399 2658 519 2725 nomine,
533 2659 662 2725 antiquus
672 2636 760 2712 ¹hostis
772 2659 920 2726 ingressus,
935 2665 962 2712 et
979 2660 1068 2726 ipsum
1082 2658 1274 2713 miserabiliter
1287 2660 1408 2714 vexabat
1420 2665 1449 2713 et

208 2756 242 2810 ad
260 2758 338 2826 alios,
351 2758 374 2810 si
394 2772 464 2825 quos
481 2759 604 2824 arripere
624 2759 765 2825 potuisset,
783 2758 912 2812 dentibus
928 2757 1089 2812 lacerandos
1109 2759 1266 2813 immaniter
1283 2758 1447 2827 instigabat.

208 2856 258 2919 Qui
269 2857 353 2910 miser
365 2858 473 2923 pessimi
487 2858 646 2911 habitatoris
664 2858 793 2910 instinctu
807 2863 880 2910 tauta
894 2858 1032 2911 ferebatur
1050 2857 1156 2911 insania
1168 2862 1200 2911 ut
1211 2870 1263 2911 nec
1275 2858 1444 2912 contribuli·

203 2955 255 3007 bus
268 2969 318 3009 uec
331 2956 426 3008 vicinis
440 2970 492 3009 nec
503 2956 661 3011 domesticis
674 2958 730 3009 suis
743 2961 875 3023 parceret,
889 2956 938 3009 sed
951 2957 1088 3023 omnibus,
1102 2963 1157 3009 tam
1180 2958 1253 3010 uotis
1264 2971 1352 3024 quam
1364 2958 1442 3026 iguo
1459 2958 1490 3011 st

204 3054 248 3120 tis,
262 3060 317 3107 tam
337 3056 431 3109 amicis
445 3069 528 3123 quam
548 3057 677 3120 inimicis,
699 3054 890 3109 indifferenter
908 3055 1028 3109 crudelis
1050 3056 1175 3110 irrueret.
1199 3056 1248 3110 Cui
1269 3055 1318 3109 iile
1340 3058 1446 3111 mroris

204 3154 372 3208 ministrator
383 3156 519 3221 permissu
532 3155 728 3221 omnipotentis
751 3156 794 3207 bei
809 3161 899 3207 tantas
911 3155 1035 3221 corporis
1051 3154 1124 3208 vires
1136 3155 1169 3208 ad
1189 3154 1348 3208 nocendum
1362 3155 1444 3209 addi·

204 3252 283 3305 derat
295 3260 325 3306 ut
335 3254 434 3307 collum
448 3262 475 3307 et
487 3255 599 3307 brachia
611 3256 715 3307 catenis
727 3255 824 3319 ligatus
833 3255 877 3307 vix
889 3258 1031 3307 teneretur
1041 3259 1069 3307 et
1081 3267 1168 3319 paene
1178 3260 1321 3322 tamquam
1336 3256 1445 3310 solutus

205 3352 239 3404 ab
250 3355 400 3407 astantibus
412 3356 562 3408 timeretur.
576 3356 624 3408 llic
636 3368 651 3407 a
665 3356 850 3409 maerentibus
860 3355 955 3407 amicis
967 3353 1000 3407 ad
1013 3355 1101 3408 vimm
1115 3355 1161 3407 bei
1176 3352 1367 3420 Pardulphum
1380 3369 1444 3408 cum

22 3457 188 3511 'deducitur
205 3451 308 3519 ingenti
321 3453 414 3506 labore
426 3453 596 3506 adducitur&
614 3456 725 3506 dminus
738 3469 801 3507 eum
823 3455 967 3520 aspiciens,
982 3452 1135 3506 maledictis
1152 3458 1180 3505 et
1192 3453 1325 3507 conviciis
1337 3455 1366 3507 iu
1379 3467 1442 3506 eum
1459 3454 1489 3504 tt

204 3550 361 3619 iuvenitur3
385 3552 529 3619 latronem,
553 3553 718 3621 falsatorem,
741 3555 918 3620 impostorem
945 3567 1008 3605 eum
1033 3566 1102 3620 esse,
1127 3558 1292 3621 suggerente
1318 3554 1443 3606 veritatis

205 3650 326 3720 inimico,
338 3653 478 3705 mentitur.
491 3655 523 3705 tt
534 3653 575 3704 vir
587 3659 706 3714 sanctus,
718 3654 809 3706 omnia
821 3653 956 3719 patienter
965 3651 1104 3718 accipiens
1113 3657 1140 3704 et
1151 3652 1186 3705 de
1197 3652 1320 3705 hominis
1331 3653 1442 3706 miseria

205 3751 398 3818 ingemiscens,
411 3752 502 3804 cibum
515 3758 541 3804 et
553 3757 648 3818 potum
660 3754 685 3805 ei
698 3754 798 3818 apponi
812 3752 967 3818 praecepit;
981 3756 1009 3804 et
1021 3752 1079 3818 ipse
1091 3751 1242 3805 oratorium
1255 3752 1401 3820 ingressus
1415 3758 1443 3804 et

204 3864 254 3917 pro
267 3864 298 3904 eo
311 3853 456 3906 bominum
468 3865 530 3904 cum
544 3852 662 3904 lacrimis
680 3852 854 3918 deprecatus,
867 3857 927 3918 post
945 3852 1003 3905 dies
1025 3864 1127 3918 paucos
1139 3864 1202 3905 eum
1223 3852 1395 3907 incolumem
1408 3851 1442 3907 ad

205 3951 315 4016 propria
328 3952 440 4004 remisit.
462 3951 512 4002 titi
527 3965 638 4017 quoque
650 3952 704 4004 duo
726 3951 906 4019 daemoniaci,
929 3952 1054 4004 centullo
1072 3951 1199 4004 videlicet
1217 3957 1245 4004 et
1262 3951 1441 4017 Benedictus,
1456 3950 1487 4002 35

205 4049 239 4102 ad
252 4063 314 4102 eum
328 4049 447 4115 adducti,
461 4051 674 4116 perorationem
688 4051 774 4116 ipsius
788 4053 824 4104 ab
835 4051 941 4104 insania
954 4056 1018 4103 suut
1030 4050 1148 4103 liberati.

238 4149 270 4201 9.
288 4153 334 4202 ne
345 4163 440 4203 caeco
457 4152 490 4202 et
506 4163 607 4203 rauco
625 4154 750 4203 curato.
769 4180 800 4189 -
818 4152 922 4204 Guasco
941 4150 1062 4216 quidam,
1086 4149 1198 4203 uomiue
1217 4151 1402 4218 bomolenus,
1418 4156 1445 4204 et

205 4249 347 4302 oculorum
360 4250 518 4302 caecitatem
530 4256 557 4302 et
578 4254 681 4302 tantam
694 4252 811 4318 gutturis
823 4252 977 4303 incurrerat
997 4250 1156 4303 raucitatem
1174 4254 1205 4301 ut
1217 4262 1317 4315 parum
1330 4264 1348 4304 a
1367 4256 1444 4305 muto

204 4345 316 4400 differre
327 4347 475 4405 videretur.
490 4360 552 4399 eum
562 4349 620 4414 ejus
633 4348 732 4402 locutio
747 4350 798 4401 uisi
812 4363 860 4402 ore
870 4350 983 4402 auribus
996 4349 1128 4402 auditoris
1140 4349 1267 4414 apposito
1280 4350 1446 4404 nuliatenus

203 4447 354 4500 audiretur.
369 4448 417 4511 Qui
431 4448 517 4500 saneti
530 4448 603 4501 tama
616 4449 752 4512 incitatus,
766 4449 799 4502 atl
813 4463 875 4502 eum
889 4463 951 4502 eum
965 4447 1018 4501 side
1038 4453 1064 4502 et
1077 4462 1125 4515 spe
1146 4450 1358 4514 recuperandae
1370 4452 1441 4504 tucis
1458 4450 1488 4503 to

203 4552 230 4599 et
241 4547 316 4599 vocis
329 4547 460 4612 accessit3
475 4552 502 4600 et
521 4546 658 4601 desiderio
670 4561 719 4602 suo
738 4562 794 4602 uon
813 4548 962 4616 fraudatus,
975 4547 1098 4615 gaudens
1119 4546 1152 4599 ad
1165 4549 1276 4613 pmpria
1295 4554 1444 4606 remeavit

202 4644 222 4696 0
241 4656 352 4697 caecum
370 4657 467 4699 caecos
485 4646 685 4699 illuminantem
704 4651 731 4699 et
748 4647 830 4700 modo
854 4645 972 4699 mirabili
995 4643 1069 4712 quod
1087 4646 1145 4711 ipse
1163 4657 1220 4699 non
1238 4646 1362 4701 babebat
1383 4651 1447 4705 aliis
