3278 5482
263 114 356 165 ema.
375 114 459 166 aar.
478 114 594 166 rums.
614 133 660 146 —
675 113 829 165 urrann.
849 114 896 165 aa
913 115 990 166 con.
1010 111 1086 165 sur.
1224 101 1291 167 283

10 256 24 335 ἶ.
54 285 214 352 intendere,
227 285 300 338 inter
317 297 347 339 se
359 288 386 338 et
406 283 485 338 iilum
505 298 664 351 supremam
687 297 800 337 manum
812 284 1006 351 imponendam
1030 284 1290 339 esse.ilrat1)auis·

23 422 28 427 -
52 397 163 440 muno
174 385 269 438 civitas
280 383 419 452 quaedam
431 385 517 438 robur
529 389 559 436 ei
568 384 646 450 quasi
663 388 745 450 caput
756 397 821 437 suae
833 384 984 451 potentiae,
998 384 1033 436 ita
1045 384 1134 450 posita
1147 388 1174 437 et
1185 385 1291 439 munita

23 528 31 533 .
56 484 209 551 utsieam
229 484 351 538 soliman
371 488 550 551 expugnaret,
562 482 598 537 de
619 484 725 550 reliquo
738 496 822 551 regno
841 489 931 539 actum
943 490 1023 538 esset.
1045 484 1086 538 lbi
1104 486 1290 539 danismanno

55 585 179 639 diemuc
190 584 294 639 bellum
307 585 413 652 indicit,
426 598 511 651 seque
524 585 560 637 ita
577 585 688 651 copiosa
700 588 727 637 et
740 584 867 650 expedita
879 586 996 638 militum
1009 585 1183 639 multitudine
1196 591 1291 640 vontu-

54 698 128 739 rum
145 685 337 751 comminatur,
349 687 380 738 ut
399 683 469 739 adeo
488 688 645 738 contereret
662 696 697 737 ns
718 684 835 751 amplius
856 685 927 738 vires
947 689 1044 738 contra
1065 698 1128 738 eum
1150 699 1291 739 resumere

55 789 162 855 posset.
182 786 237 837 ilac
257 783 393 852 legatione
412 782 542 837 omnibus
563 783 640 836 valde
661 783 823 850 perterritis,
852 785 1010 849 danisman,
1032 794 1114 851 quam
1133 786 1235 839 multos
1255 786 1290 839 ad

10 864 14 949 ἶ
55 882 166 939 bellum
185 882 368 943 sollicitando,
381 881 530 950 plurimum
543 883 625 935 etiam
646 895 706 935 cum
726 883 782 935 suis
804 882 996 947 consultando,
1016 882 1157 948 donando,
1179 885 1290 950 promit·

10 954 16 1079 Ξ
56 982 158 1049 teudo,
170 983 199 1036 in
210 983 340 1036 omnibus
352 994 465 1035 suorum
477 982 661 1035 frustrabatur
673 981 803 1035 consiliis.
818 984 893 1034 Tunc
906 985 1017 1034 sanctus
1029 982 1198 1049 leonardus,
1208 983 1290 1037 uxori

58 1083 240 1138 maismanui
251 1094 388 1149 apparens
399 1095 406 1133 :
416 1081 528 1147 Solius,
542 1082 640 1149 inquit,
653 1081 708 1134 Dei
716 1084 760 1133 est
771 1081 930 1134 auritium
939 1081 1017 1136 dare
1025 1082 1064 1136 de
1075 1081 1289 1148 tribulatione,

10 1102 139 1285 *quita
149 1195 233 1238 oona
243 1183 335 1236 salus
346 1181 491 1236 bominis.
512 1182 594 1235 Vane
611 1181 788 1235 Danisman
804 1193 931 1236 suorum
943 1184 1049 1249 captat
1060 1183 1204 1250 consilia,
1219 1195 1291 1249 puo-

10 1290 16 1329 ι
60 1280 152 1335 auiam
162 1293 226 1335 non
236 1278 416 1335 salvabitur
427 1279 492 1333 nisi
501 1280 540 1334 de
550 1280 638 1334 caelo
649 1279 751 1333 ueniet
762 1280 793 1332 ei
804 1279 947 1333 victoria.
961 1280 1054 1334 Fides
1065 1283 1123 1334 tua
1135 1281 1291 1335 maritum

62 1379 363 1449 meabitpatriam
383 1377 535 1445 liberabit,
554 1377 677 1447 supebit
698 1377 824 1442 bostem,
847 1379 956 1433 reddet
975 1379 1159 1448 libertatem,
1181 1379 1290 1436 ablata

64 1479 264 1548 restaurabit,
276 1482 413 1533 uestram
429 1481 614 1546 potestatem
634 1479 730 1532 etiam
750 1479 783 1532 in
805 1480 953 1535 terminos
975 1479 1109 1534 bostium
1129 1480 1289 1536 dilatabit.

27 1580 31 1585 '
73 1580 118 1635 tu
126 1582 232 1650 ipitur,
244 1580 358 1635 niariti
368 1579 525 1648 fidissima
537 1579 749 1649 consiliatrix,
763 1581 841 1634 utile
851 1580 914 1648 ipsi
924 1581 967 1636 da
985 1581 1161 1636 consilium.
1174 1583 1291 1650 micat

37 1666 41 1671 ’
65 1692 93 1735 α
104 1681 215 1748 captivo
221 1679 394 1748 pecuniam
406 1679 449 1733 ad
460 1692 556 1746 quam
568 1680 688 1746 poterit
700 1681 855 1747 aspirare,
868 1679 1029 1748 faciatque
1040 1694 1111 1736 cum
1128 1694 1163 1736 eo
1178 1681 1289 1750 foedus

69 1784 103 1834 et
118 1781 241 1850 firmam
261 1781 460 1848 amicitiam,-
480 1793 643 1848 secumque
663 1780 874 1835 Boimuudum
898 1782 1032 1837 educens
1055 1783 1098 1836 ad
1114 1783 1288 1851 praelium,

30 1914 33 1919 -
71 1880 270 1934 &tammam
282 1878 403 1934 babebit
414 1879 591 1934 victoriam.

106 1979 147 2033 ts.
164 1981 251 2049 igitur
261 1993 335 2046 cum,
347 1992 363 2032 a
375 1979 432 2032 suis
445 1979 616 2045 principibus
629 1979 705 2033 nulio
717 1980 882 2033 certificatus
895 1979 1019 2049 consilio,
1033 1980 1179 2034 banisman
1195 1983 1289 2036 uxoris

75 2079 245 2134 sciscitaretur
256 2080 432 2146 seutentiam,
446 2079 536 2133 taliter
542 2080 610 2148 ipsa,
622 2079 705 2132 immo
715 2093 763 2145 per
775 2081 860 2147 ipsam
870 2081 992 2133 Christus
1004 2081 1111 2134 locutus
1121 2086 1178 2135 est:
1192 2082 1291 2136 Consi·

80 2175 181 2234 ianus
192 2179 250 2233 ribi
259 2179 303 2233 sit
320 2193 405 2233 unus
416 2192 457 2234 esc
468 2179 565 2245 mille,
575 2179 629 2247 pai
641 2181 721 2247 quod
732 2180 921 2235 consiliatur
933 2181 999 2249 ipse
1010 2182 1112 2248 possit
1125 2183 1289 2250 perficere.

82 2273 150 2332 met
155 2277 318 2346 principes
327 2276 375 2330 tui
388 2276 526 2330 inivistis
538 2277 682 2345 consilia,
692 2278 746 2330 sed
757 2278 1007 2346 dissipabantur,
1020 2279 1186 2347 loquimini
1197 2280 1290 2334 uerba

77 2377 160 2432 anon
168 2379 260 2447 flend·
270 2377 418 2446 quoniam
431 2377 582 2431 Dominm
591 2376 738 2445 reprobat
746 2377 1140 2447 capitationespoputorum
1148 2382 1177 2434 et
1188 2391 1291 2448 repro

10 2484 13 2491 '
78 2467 119 2528 bct
127 2477 255 2532 cursilis
264 2476 461 2545 principum,
474 2477 643 2531 consilium
655 2480 760 2531 autem
772 2477 898 2531 Domini
911 2477 944 2531 iu
956 2481 1118 2532 aeternum
1130 2481 1246 2546 manet,
1261 2482 1291 2534 et

79 2576 944 2645 nonestsapientia,nonestprudentia,nonestconsilium
951 2580 1148 2633 contraeum.
1158 2578 1290 2635 Domino

78 2676 213 2744 mature,
226 2676 365 2745 smpsum
376 2678 423 2731 est
430 2676 583 2744 perdere‚·
595 2690 670 2744 quos
689 2679 771 2731 Deus
782 2678 920 2733 decreuit
929 2680 1064 2746 salvare,
1087 2693 1175 2734 nemo
1184 2681 1288 2747 potest

37 2754 48 2807 .'
74 2776 198 2839 radere.
221 2778 417 2845 Quapropter
436 2776 503 2831 uoti
519 2776 640 2831 diutius
661 2777 696 2829 in
718 2778 890 2831 Boimundo
916 2780 1013 2832 Deum
1040 2778 1096 2832 tibi
1114 2779 1289 2848 infestare,-

73 2873 154 2929 edei
160 2873 331 2942 infestatus
339 2874 529 2943 est,studeas
539 2875 725 2941 quantocius
735 2875 838 2942 ipsum
842 2877 1068 2943 placare.Noli
1076 2876 1289 2930 Boimundum

70 2970 213 3030 habereut
221 2973 410 3039 bostem,sed
418 2974 546 3028 studeas
556 2975 650 3028 illum
659 2975 813 3029 asciscere
822 2976 905 3029 inter
914 2976 1051 3044 anticos,·
1063 2989 1119 3031 nec
1127 2977 1289 3031 studiosus

66 3075 123 3128 esto
151 3074 218 3140 ejus
239 3073 403 3141 euipeudi‘
417 3074 598 3140 pecuniam,
622 3075 675 3127 sed
695 3075 798 3143 fidem.
838 3074 1013 3129 Thesaurus
1037 3076 1283 3130 inaestimabilis
1339 3093 1427 3147 'cod

10 3122 180 3245 ,bausens
191 3172 306 3241 fidelis,
319 3173 405 3227 diaes
424 3176 454 3226 et
466 3173 638 3228 bellicosus.
652 3175 769 3228 &arici
788 3187 905 3229 auriam
917 3188 981 3229 nan
998 3177 1187 3230 contertdunt
1200 3189 1285 3230 coar·
1308 3159 1458 3228 exigendis.

60 3283 197 3341 cerbere,
209 3273 264 3326 sed
273 3271 456 3328 habentibus
465 3274 642 3341 imperare;
657 3274 801 3328 liberates
813 3275 846 3327 in
857 3275 1051 3329 militaribus
1059 3277 1213 3343 carpensis,
1224 3289 1288 3332 non

58 3372 92 3425 in
103 3372 281 3428 domesticis
293 3373 429 3427 aerariis
440 3392 448 3442 ,·
463 3373 585 3427 sibimet
598 3374 703 3442 parci,
716 3375 783 3428 suis
798 3375 890 3443 turpi.
913 3374 1011 3428 Habet
1023 3376 1219 3429 Boimundus
1232 3376 1288 3430 tibi

55 3469 113 3525 noc
124 3472 263 3538 tempore
273 3471 441 3526 admodum
454 3472 682 3527 desiderandas
702 3472 881 3542 facultates,
896 3473 1037 3540 insipnes
1048 3474 1192 3529 videlicet
1204 3475 1286 3528 mili·

55 3573 112 3625 tes.
119 3571 240 3624 Romam
244 3571 405 3638 paciscere
409 3571 620 3639 praesidium,
631 3573 659 3624 et
670 3572 737 3625 noli
745 3572 908 3625 districtus
917 3585 983 3626 esse
991 3576 1120 3628 exactor
1122 3574 1286 3641 pecuniae.

10 3672 35 3726 ib
53 3669 250 3737 Ouodoffert,
261 3669 391 3738 benipne
399 3670 726 3738 suscipias,·quouiam
736 3671 997 3725 inaestimabilem
1006 3673 1173 3727 sinedubio
1178 3687 1240 3741 pro
1250 3687 1283 3727 ea

49 3769 274 3837 trbipolliceor
286 3768 480 3838 thesaurum,
493 3769 704 3824 certissimum
717 3771 836 3825 scilicet
848 3772 886 3824 de
898 3770 982 3824 hoste
995 3771 1200 3839 triumphum.
1214 3773 1283 3828 Boi·

47 3868 209 3923 mundum
220 3869 313 3934 soloe,
325 3871 356 3922 et
366 3870 454 3922 omni
462 3871 584 3924 solutus
593 3870 658 3922 eris
670 3871 867 3925 aduersitate.
879 3872 979 3938 Junpe
987 3885 1110 3938 uranus,
1122 3873 1164 3926 da
1176 3872 1287 3940 foedus

46 3970 80 4024 et
91 3967 222 4036 accipe,-
234 3971 264 4021 et
276 3969 378 4022 veniet
399 3968 456 4022 tibi
466 3971 565 4034 salus,
580 3970 645 4023 vita
667 3971 697 4022 et
709 3970 853 4023 victoria.
871 3971 964 4024 Omne
985 3984 1117 4038 repnum
1130 3973 1164 4024 in
1185 3973 1286 4039 serpso

44 4068 193 4124 divisium
206 4068 400 4123 desolabitur
410 4087 419 4136 ,·
431 4070 610 4138 necpoterit
623 4071 794 4123 Persarum
800 4072 939 4137 potestas
952 4071 1072 4124 diutius
1081 4074 1176 4137 stare,
1192 4085 1287 4138 quam

10 4169 138 4225 linter
147 4181 199 4223 oos
208 4167 501 4237 scinditisnesanda
508 4170 716 4236 pressatione.
726 4171 1089 4237 Praeterea,cumomnes
1098 4185 1163 4224 una
1171 4174 1281 4239 mente,
1315 4164 1320 4171 '

41 4281 112 4323 utto
121 4267 241 4333 studia,
251 4280 323 4322 cum
334 4268 478 4334 Francis,
489 4281 624 4335 quorum
637 4269 831 4322 Boimundus
840 4272 936 4336 caput
953 4272 1007 4338 est,
1028 4270 1186 4335 corrpressi
1202 4271 1286 4338 estis,

40 4365 205 4423 amineae
226 4366 370 4421 omnibus
391 4368 584 4422 Boimundus
598 4366 826 4437 triumphavit?
838 4369 930 4423 Nunc
944 4369 1041 4423 divisi
1058 4370 1156 4424 multo
1178 4369 1285 4424 minus
