3278 5482
384 341 478 392 amu.
498 340 581 392 ΝΔΤ.
601 342 717 394 Pams.
735 362 781 372 -
798 342 876 392 001).
894 342 971 394 5310.

287 563 419 654 GGXG.
442 564 566 653 (lodex
586 566 776 677 signatus
797 592 909 657 num.
935 566 1057 657 5310.

89 775 165 830 Olim
175 776 353 831 colbertinus
364 775 440 839 5281,
452 775 553 829 deinde
570 776 673 843 Regius
685 778 714 829 G.
728 779 802 830 llio.
818 778 844 828 5.

91 876 238 961 lfoliomrn
250 879 310 941 alo,
328 876 401 929 med.
426 875 647 942 (bremwal),
668 875 748 929 lineis
768 876 866 942 plenis,
891 882 1018 930 exaratus
1036 877 1151 931 diversis
1172 879 1300 933 manibus

58 971 136 1012 saec.
151 961 184 1012 x.

164 1057 204 1132 l⁰
218 1055 302 1136 Vita
320 1056 443 1135 saneti
475 1078 519 1133 ae
549 1055 766 1134 beatissimi
785 1056 956 1135 Cassiani
975 1057 1166 1160 episcopi,
1187 1056 1297 1159 quod

217 1187 276 1257 est
289 1178 403 1257 nonis
423 1177 575 1279 augusti
589 1177 666 1278 (iol.
691 1176 805 1277 llll).

95 1311 149 1364 lid.
162 1310 230 1366 Aut.
243 1312 301 1378 SS„
315 1311 350 1364 ad
362 1311 390 1364 d.
402 1313 420 1363 o
430 1313 508 1379 lup,
523 1315 589 1364 tom.
604 1312 637 1377 ll,
650 1325 675 1377 p.
691 1312 779 1364 6465.

167 1407 209 1484 2⁰
226 1409 356 1487 Passio
375 1415 529 1486 sanetae
548 1406 713 1486 Theclae
730 1408 891 1509 virginis
909 1409 988 1511 (fol.
1005 1410 1123 1511 5080).

91 1541 148 1595 llrl.
158 1554 205 1607 ap.
218 1540 411 1605 llombritium‚
427 1546 493 1595 tom.
507 1543 541 1606 ll,
553 1540 645 1593 multis
658 1540 822 1594 lectionibus
833 1543 1012 1597 variantibus.

163 1639 205 1717 30
223 1640 454 1742 Adsumptio
473 1640 595 1719 sancti
615 1640 787 1742 Philippi
806 1643 987 1743 apostoli,
1004 1667 1105 1745 quae
1123 1643 1294 1723 celebra·

217 1774 282 1845 tur
298 1765 373 1843 kal.
396 1766 518 1845 maias
536 1766 614 1868 (iol.
637 1766 787 1863 90-100).
810 1771 828 1807 *

96 1899 316 1968 omprologns.

166 2000 210 2078 40
229 2000 361 2079 Passio
380 1999 502 2080 saneti
521 1998 655 2079 Jaeobi
675 2001 857 2102 apostoli,
878 2001 988 2104 quod
1006 2012 1063 2082 est
1077 2003 1154 2082 kal.
1176 2005 1299 2084 maias

217 2124 294 2225 (fol.
317 2125 483 2224 lili-lli).

93 2258 180 2314 uest.
194 2259 310 2328 Apono,
323 2260 371 2313 lib.
384 2272 420 2325 vr,
434 2274 493 2328 cap.
505 2264 558 2327 5-6,
573 2261 667 2315 multis
679 2262 844 2315 lectionibus
853 2262 1029 2316 variantibus.

163 2357 205 2434 50
222 2358 353 2437 Passio
371 2360 493 2438 saneti
512 2361 720 2439 Alexandri
746 2377 870 2465 papae
895 2361 1176 2463 sociorumque
1195 2364 1292 2463 eJ'us,

216 2506 317 2583 quae
335 2482 556 2562 celebratur
571 2494 607 2562 v·
625 2506 747 2562 nonas
765 2485 885 2561 maias
900 2485 980 2579 (fol.
1003 2485 1167 2586 lli-lbi.
1181 2487 1199 2522 *

164 2607 205 2685 6⁰
228 2605 402 2686 Iuventio
420 2616 574 2686 sanctae
594 2608 727 2686 Crucis
745 2633 766 2685 a
791 2608 902 2687 beata
924 2608 1082 2707 Helena,
1105 2607 1215 2710 quod
1239 2619 1297 2690 est

215 2756 239 2810 v
257 2753 380 2808 nonas
398 2732 520 2810 maias
537 2730 614 2831 (fol.
634 2730 799 2833 lssl-Pbl).

88 2864 181 2930 liujus
194 2865 363 2917 narrationis
381 2864 532 2917 substantia
555 2863 698 2931 desumpta
719 2870 760 2918 est
780 2879 814 2918 ex
827 2865 923 2919 liuilno
935 2864 1017 2918 Hiat.
1030 2865 1110 2918 Eool.
1124 2865 1172 2918 lib.
1186 2877 1297 2932 1x‚oap.
1394 2922 1397 2927 ,

56 2962 120 3029 ult,
130 2967 160 3016 et
171 2962 221 3016 lib.
235 2975 264 3028 x,
278 2975 356 3029 capp.
370 2964 394 3025 l,
407 2965 433 3027 8,
448 2962 514 3028 ipsis
526 2964 606 3017 etiam
620 2965 711 3018 vorbis
724 2966 824 3031 passim
836 2965 961 3029 servatis,
975 2963 1023 3017 sed
1038 2965 1202 3018 intermixtis
1214 2970 1300 3019 orato·

58 3062 108 3114 riis
120 3060 396 3127 amplificationibus.

165 3159 206 3235 7⁰
224 3158 356 3236 Passio
376 3158 480 3237 beati
513 3159 703 3239 Pancratii
726 3163 918 3263 martyris
951 3185 1084 3241 mense
1110 3163 1213 3241 maio
1233 3163 1297 3241 die

217 3306 270 3357 su
288 3281 366 3379 (fol.
385 3280 578 3384 bistili*
1330 3393 1334 3404 Ι

157 3403 200 3480 80
217 3429 255 3481 vr
275 3403 364 3481 idus
384 3406 489 3502 maii,
524 3407 653 3508 passio
681 3411 802 3487 sancti
824 3409 998 3487 Anthirni
1016 3407 1234 3508 presbyteri
1260 3416 1300 3486 et

215 3528 395 3627 martyris
414 3552 504 3606 eum
523 3531 640 3608 sociis
654 3532 735 3608 suis
754 3531 830 3631 (sol.
849 3530 1015 3630 llll-Pili).

87 3656 141 3710 Ed.
155 3658 295 3725 doadi„
309 3659 383 3712 add.
399 3663 427 3712 ll
443 3663 592 3726 llaii‚.torn.
608 3665 641 3726 ll,
655 3679 682 3729 p.
696 3666 799 3717 niolo.
814 3668 843 3717 ln
857 3665 917 3719 eod.
933 3666 1032 3734 legitur
1056 3667 1185 3734 prologus
1201 3667 1223 3719 O
1232 3664 1298 3733 fra·

54 3759 112 3824 ter,
127 3756 285 3825 epreffie...
299 3759 399 3826 dequo
413 3760 490 3825 ibid,
505 3776 531 3827 p.
544 3764 603 3827 orl,
617 3777 693 3815 num.
709 3767 720 3816 l
737 3770 808 3816 extr.

157 3854 200 3931 90
216 3855 345 3935 Passio
376 3862 497 3937 sancti
530 3860 694 3939 Victoris
726 3863 920 3962 martyris,
950 3888 1051 3965 quae
1079 3863 1299 3942 celebratur

213 3979 341 4079 pridie
360 3981 449 4060 idus
467 3984 589 4062 maias
606 3984 683 4084 (fol.
706 3987 873 4088 bill-3Ps).

86 4110 149 4164 Alia
162 4114 255 4165 versio
268 4114 339 4170 {stilo
351 4114 454 4168 seilicet
472 4121 577 4169 tanturn
599 4117 715 4184 diversa)
737 4122 873 4173 Passionis
891 4123 935 4174 SS.
950 4121 1061 4173 vintoris
1074 4127 1099 4173 et
1119 4123 1242 4173 Coronae
1254 4122 1296 4174 ed.

53 4208 136 4277 ibid,
150 4209 187 4261 ad
202 4208 229 4261 d.
246 4211 358 4277 tibiali,
372 4219 440 4264 torn.
454 4215 500 4277 lll‚
514 4229 541 4280 p.
556 4217 660 4269 aon-68.

161 4307 228 4383 100
246 4309 377 4386 Passio
402 4312 524 4388 sancti
553 4313 749 4414 Peregrini
782 4317 972 4417 episcopi,
1002 4340 1103 4419 quae
1123 4316 1295 4395 celebra-

208 4442 274 4508 tur
291 4456 364 4507 xvir
383 4433 568 4512 kalendas
583 4438 699 4536 junii,
721 4440 789 4540 qui
817 4439 890 4518 init
915 4441 1066 4542 primus
1084 4441 1293 4541 episcopus

206 4556 247 4631 in
267 4556 516 4635 Autisiodero
535 4560 690 4640 civitate
708 4563 787 4662 (fol.
806 4563 976 4664 {iil-BP).

82 4687 133 4742 aa.
148 4687 232 4754 ibid,
247 4687 320 4740 anu.
334 4690 366 4741 rs
377 4690 448 4755 uari,
462 4704 488 4757 p.
504 4692 605 4746 sesan
