3316 5482
320 359 413 410 ures.
431 358 513 410 ner.
532 359 649 412 einis.
667 380 713 393 -
729 360 881 414 nerano.
903 361 951 413 no
967 361 1044 414 con.
1064 361 1139 414 5317.
1281 348 1345 416 169

110 529 384 597 venirepopntnm
397 529 507 595 menni,
520 530 550 582 et
560 541 632 584 cnm
644 530 825 598 cmiprepati
844 529 977 599 fuerint,
1000 532 1146 586 antecede
1156 545 1207 587 eos
1219 536 1255 588 tn
1274 546 1345 589 cam

112 626 275 698 femmam
287 626 351 681 inis
361 639 461 694 nsque
471 627 514 682 ad
527 628 628 681 meam
639 627 674 680 in
686 631 802 696 quaest
814 629 1114 696 ildeprandisaimns
1129 632 1212 699 lapis
1224 631 1259 685 in
1277 644 1345 687 con·

113 728 261 798 finietate
272 731 376 783 terroe
387 729 586 798 tuncjam-s,
598 731 628 783 ei
640 729 692 784 dic
704 729 757 783 iili
769 748 777 785 :
789 730 827 783 In
839 730 964 784 nomine
976 730 1031 783 Dei
1041 731 1259 798 omnipotentis
1271 744 1346 787 onn-

113 832 244 884 etarum
254 832 476 886 cneatnraram
487 829 666 897 conditoris,
680 830 736 898 qni
747 830 781 883 in
802 831 922 885 desmto
944 831 1060 886 siccam
1080 844 1191 899 rupem
1210 830 1347 901 fanmre

63 933 88 985 3
109 928 240 983 sitienti
244 929 467 997 popnlojnseit
477 941 586 997 aquas,
599 932 629 983 et
640 929 675 982 in
686 929 810 983 nomine
827 929 905 983 Filii
915 930 990 997 aas,
1007 930 1130 984 Domini
1150 933 1253 984 nostri
1272 932 1346 985 Jesn

117 1027 247 1097 Christi,
260 1029 351 1095 meins
361 1040 475 1096 empne
486 1029 521 1082 in
532 1029 793 1096 sepulcrojacens
807 1029 914 1097 lapide
924 1028 989 1097 fait
1001 1030 1146 1084 clansam
1158 1032 1187 1085 et
1199 1042 1239 1085 ea
1258 1031 1347 1097 copas

109 1129 236 1183 dirime
245 1131 274 1182 et
280 1130 436 1197 potestate
447 1141 468 1182 a
480 1129 614 1183 mortuis
624 1140 792 1195 resnrpens
806 1128 921 1183 iterum
935 1129 967 1182 in
979 1142 1077 1182 unum
1088 1131 1161 1183 sant
1169 1131 1346 1184 revolutum

112 1230 231 1293 mcum,
245 1230 275 1282 et
287 1229 323 1280 in
334 1227 460 1282 nomine
470 1227 620 1281 similiter
631 1227 771 1295 spiritns
789 1227 902 1297 sancii,
916 1227 971 1295 qai
990 1226 1028 1281 ab
1048 1228 1203 1296 ambobus,
1216 1229 1250 1282 id
1261 1231 1306 1283 est
1323 1242 1344 1282 a

109 1328 213 1382 Patre
223 1327 254 1380 el
264 1325 743 1395 nien,prooean‚praeeipioaoi
753 1327 946 1380 mesiendas
959 1326 1127 1381 &erminum
1141 1340 1229 1382 meae
1241 1330 1347 1382 terrae
1375 1341 1376 1344 ¹

47 1430 87 1482 lo
108 1425 323 1492 verissimum,
336 1423 418 1480 ninii
430 1438 594 1480 assumens
613 1428 643 1479 et
656 1425 742 1479 nihil
754 1425 964 1494 transferens.
975 1427 1012 1480 Et
1027 1429 1139 1494 postea
1153 1429 1239 1481 inam
1250 1440 1345 1495 snper

110 1536 266 1580 cacumen
277 1524 396 1592 lapidis
407 1525 497 1578 mitte
517 1524 664 1578 tunicam.
686 1527 801 1578 Sanetus
822 1530 913 1578 autem
932 1526 1092 1591 Leonorius,
1116 1526 1169 1578 hoe
1189 1526 1223 1579 al)
1246 1526 1345 1594 angelo

108 1625 243 1691 audiens,
255 1624 355 1693 gaudio
368 1623 489 1691 repletus
500 1630 542 1678 est
553 1637 661 1693 magno.
675 1626 707 1678 itt
727 1625 866 1691 praecepit
884 1637 980 1679 omnes
1000 1624 1029 1677 ln
1051 1625 1167 1679 circuitu
1179 1638 1229 1691 per
1247 1638 1347 1680 omnes

108 1732 208 1794 partes
222 1726 384 1790 habitantes,
397 1724 471 1779 viros
483 1726 609 1780 similiter
620 1732 647 1781 et
660 1726 799 1790 mulieres,
813 1739 895 1779 senes
915 1731 942 1780 et
951 1727 1077 1793 juvenes,
1091 1725 1125 1779 ad
1147 1739 1177 1780 se
1189 1726 1285 1780 venire
1297 1744 1305 1793 3
1318 1731 1346 1780 et

109 1826 189 1880 sicut
200 1825 236 1879 ab
247 1825 344 1894 angelo
355 1825 402 1878 liei
413 1825 534 1879 monitus
546 1830 595 1891 est,
606 1826 742 1879 antecedit
753 1837 801 1878 eos
813 1838 900 1892 usque
913 1825 948 1878 ad
960 1824 1038 1878 illum
1050 1825 1080 1877 in
1092 1838 1147 1892 quo
1159 1825 1227 1891 lapis
1237 1825 1346 1891 jacebat

10 1938 12 1977 τ
54 1929 89 1982 ld
106 1926 215 1992 locum,
227 1931 255 1979 et
265 1924 335 1978 dixit
346 1924 530 1979 ois2Andite
541 1937 599 1988 me,
608 1923 738 1993 fratres,
752 1924 807 1992 qni
826 1923 983 1992 lineasque
1003 1924 1190 1979 convenistis
1210 1936 1340 1979 ntecnm.

10 2050 12 2059 ·
113 2027 201 2079 Deice
220 2027 327 2079 aamm
347 2025 489 2079 incaelo
500 2024 608 2079 omnia
629 2036 839 2092 qaaecumque
856 2024 955 2078 voluit
976 2023 1060 2092 feeit,
1074 2025 1159 2079 ocuti
1178 2024 1245 2090 eins
1256 2035 1351 2091 snper

104 2122 217 2189 ,iustos
227 2124 258 2176 et
268 2133 364 2176 aareo
375 2122 444 2189 ejus
455 2123 491 2175 in
498 2135 608 2190 preces
620 2135 737 2190 eornm,
749 2125 779 2177 et
790 2123 896 2176 onitin
906 2122 972 2188 eins
984 2135 1078 2190 snper
1090 2121 1242 2190 facientes
1253 2123 1350 2191 mola,

113 2225 153 2276 nt
160 2222 281 2290 perdat
292 2223 429 2278 deterre
440 2224 624 2278 memoriam
635 2236 752 2278 eornm.
765 2223 838 2278 Ideo
857 2223 1006 2290 deprecor
1026 2236 1080 2277 vos
1098 2225 1133 2276 nt
1153 2223 1349 2277 unanimiter

112 2322 214 2377 oreta
224 2335 353 2388 mecam,
366 2325 468 2390 niper
478 2336 568 2378 snam
579 2326 723 2378 ranetam
734 2323 983 2379 misericordiam
996 2323 1138 2377 ostendat
1147 2323 1236 2391 Dens,
1246 2322 1351 2377 viden·

59 2428 96 2480 2⁰
115 2423 200 2478 tilica
218 2421 312 2492 mdis,
325 2422 418 2490 imus
433 2423 483 2477 eei
502 2424 674 2478 veritatem.
688 2429 720 2479 lit
742 2426 808 2479 haec
829 2425 933 2489 dicens,
956 2424 1030 2478 tlexit
1050 2436 1140 2494 genua
1159 2436 1208 2477 sua
1229 2424 1349 2478 interra

117 2536 216 2578 eoram
227 2524 303 2577 omni
316 2524 416 2592 populo
428 2530 456 2578 et
467 2524 535 2578 dixit
547 2541 554 2579 ε
568 2524 859 2593 deusomnipotens,
872 2524 926 2592 qni
936 2526 1049 2580 cuncta
1060 2523 1177 2578 creasti
1188 2536 1228 2577 ea
1245 2522 1347 2576 nihilo

117 2626 149 2678 ei
160 2624 215 2678 eni
226 2621 312 2676 ninii
323 2622 512 2691 impossihile
522 2627 577 2693 eet,
591 2627 621 2679 et
643 2626 685 2678 ad
705 2627 792 2679 lnam
806 2624 975 2692 imapinem
992 2623 1100 2690 fecisti
1120 2622 1283 2691 hominem,
1296 2622 1351 2690 qni

118 2721 188 2778 Noe
198 2723 333 2777 salvasti
340 2736 401 2790 per
411 2723 575 2792 dilnvium,
593 2727 623 2779 et
637 2723 714 2779 tom
725 2725 763 2778 eie
775 2723 911 2780 hosticus
923 2726 952 2778 et
963 2723 1111 2790 flammis,
1131 2722 1264 2789 Moysem
1277 2733 1348 2776 cnm

114 2824 238 2891 populo
248 2836 305 2877 suo
316 2824 356 2877 de
364 2823 515 2878 serviente
525 2824 746 2892 AEppptioimm
759 2827 789 2879 et
808 2825 910 2879 David
929 2826 967 2879 oie
983 2837 1082 2878 mann
1101 2823 1190 2878 Santi
1206 2822 1301 2889 repis,
1319 2825 1348 2875 et

65 2925 102 2978 2¹5
119 2923 239 2976 Daniel
260 2923 299 2976 de
321 2925 394 2978 lacn
415 2925 547 2992 nonam,
570 2927 600 2978 et
622 2925 801 2979 Susannam
820 2926 858 2978 de
878 2924 961 2993 falso
981 2923 1123 2990 crimine,
1141 2925 1171 2976 et
1184 2925 1296 2977 Jonom
1313 2921 1352 2975 de

120 3025 230 3077 ventre
246 3023 315 3090 ceti,
328 3025 358 3077 et
376 3024 437 3077 aiii
447 3024 692 3079 innumeradiles
704 3024 809 3079 sancii
829 3026 868 3080 de
887 3025 990 3079 variis
1007 3021 1262 3078 tribulationibus
1273 3021 1349 3074 nini·

120 3123 474 3192 tis‚qnaedinnmerare
482 3126 609 3192 ionpnm
619 3127 674 3195 est,
682 3127 803 3181 emendi
811 3140 859 3180 me
866 3128 1066 3194 prostratum
1075 3126 1149 3178 onte
1157 3124 1352 3190 conspectum

120 3222 223 3287 tunm,
236 3224 273 3274 ai
285 3221 311 3273 ii
319 3222 374 3290 qni
383 3222 589 3278 circumstant
606 3221 745 3278 nomines
764 3223 892 3278 videant
911 3226 940 3277 et
963 3224 1066 3278 sciant
1083 3222 1160 3289 qnia
1181 3223 1216 3274 tn
1227 3233 1259 3274 es
1270 3221 1352 3273 Dens

120 3319 325 3388 omnipotens,
338 3319 460 3388 faciem
476 3321 569 3390 siena
581 3324 611 3376 et
623 3322 785 3378 mirabilia
797 3323 832 3376 in
842 3323 928 3377 caelo
939 3325 967 3376 et
984 3323 1019 3375 in
1039 3323 1136 3388 terra,
1150 3321 1180 3373 et
1199 3318 1252 3388 fac
1265 3321 1351 3372 tunm

69 3423 105 3475 tii
121 3418 315 3474 admirabile
325 3420 499 3488 er‘pnnmat
511 3421 553 3475 sit
565 3435 634 3476 ntea
645 3423 684 3476 ali
696 3423 763 3477 alio
775 3422 877 3477 diuisa
889 3425 974 3477 terra
984 3420 1093 3476 amodo
1102 3432 1199 3487 nsque
1210 3419 1245 3471 in
1256 3418 1351 3486 finem

121 3518 328 3572 saeculorum.
342 3521 375 3572 Et
386 3519 529 3586 respondit
540 3519 631 3575 omnis
650 3522 768 3588 populus
779 3522 886 3576 Amen.
899 3525 930 3575 Et
951 3523 1017 3575 haee
1039 3521 1142 3587 dicens,
1156 3518 1271 3573 elevavit
1287 3530 1316 3570 se
1336 3529 1353 3569 a

124 3625 198 3673 terra
208 3623 235 3672 et
246 3632 309 3672 eum
318 3632 350 3673 eo
363 3620 488 3674 similiter
501 3621 570 3688 lapis
582 3621 670 3675 erexit
681 3636 720 3676 se.
733 3624 810 3676 'lunc
820 3627 932 3676 sanetus
945 3622 1096 3676 Leonorius
1113 3621 1234 3674 tunicam
1248 3617 1353 3684 accepit

124 3729 204 3771 suam
216 3718 364 3785 etjactavit
380 3731 441 3772 eam
461 3733 544 3786 super
561 3733 692 3774 cacumen
714 3720 822 3786 lapidis.
835 3726 862 3774 et
882 3721 1025 3787 imperavit
1044 3719 1084 3772 iili
1107 3720 1178 3773 sicut
1198 3719 1232 3771 ab
1254 3716 1351 3786 angelo
1438 3792 1442 3800 Ι

124 3817 235 3871 Domini
247 3817 367 3871 monitus
378 3821 429 3884 est,
443 3822 474 3872 ut
485 3833 566 3886 supra
577 3820 704 3874 diximus.
718 3823 748 3874 Et
760 3821 850 3874 statim
863 3820 933 3890 lapis
945 3819 1081 3874 antecedit
1099 3833 1162 3873 eum
1183 3825 1211 3871 et
1222 3821 1350 3870 cunctum

72 3920 108 3973 δῦ
124 3916 258 3984 pmrulum
271 3923 442 3984 sequentem,
455 3918 582 3987 gradiens
594 3925 621 3974 et
634 3934 682 3987 per
703 3922 811 3987 planum
825 3925 925 3975 terram
937 3927 965 3974 et
986 3934 1035 3986 per
1057 3924 1166 3972 montes
1179 3919 1248 3971 altos
1260 3921 1287 3970 et
1304 3928 1355 3982 per

126 4016 212 4071 valles
232 4017 360 4084 humiles,
374 4031 482 4073 necnon
502 4024 529 4072 et
546 4033 595 4086 per
616 4020 702 4083 villas,
721 4019 820 4075 domus
840 4021 979 4090 frangens,
998 4031 1142 4087 quousque
1164 4017 1198 4071 ad
1220 4016 1297 4070 illurn
1319 4013 1354 4068 de

127 4130 183 4184 quo
195 4118 315 4184 perrexit
324 4117 416 4172 locum
428 4130 509 4172 arans
521 4124 548 4173 ei
558 4120 668 4173 sulcans
679 4125 780 4173 terram
798 4122 932 4187 pervenit.
945 4122 978 4172 Et
989 4121 1057 4172 haee
1068 4117 1165 4172 divisio
1178 4122 1252 4183 patet
1263 4127 1352 4182 usque

128 4215 292 4270 hodiernum
304 4217 387 4284 diem,
400 4230 471 4285 qnae
484 4232 498 4272 a
512 4219 624 4273 Domino
637 4232 686 4285 per
700 4220 820 4286 lapidem
831 4224 858 4273 et
875 4219 1023 4288 persancti
1040 4218 1168 4272 leonorii
1186 4214 1353 4282 deprecatio·

130 4329 195 4369 nem
207 4317 257 4369 luit
276 4317 471 4370 demonstrata.
486 4319 506 4370 li
518 4325 610 4372 autem
631 4332 726 4372 omncs
746 4321 792 4386 qui
814 4321 950 4384 astabant,
973 4319 1025 4372 hoc
1046 4317 1170 4370 mirabile
1189 4316 1298 4383 signum
1316 4313 1354 4366 vi·

83 4418 115 4469 ld
131 4414 237 4482 dentes,
251 4416 433 4470 laudaverunt
441 4423 468 4471 et
478 4417 698 4486 glorificaverunt
713 4420 857 4473 Dominum
868 4422 961 4473 lesum
979 4418 1125 4479 christum,
1139 4416 1185 4483 qui
1198 4428 1261 4467 cum
1274 4416 1355 4466 Patre

135 4522 161 4568 et
172 4517 268 4583 Spiritu
281 4521 377 4571 saneto
388 4518 452 4570 vivit
463 4523 490 4571 et
500 4525 596 4587 regnat
607 4533 655 4586 por
667 4521 759 4573 omnia
771 4519 878 4572 saecula
891 4520 1070 4573 saeculorum.
1085 4519 1179 4570 nmen.

167 4615 217 4670 25.
230 4618 312 4672 Stulti
324 4623 351 4670 et
364 4617 477 4672 rebelles
489 4619 536 4689 qui
554 4619 582 4674 in
596 4619 642 4673 iila
657 4619 814 4673 habitabant
833 4623 907 4672 terra
924 4619 1013 4673 coloni
1034 4621 1061 4671 et
1081 4616 1129 4687 qui
1143 4614 1258 4670 heredes
1277 4619 1355 4668 erant
