3316 5482
388 341 482 392 1111.
502 339 587 392 sar.
607 340 724 391 rmus.
743 339 882 390 -oon
906 339 983 393 osso.
1235 326 1302 395 463

58 515 103 578 15,
120 515 160 578 it,
175 516 199 574 i,
212 513 238 578 8,
251 512 277 575 8,
292 513 333 576 li,
346 511 372 573 o,
385 512 427 577 iti,
441 512 466 576 2,
487 511 513 576 ti,
528 512 568 575 18,
580 511 621 575 lb,
644 512 673 562 it
695 511 783 577 (eujus
801 509 902 563 desunt
920 510 1015 563 ultima
1037 510 1129 574 verba,
1144 509 1208 565 lolio
1234 510 1300 565 doli·

59 610 176 674 ciente),
188 609 222 661 85
232 609 320 674 (cujus
332 609 396 662 item
409 607 488 662 deest
499 607 609 661 initium
621 612 648 661 et
661 610 853 675 praetermissa
862 612 904 662 est
913 621 977 675 pars
987 608 1133 676 posterior,
1143 615 1205 676 post
1216 610 1300 663 uerba

49 713 192 776 puteum
203 708 270 776 ipse
280 706 425 775 foderat),
438 710 480 773 ii,
493 709 525 760 87
537 706 618 772 (duae
630 707 735 762 seilicet
753 708 865 761 ultimae
877 704 1050 774 sententiae),
1064 711 1097 761 30
1108 710 1181 775 (pars
1192 708 1287 775 prior),

59 811 164 875 5152,
177 811 220 873 35,
232 807 371 875 Epilogus.
384 809 477 861 cetera
490 806 694 861 desiderantur.

164 907 204 984 2⁰
221 906 306 985 vita
322 907 444 985 saneti
463 905 572 984 Pauli
590 905 721 1008 [primi
741 905 938 1007 eremitae]
955 905 1032 1007 (fol.
1054 905 1247 1009 lif-iili*

94 1044 129 1094 11
140 1040 222 1095 titulo
233 1040 298 1094 add.
315 1042 346 1093 et
362 1039 500 1106 Antonii,
521 1044 550 1093 et
570 1039 600 1092 in
621 1038 695 1093 line:
711 1038 850 1106 Appiiott
862 1038 928 1093 vita
948 1043 1130 1094 sanctorum
1152 1040 1248 1094 Pauli
1265 1044 1295 1094 et

53 1140 207 1196 Antonii.

165 1236 205 1314 3⁰
222 1238 307 1317 Vita
325 1238 429 1317 beati
447 1229 586 1315 Halohi
605 1236 683 1337 (fol.
704 1235 896 1334 491560.0

168 1362 209 1438 40
226 1364 312 1443 Vita
329 1363 433 1442 beati
448 1363 657 1441 Hilarionis
674 1361 751 1460 (iol.
773 1359 968 1458 yyy-yyy

164 1489 204 1566 5⁰
217 1489 301 1566 Vita
314 1489 437 1567 sancti
455 1489 612 1567 Antonii
632 1487 711 1586 (fol.
734 1485 948 1586 ΤΡ-1830).10

93 1624 178 1675 Deest
191 1620 263 1687 linis,
278 1620 344 1676 lolio
355 1620 510 1675 deficiente.

263 2029 450 2120 cocuxl.
474 2030 600 2118 (lodex
621 2029 811 2141 signatus
832 2053 946 2115 uum·
971 2027 1097 2133 5386.

97 2260 171 2314 Olim
184 2258 357 2314 colbertinus
369 2261 428 2325 782,
442 2258 543 2312 deinde
556 2259 655 2326 Regius
669 2261 697 2311 G.
710 2258 786 2311 etot.
802 2259 828 2310 8.

98 2361 241 2416 Foliorum
252 2363 312 2428 itt,
325 2360 399 2415 med.
412 2362 632 2429 (οῡρὅχθᾷδ),
644 2359 781 2414 columnis
792 2359 874 2427 binis,
888 2364 1015 2412 exaratus
1027 2371 1099 2413 saeo.
1112 2361 1181 2413 ltili.

168 2459 206 2534 l⁰
223 2459 307 2537 Vita
324 2457 471 2560 [sancti]
485 2458 594 2535 Pauli
613 2459 732 2558 primi
751 2459 936 2537 eremitae
954 2459 1031 2559 (fol.
1055 2458 1207 2559 δ”-8010
1270 2459 1272 2464 ’

96 2592 251 2645 praemissa
264 2597 329 2645 sunt
338 2592 397 2656 (iol.
412 2592 487 2657 iniit)
499 2591 678 2658 praefationis
690 2592 750 2644 loeo
761 2591 881 2657 Epistola
892 2591 1061 2646 dedicatoria
1073 2592 1108 2645 ad
1120 2595 1238 2646 Lausum
1246 2593 1294 2659 (In
1371 2572 1378 2583 ’

57 2691 124 2745 troc
136 2690 258 2755 libro...)
270 2695 297 2744 et
309 2691 481 2745 Prooemium
493 2690 527 2743 ad
539 2694 657 2744 Lausum
666 2691 771 2756 (Multi
779 2689 904 2757 quidem
912 2692 1079 2757 multos...),
1091 2704 1162 2759 quae
1171 2692 1300 2760 leguntur

58 2795 92 2847 in
107 2792 197 2858 eapite
209 2791 270 2844 libri
283 2791 437 2846 Porodiai
446 2793 487 2857 (P.
501 2793 541 2859 L,
555 2798 621 2844 tom.
636 2792 747 2858 lxxiii,
761 2805 788 2857 p.
802 2791 916 2858 iti-50).

171 2887 212 2964 80
227 2887 313 2970 ,Vita
331 2887 435 2966 beati
454 2887 610 2964 Antonii
625 2886 802 2989 [abbatis]
821 2886 899 2984 (fol.
921 2885 1088 2988 8f-i8i).l

99 3024 183 3075 Deest
194 3022 299 3090 Evagrii
309 3021 441 3090 epilogus.

168 3119 209 3197 3⁰
225 3120 309 3199 Vita
340 3120 444 3198 beati
477 3120 688 3200 Hilarionis
718 3120 768 3198 ab
794 3120 1032 3222 Hieronymo
1058 3119 1302 3222 [conscripta]

218 3244 295 3344 (fol.
317 3243 508 3344 28⁹-38‘).*

168 3366 209 3442 4⁰
221 3366 305 3445 Vita
323 3367 461 3445 Malohi
477 3366 673 3454 monachi,
694 3366 763 3467 qui
782 3365 856 3445 fuit
874 3375 1010 3468 eaptus
1028 3366 1078 3444 ab
1098 3366 1303 3467 Aethiopi-

218 3490 305 3589 bus,
326 3489 397 3569 sed
413 3491 526 3568 alteo
540 3489 729 3568 liberatus
743 3520 753 3584 ;
771 3489 1027 3593 [conscripsit]
1040 3491 1301 3592 Hieronymus

219 3613 424 3716 presbyter
440 3611 518 3715 (iol.
542 3610 731 3712 atridis

170 3738 210 3814 5⁰
227 3737 424 3838 {Excerpta
442 3759 490 3813 ex
502 3734 617 3813 libris
631 3733 680 3812 de
699 3734 786 3813 vitis
804 3734 972 3836 patrum]
984 3734 1062 3834 (iol.
1079 3733 1302 3830 lilii-lssili.l

101 3872 162 3926 Alio
175 3871 273 3925 ordine
284 3875 367 3937 atque
380 3871 409 3922 in
422 3868 543 3923 editione
557 3868 763 3936 liosvreydiana.

170 3969 210 4045 6⁰
237 3967 435 4059 Quaedam
467 3967 657 4045 miracula
675 3975 856 4068 excerpta
883 3966 932 4044 de
950 3966 1150 4069 opusculis
1169 3967 1304 4045 Postu-

221 4092 341 4171 miani
361 4091 603 4195 philosophi,
621 4090 762 4170 devita
780 4096 1005 4170 sanctorum
1019 4101 1174 4193 patrum
1190 4091 1304 4193 Cyre-

220 4218 414 4314 nensium,
447 4215 799 4295 Alexandrinorum
831 4226 869 4296 et
899 4214 1191 4296 Thebaidorum
1222 4212 1300 4315 (fol.

102 4474 214 4528 seilicet
226 4475 337 4542 Sulpicii
357 4475 450 4527 Severi
466 4474 568 4542 bialogi
580 4486 589 4526 1
608 4477 648 4535 (P.
670 4476 711 4540 i,
725 4478 790 4527 tom.
805 4476 856 4540 iix,
869 4489 898 4541 p.
912 4477 960 4528 185
972 4476 1044 4541 sqq.)
1055 4486 1135 4539 capp.
1148 4473 1218 4535 3-22,
1232 4484 1301 4525 non-

69 4575 154 4629 nullis
167 4574 286 4628 subinde
299 4574 499 4641 praetermissis
511 4577 557 4626 aut
569 4573 711 4640 aliquanto
728 4573 841 4627 liberius
854 4574 1004 4639 exscriptis.
