3316 5482
195 342 263 409 534
535 357 660 410 olunt.
680 359 782 411 cono.
801 358 977 411 uroroon.
996 361 1077 412 nar.

229 537 259 589 5.
272 535 378 589 Aliud.
389 563 423 575 -
435 537 491 590 Sub
502 537 597 590 eadem
610 536 730 604 denique
743 541 902 605 tempestate
915 544 1078 607 congregata
1090 538 1198 609 synodo
1222 544 1308 595 ml·
1319 541 1430 596 duorum

196 636 352 703 praesulum
365 635 394 687 in
403 635 591 689 Aurelianerrsi
603 636 682 702 urbe,
694 649 758 689 eum
768 636 819 690 sibi
828 636 856 689 in
866 637 1010 703 primatem
1024 637 1229 703 praeteeemnt.
1241 641 1316 694 Inibi
1326 653 1430 709 qnoque

197 735 231 787 de
243 735 368 801 publicae
380 734 419 787 rei
431 734 576 788 commodo
590 735 697 788 diversa
714 735 903 803 discutientes,
923 749 1044 790 canones
1062 736 1198 803 quosdam
1217 743 1388 807 statuerunt,
1405 740 1428 793 in

197 848 314 902 quorum
327 835 398 888 serie
408 835 584 901 reperiuntur
597 835 681 887 multa
694 841 776 902 atque
790 835 888 889 idonea
901 837 1005 889 abeato
1017 837 1075 890 viro
1088 836 1183 905 relata,
1193 851 1270 906 quae
1281 839 1429 908 legentibus

197 940 345 1004 suggerunt
358 935 496 989 salubrem
508 936 593 988 animi
607 941 724 1002 pastum.
1441 939 1455 991 t

232 1032 378 1086 &Aliud
394 1035 489 1086 -Per
505 1032 579 1085 idem
600 1039 708 1099 tempus
727 1033 770 1086 vir
790 1033 896 1087 bomini
918 1033 1050 1088 ltelanius
1070 1035 1185 1104 pervigil
1202 1041 1300 1090 custos
1312 1037 1428 1090 existens

58 1134 67 1154 ·
105 1132 111 1144 '
130 1171 137 1186 .
196 1146 279 1200 super
291 1132 383 1186 caulas
392 1132 522 1185 dominici
542 1132 624 1185 ovili·
646 1133 817 1197 commissas,
836 1133 902 1187 dum
921 1134 1053 1187 diocesim
1065 1147 1143 1188 suam
1156 1135 1283 1203 diligenti
1295 1136 1429 1190 examina·

199 1235 272 1288 tione
286 1232 473 1300 perlustraret,
495 1233 580 1286 hostis
600 1234 724 1286 omnium
741 1234 878 1287 bonorum
897 1247 1007 1300 semper
1025 1235 1049 1286 ei
1062 1234 1272 1290 adversabatur.
1285 1238 1355 1292 ttam
1368 1237 1428 1290 dum

198 1332 315 1401 quadam
331 1332 376 1385 die
389 1336 514 1397 carperet
534 1333 595 1400 iter,
617 1331 739 1398 dirigens
759 1346 883 1401 gressum
906 1346 1003 1386 versus
1027 1333 1185 1401 Plocium,
1206 1335 1256 1389 ubi
1275 1334 1430 1402 possidebat

200 1432 343 1500 praedium
356 1445 388 1484 ex
408 1431 575 1484 hereditario
594 1433 657 1498 jure
677 1437 823 1498 parentum
841 1432 869 1485 in
883 1433 1013 1486 Marciaco
1026 1440 1116 1487 castro
1130 1447 1213 1501 supra
1226 1434 1349 1488 rivulum
1361 1436 1427 1489 Avae
1441 1435 1468 1487 tv

60 1531 69 1552 ·
105 1531 136 1584 ’.
199 1532 278 1597 sita·,
292 1530 321 1582 lit
341 1531 366 1583 ci
379 1530 485 1584 obviam
506 1531 592 1584 bostis
612 1531 742 1597 antiquus
760 1531 800 1595 [in
821 1530 923 1599 specie]
945 1533 1052 1585 cornuti
1073 1533 1153 1586 tauri.
1167 1535 1234 1586 llam
1252 1535 1282 1587 in
1295 1535 1430 1589 territorio

201 1631 281 1686 Placii
303 1630 421 1683 habebat
436 1630 575 1696 quoddam
595 1631 755 1694 oratorium,
777 1631 824 1684 ubi
846 1631 955 1698 saepius
972 1632 1119 1685 exercebat
1135 1632 1252 1686 furtivas
1264 1638 1348 1701 atque
1360 1633 1430 1688 clan-

200 1733 322 1787 destinas
333 1733 481 1800 orationes,
495 1732 644 1786 admodum
656 1746 707 1799 pro
720 1732 771 1787 loci
785 1733 951 1787 amoenitate
969 1733 1137 1801 puerilisque
1158 1735 1257 1788 aetatis
1270 1735 1431 1790 educatione

200 1834 251 1887 sibi
264 1832 403 1886 dilectum.
417 1834 502 1897 Quem
515 1832 626 1885 intuens
636 1833 809 1886 beatissimus
822 1833 935 1886 antistes
947 1834 993 1887 ltei
1004 1833 1145 1901 blelanius,
1157 1833 1235 1889 nullo
1244 1840 1354 1888 terrore
1361 1847 1430 1889 com·

62 1931 72 1950 ⁶
107 1927 114 1941 '
132 1968 139 1984 .
201 1937 303 1998 motus,
317 1931 365 1985 sed
378 1932 407 1985 in
419 1932 534 1985 Domino
547 1930 677 1998 conlisus,
691 1930 751 1983 iniit
763 1931 788 1984 ei
803 1947 810 1983 :
827 1933 981 1992 Quorsum
993 1933 1095 1986 tendis
1105 1933 1118 1987 t
1130 1934 1178 1986 cui
1199 1933 1247 1987 ille
1263 1949 1271 1986 ε
1289 1934 1401 1988 ornem
1411 1934 1430 2001 ¹,
1445 1932 1473 1986 tt

202 2032 300 2100 inquit,
312 2030 442 2100 fratres,
448 2031 609 2099 potionem
620 2032 840 2088 ntedicr'nalem
852 2031 897 2086 eis
903 2032 1147 2099 propinaturus.
1159 2031 1329 2099 lntellegens
1340 2032 1431 2101 itaque

200 2132 349 2186 virbeatus
363 2131 440 2185 dolos
453 2131 614 2198 nequissimi
627 2131 726 2199 zabuli,
740 2133 787 2200 qui
806 2145 914 2199 semper
926 2130 1041 2185 insidias
1053 2130 1167 2185 molitur
1180 2130 1312 2185 fidelibus
1324 2133 1431 2197 christi,

202 2235 344 2299 actu[t]um
357 2240 487 2300 properat
497 2233 530 2286 ad
552 2234 721 2295 oratorium;
740 2235 921 2300 orationeque
938 2232 1081 2299 completa,
1096 2232 1194 2286 iratres
1212 2239 1375 2300 percunctat
1395 2246 1433 2286 rs·

202 2341 283 2390 otene
294 2349 324 2389 se
337 2336 478 2389 baberent.
500 2337 700 2403 compertoque
722 2335 795 2402 quod
808 2349 842 2389 err
855 2335 895 2388 eis
910 2348 983 2387 unus
1000 2346 1015 2386 a
1034 2332 1155 2402 maligno
1172 2333 1272 2400 spiritu
1291 2338 1434 2388 vexaretur

202 2438 321 2504 (nempe,
335 2435 402 2489 dum
413 2436 504 2489 haurit
515 2448 614 2503 aquam
626 2449 641 2488 a
654 2434 778 2503 flumine,
789 2435 890 2489 oblitus
900 2448 929 2486 se
940 2434 1049 2487 munire
1058 2432 1199 2502 signaculo
1207 2433 1310 2500 unicis,
1324 2434 1433 2501 spiritus
1446 2433 1473 2486 b)

203 2537 339 2604 malignus
351 2535 441 2590 subito
453 2536 482 2588 in
494 2548 557 2588 eum
575 2534 727 2604 ingreditur
748 2534 945 2602 solotenusque
964 2538 1077 2587 stratum
1091 2546 1172 2599 aegre
1184 2532 1336 2600 fatigabat),
1350 2533 1434 2587 iretus

204 2637 288 2690 armis
299 2635 408 2697 divinis,
422 2648 488 2689 suae
499 2635 673 2701 praesentiae
691 2635 819 2688 accersiri
834 2634 933 2701 jussit;
952 2632 1052 2686 deinde
1069 2632 1131 2686 data
1152 2632 1177 2685 ei
1196 2631 1287 2699 alapa,
1308 2633 1431 2701 spiritum

204 2749 322 2804 nequam
335 2735 448 2802 expulit,
463 2735 540 2788 ioeda
553 2734 755 2801 relinquentem
767 2733 879 2801 vestigia
891 2732 1128 2800 querimoniisque
1144 2731 1236 2785 virum
1248 2733 1298 2786 Ilei
1308 2733 1433 2788 incusan-

204 2841 259 2890 tem
271 2850 327 2889 non
340 2835 472 2889 minimis.
484 2837 598 2888 Tantam
610 2847 721 2902 quoque
731 2834 845 2902 gratiam
859 2833 883 2886 ei
896 2833 983 2886 virtus
1001 2832 1093 2885 divina
1104 2831 1230 2898 eontulit,
1243 2836 1275 2884 ut
1289 2832 1366 2887 nulla
1377 2832 1432 2885 dia·

205 2936 309 2990 bolicae
321 2933 425 2988 fraudis
446 2934 566 2988 versutia
587 2933 676 3000 ipsum
696 2934 804 2999 lateret,
823 2933 937 2999 insuper
953 2933 1020 2999 quin
1039 2932 1068 2983 in
1087 2930 1160 2984 illius
1172 2930 1358 2985 contumelias
1375 2945 1433 2999 pro
1448 2930 1474 2983 9

206 3038 352 3101 rumperet,
366 3048 451 3102 seque
464 3035 522 3100 ejus
535 3035 716 3099 praesentiam
730 3034 940 3101 haudquaquam
955 3033 1026 3086 serre
1039 3045 1119 3098 posse
1131 3036 1275 3085 assereret.

238 3137 270 3188 7.
282 3134 387 3188 Aliud.
401 3163 432 3172 -
445 3134 584 3199 Quoddam
598 3135 680 3187 ctiam
694 3134 867 3200 miraculum,
881 3133 955 3200 quod
968 3135 1038 3186 Deus
1050 3132 1226 3198 omnipotens
1240 3146 1291 3198 per
1304 3133 1434 3186 ramulum

204 3250 284 3289 suum
296 3235 423 3302 dignatus
435 3239 476 3287 est
488 3235 605 3301 operari,
619 3247 718 3301 operae
732 3236 850 3300 pretium
871 3240 934 3300 puto
947 3233 1074 3286 veridicis
1082 3233 1191 3299 apicum
1204 3234 1316 3287 tradere
1328 3234 1435 3287 cbarac·

204 3335 308 3388 teribus
331 3334 365 3387 ad
393 3333 609 3386 emolumentum
636 3334 733 3386 Christi
755 3333 892 3386 fidelibus.
911 3332 1048 3397 Quaedam
1066 3333 1142 3385 enim
1159 3337 1295 3395 matrona,
1327 3333 1434 3387 nomine

205 3437 268 3500 Eva,
282 3433 366 3488 nobili
379 3433 472 3486 sobole
485 3438 554 3500 orta,
568 3432 656 3486 officio
664 3433 852 3486 membrorum
862 3433 1000 3496 destituta,
1011 3432 1085 3500 gravi
1100 3431 1242 3484 laborabat
1251 3431 1432 3485 incommodo.
1447 3430 1473 3481 tt

204 3537 270 3587 tiam
283 3532 363 3586 annis
381 3544 420 3584 rur
437 3531 578 3584 decubans
599 3532 681 3598 lecto,
704 3544 754 3584 nec
774 3544 918 3597 assurgere
941 3544 991 3584 nec
1013 3543 1152 3597 quoquam
1174 3543 1204 3582 se
1217 3535 1328 3583 vertere
1340 3531 1432 3598 quibat

206 3635 311 3684 remoto
324 3629 436 3683 alterius
454 3629 619 3695 juvamine:
644 3642 715 3695 quae
736 3642 847 3682 omnem
866 3629 1047 3682 substantiam
1065 3632 1224 3696 erogaverat
1249 3629 1279 3680 in
1303 3629 1431 3685 medicos.

205 3736 297 3784 tamen
310 3742 360 3782 nec
372 3729 406 3781 ab
424 3729 482 3782 ullo
500 3730 587 3794 potuit
605 3729 704 3782 curari.
724 3731 806 3795 Cujus
826 3734 964 3795 parentes,
983 3741 1066 3794 super
1085 3726 1275 3793 huJuscemodi
1295 3727 1433 3781 debilitate

205 3842 330 3883 macrore
343 3829 478 3892 tabentes,
496 3828 619 3880 divinum
639 3828 762 3893 precario
780 3828 963 3893 implorabant
981 3827 1121 3879 auxilium.
1141 3826 1244 3891 Quibus
1262 3827 1430 3881 concedente

204 3930 296 3983 divina
309 3929 453 3982 clementia
466 3928 594 3989 innotuit,
609 3928 683 3980 ulad
696 3927 785 3980 virum
803 3928 849 3980 liei
868 3927 1013 3980 blclanium
1033 3930 1249 3990 concurrerent;
1269 3926 1344 3992 quod
1361 3927 1396 3978 ita
1408 3931 1432 3978 et
1444 3923 1470 3976 bl

204 4031 367 4083 factumest.
381 4028 425 4079 l'ir
438 4028 484 4079 ltci
498 4039 567 4093 quos
579 4027 697 4095 benigne
710 4027 858 4094 excipiens,
879 4040 975 4079 eorum
997 4025 1175 4093 petitionibus
1194 4025 1314 4078 libenter
1332 4024 1430 4092 paruit.

203 4131 304 4195 Nempe
332 4141 393 4181 cum
413 4127 452 4180 eis
476 4126 662 4193 proficiscens,
681 4125 792 4179 domum
812 4127 839 4178 in
856 4139 911 4193 quo
929 4127 1086 4194 aegrotabat
1103 4127 1243 4194 ingressus
1261 4132 1313 4178 est.
1334 4125 1432 4179 Deinde

203 4231 328 4283 invocato
352 4228 547 4295 omnipotentis
570 4227 617 4280 ltei
641 4228 763 4291 nomine,
788 4228 1027 4294 sacratissimoque
1048 4228 1109 4280 oleo
1133 4232 1220 4279 totum
1244 4239 1347 4293 corpus
1376 4227 1431 4293 eius

203 4331 327 4394 liniente,
342 4331 471 4396 pristinae
485 4328 603 4383 reddidit
618 4329 736 4381 sanitati.
755 4329 873 4382 Ariditas
894 4342 962 4382 sane
975 4343 1097 4397 succum,
1113 4329 1190 4381 nervi
1205 4334 1373 4394 receperunt
1385 4329 1430 4394 pri·

65 4431 74 4452 ⁶
109 4431 140 4484 ⁹.
203 4436 293 4485 vatum
306 4429 435 4490 otllcium.
449 4430 561 4482 artubus
580 4442 742 4483 concessum
761 4430 881 4496 vigorem
907 4430 1075 4496 proprium'.
1094 4432 1167 4493 Quae
1187 4441 1251 4480 mox
1276 4441 1390 4496 surgens
1406 4431 1429 4479 et
1441 4425 1466 4475 tt

202 4543 283 4597 supra
297 4530 379 4595 pedes
391 4535 475 4594 stans,
489 4530 588 4595 gratias
603 4531 657 4581 lieo
671 4529 725 4595 cgit
738 4537 764 4582 et
778 4534 871 4582 sancto
884 4528 1005 4595 pontillci
1017 4527 1189 4595 postmodum
1200 4527 1329 4580 inhaesit.
1344 4529 1373 4580 ln
1383 4528 1428 4578 boe

200 4628 291 4693 itaque
303 4627 344 4681 vir
356 4627 531 4680 venerandus
544 4627 664 4681 imitatus
681 4630 743 4693 [cst]
766 4627 923 4694 exemplum
942 4627 1073 4695 magistri,
1092 4626 1139 4693 qui
1158 4638 1215 4680 non
1228 4624 1336 4679 distulit
1348 4625 1386 4677 ire
1397 4620 1427 4676 ad
