3316 5482
179 331 246 397 230
496 351 623 403 caran.
646 352 748 404 cono.
768 352 943 404 usercen.
963 350 1046 402 nar.

178 521 376 575 frenorcbium
388 521 457 575 adiit
468 528 597 576 castnrm.
613 523 671 576 lilio
689 523 819 577 seueritas
836 521 926 575 adbuc
938 521 1056 575 miserae
1076 520 1240 589 gentilitatis
1265 520 1428 576 crudeliter

179 622 326 689 regnabat3
339 622 511 676 christicolae
520 628 611 675 autem
626 623 665 675 ibi
677 625 816 676 morantes
830 622 884 674 rari
901 624 980 674 erant
1000 634 1032 674 ac
1051 620 1152 674 secreti
1173 633 1234 674 esse
1251 620 1428 676 ridebantur

179 734 211 774 ac
221 721 296 774 uelut
308 734 378 775 nora
390 723 480 789 vinea,
493 736 564 789 quae
575 722 666 776 adbuc
679 727 774 775 tenera
783 721 885 775 auxilia
893 721 1054 788 plantatoris
1063 719 1212 773 desiderat.
1220 722 1300 773 'func
1313 722 1423 776 etenim

179 820 313 889 gloriosus
325 821 484 876 valerianus
496 823 532 875 ob
546 823 659 875 nimiam
672 821 782 874 diuinae
794 819 1004 888 praedicationis
1016 819 1228 875 redundantiam
1239 820 1339 887 jussus
1351 825 1424 875 esta

179 920 290 987 perfidis
302 921 390 986 capite
402 922 504 988 puniri.
518 924 669 975 Coronatur
677 922 779 988 justus,
792 920 939 973 damnatur
951 921 1060 985 impius.
1074 920 1121 973 llic
1138 919 1241 972 exultat
1261 932 1328 973 cum
1351 921 1422 975 cbo·
1437 925 1455 975 5

182 1020 220 1073 ris
236 1021 371 1088 justorum
393 1020 571 1088 angelorum
597 1020 642 1074 ille
659 1021 734 1087 luget
755 1020 783 1072 in
805 1020 935 1086 periculis
956 1023 1167 1073 tormentorum.
1189 1021 1270 1072 Porta
1290 1020 1421 1086 aperitur

183 1120 300 1186 paradisi
322 1120 350 1173 in
367 1121 473 1174 christo
494 1121 640 1186 militanti;
659 1121 729 1173 ostia
747 1121 850 1174 baratri
871 1120 966 1173 averni
986 1118 1080 1186 patetlt
1102 1118 1250 1174 daemonio
1271 1120 1422 1176 servienti.

182 1224 285 1286 Corpus
295 1219 376 1287 igitur
387 1220 459 1274 beati
472 1220 608 1273 Valeriani
622 1234 637 1273 a
649 1220 806 1273 christianis
818 1220 934 1273 latenter
945 1218 1081 1285 sepultum
1092 1223 1134 1271 est
1146 1219 1174 1270 in
1184 1219 1424 1286 secretoquodam

183 1320 242 1373 loeo
255 1318 290 1373 ab
303 1320 444 1373 bominum
457 1321 572 1386 strepitu
588 1325 694 1374 remoto
704 1337 712 1386 ;
723 1319 770 1373 ubl
784 1326 878 1386 postea
891 1326 953 1387 post
972 1319 1058 1372 multa
1079 1319 1180 1373 saeculi
1201 1320 1289 1386 spatia
1307 1320 1372 1387 ejus
1393 1321 1424 1374 in

183 1421 287 1474 bonore
295 1419 455 1474 aedificatur
463 1421 588 1486 eeclesia,
599 1433 669 1487 quac
677 1420 790 1487 quidem
801 1421 860 1487 eius
868 1419 1014 1473 virtutibus
1023 1424 1106 1485 atque
1116 1418 1255 1472 continuis
1266 1418 1425 1485 miraculis,
1445 1422 1474 1473 lb

183 1521 230 1573 bei
244 1521 417 1587 permittente
428 1521 523 1588 gratia,
536 1520 701 1574 venerabilis
714 1527 796 1587 atque
810 1519 925 1574 illustris
938 1520 1129 1572 manifestatur
1142 1519 1246 1572 baberi.
1260 1520 1335 1573 llaec
1345 1525 1428 1587 gesta

183 1619 545 1688 sunttemporelntoui[n]i
559 1619 703 1688 imperium
718 1621 837 1688 regentis
859 1633 1013 1686 romanum,
1035 1619 1086 1673 sub
1108 1632 1163 1686 quo
1183 1620 1284 1686 impius
1306 1620 1427 1674 Priscus

184 1732 295 1788 praeses
307 1720 417 1772 tenebat
429 1725 520 1786 partes
534 1718 666 1786 [GalliaeJ.
685 1719 802 1772 lubente
820 1731 939 1785 namque
961 1720 1050 1772 Prisco
1069 1717 1261 1772 crudelissime
1282 1719 1426 1784 praeside,

184 1833 278 1873 euram
290 1823 401 1888 gerente
415 1819 635 1872 cabillonensem
648 1817 677 1870 ln
690 1817 856 1885 Burgundio,
871 1819 967 1871 beatus
988 1819 1035 1871 liei
1058 1824 1160 1884 martyr
1178 1817 1340 1871 valerianus
1356 1831 1425 1871 eum

184 1919 322 1986 triumpho
335 1921 455 1987 martyrii
469 1919 583 1973 feliciter
595 1917 629 1972 ad
642 1932 778 1972 summam
791 1923 962 1972 transuectus
975 1922 1017 1972 est
1027 1917 1151 1985 gloriam.
1446 1918 1477 1971 ib

219 2020 250 2073 5.
264 2020 310 2073 llis
323 2019 360 2072 ita
371 2019 464 2088 gestis,
478 2018 614 2085 longoque
626 2018 756 2085 temporis
769 2017 923 2084 intervallo,
937 2018 1076 2086 ingentem
1095 2028 1273 2084 paganorum,
1290 2014 1425 2071 uidelicet

184 2123 425 2181 nortmannorum,
439 2118 658 2184 persecutionem
667 2117 765 2170 curisti
775 2116 895 2171 Ecclesia
908 2130 963 2170 non
975 2117 1087 2170 minima
1098 2116 1264 2170 laceratione
1276 2128 1358 2182 passa
1367 2123 1424 2170 est.

184 2220 250 2272 iiam
263 2216 370 2270 infinita
384 2216 529 2271 multitudo
542 2216 721 2269 barbarorum
734 2229 832 2270 saevae
851 2216 941 2284 gentis
961 2216 1103 2269 bominum
1125 2215 1159 2269 ab
1179 2216 1359 2281 benamarco‚
1371 2216 1424 2283 qui

185 2319 253 2371 situs
265 2322 307 2370 est
319 2317 347 2368 in
360 2315 554 2381 septentrionis
563 2315 681 2380 climate,
696 2315 849 2382 egrediens,
864 2315 946 2367 maris
965 2319 1058 2381 portus
1070 2313 1268 2382 a[e].stationes
1279 2314 1335 2367 ritu
1353 2327 1425 2369 suae

186 2416 305 2469 nationis
317 2415 440 2468 certatim
449 2415 572 2468 collectis
581 2414 697 2467 navibus
708 2414 977 2491 densat,caerulcum
987 2427 1062 2467 mare
1071 2413 1227 2480 obumbrat,
1236 2413 1289 2466 iter
1300 2412 1367 2466 ilico
1377 2425 1423 2466 ar·
1441 2415 1476 2467 2⁰

188 2516 251 2582 ripit
261 2515 347 2568 instar
359 2515 477 2567 turbinis
489 2527 520 2568 ae
532 2514 664 2567 fulminis.
672 2518 773 2567 Omnes
783 2515 856 2567 enim
868 2520 931 2565 sunt
943 2514 1029 2579 parati
1040 2513 1157 2566 maxime
1167 2513 1310 2566 inhaerere
1322 2512 1428 2580 labori,

190 2615 225 2667 ob
237 2617 373 2667 terrenam
387 2613 501 2680 gloriam
514 2612 584 2666 banc
597 2613 679 2664 etiam
691 2612 806 2678 eupiunt
819 2610 933 2677 perdere
947 2610 1039 2664 citam
1053 2610 1180 2663 Terribili
1193 2611 1268 2664 vocis
1287 2610 1421 2678 clangore

189 2717 302 2767 sonatur
314 2711 429 2766 buccina
442 2712 549 2779 signum
564 2730 571 2777 ;
594 2712 723 2764 euntibus
746 2711 845 2776 nautis,
867 2711 959 2763 statim
972 2710 1078 2763 rideres
1090 2723 1165 2763 marc
1186 2710 1309 2775 fervere3
1322 2710 1429 2764 coadu-

52 2828 61 2849 ·
132 2861 139 2876 ,
195 2818 296 2865 uantur
307 2813 407 2866 classes
419 2812 540 2879 undique
550 2812 679 2866 collectae
687 2829 695 2875 3
704 2812 825 2864 insidunt
835 2811 963 2863 transtris
973 2811 1190 2876 incumbuntque
1200 2810 1284 2862 remis
1292 2810 1318 2876 '3
1330 2815 1434 2877 petunt

195 2913 253 2966 loca
261 2913 332 2965 litori
345 2911 624 2978 adjacentiuwalalra
635 2911 733 2973 insula,
742 2922 813 2977 quae
823 2910 876 2962 illis
885 2916 925 2962 est
934 2911 1065 2976 proxima,
1073 2910 1129 2962 fere
1139 2909 1247 2962 deletur
1258 2923 1307 2975 per
1319 2908 1430 2963 omnia.
1451 2912 1486 2964 25

197 3013 372 3065 Porroetiam
394 3024 443 3077 per
464 3013 629 3063 Francorum
644 3023 726 3076 regna
751 3009 920 3061 nobilissima
934 3009 1113 3062 nibilominus
1129 3009 1188 3061 sine
1209 3009 1307 3061 timore
1327 3007 1433 3063 bellico

195 3111 310 3178 plurima
323 3110 500 3162 ‹levastautur
512 3108 631 3171 castella,
645 3112 790 3175 terguntur
802 3107 891 3173 sillae,
907 3121 956 3159 nec
970 3111 1112 3159 remanent
1124 3107 1256 3160 ecclesiae
1275 3107 1327 3159 nisi
1349 3120 1433 3160 rarae

195 3216 241 3263 aut
253 3214 339 3262 ustae.
352 3211 410 3261 b'on
424 3213 528 3261 tanturn
541 3209 663 3260 ciuitates
675 3207 837 3271 maritimae,
851 3206 899 3259 sed
912 3206 993 3258 etiam
1014 3207 1042 3256 in
1055 3207 1133 3273 regui
1155 3206 1307 3259 uisceribus
1319 3207 1430 3272 positae

194 3323 290 3363 eorum
303 3309 461 3363 obsidiones
472 3321 503 3360 ac
518 3307 620 3360 validos
634 3308 750 3372 impetus
762 3307 860 3358 hostici
885 3306 984 3359 furoris
1005 3305 1141 3358 sustinere
1159 3318 1215 3358 non
1236 3306 1338 3359 ualent.
1360 3308 1434 3360 Sunt

197 3409 250 3460 illis
271 3408 373 3475 spicula
395 3408 541 3460 admodum
562 3406 718 3471 fortissima,
740 3419 811 3472 quae
833 3411 909 3458 terna
937 3418 1019 3457 mauu
1046 3419 1101 3457 una
1119 3404 1248 3473 gesta[n]t
1279 3406 1431 3460 vibrantia.
1452 3411 1487 3462 30

197 3513 267 3561 Gens
277 3508 345 3561 dura
355 3515 436 3575 atque
448 3521 543 3574 aspera
557 3508 662 3561 neellel
674 3513 750 3558 curat
762 3506 894 3572 obsequia
908 3523 915 3569 ;
929 3512 1001 3557 amat
1014 3506 1159 3560 homicidia
1170 3512 1196 3559 et
1208 3506 1277 3560 falsa
1290 3507 1434 3574 periuria

197 3612 313 3665 sustinet
329 3611 444 3677 jejunia,
459 3622 513 3661 non
536 3610 581 3661 bei
604 3622 653 3674 pro
670 3609 773 3677 gratia,
789 3609 888 3674 patitur
909 3609 1008 3676 frigora
1030 3622 1078 3674 per
1096 3610 1218 3662 membra
1240 3608 1319 3663 valde
1333 3610 1434 3677 rigida,

197 3716 312 3765 aestates
324 3724 355 3763 ae
368 3711 470 3763 iricmcs
483 3724 539 3762 uno
553 3715 627 3762 tenet
638 3708 744 3761 ordine.
767 3709 833 3761 lnde
854 3707 983 3774 equidem
1005 3708 1096 3760 eundo
1119 3722 1167 3774 per
1188 3720 1322 3761 oceanum
1346 3710 1433 3764 celeri

198 3823 335 3864 remorum
349 3807 500 3875 [impulsu],
511 3809 567 3873 jam
581 3820 677 3859 secura
690 3807 724 3858 ab
739 3807 850 3858 inimice
864 3807 952 3867 ueste,
968 3811 1038 3858 rates
1052 3806 1164 3859 insieco
1185 3804 1328 3859 dimittens
1340 3807 1433 3867 litore,

200 3924 282 3977 prope
295 3915 376 3963 tetam
390 3909 509 3961 ricrastut
520 3908 695 3959 Britanniam.
710 3909 891 3959 bestruuntur
905 3907 1045 3971 eeclesiae,
1060 3911 1152 3959 sancta
1167 3910 1324 3960 cremantur
1337 3920 1434 3961 mona·
1453 3911 1487 3963 bii

201 4011 277 4078 teria,
292 4012 503 4074 prosternuntur
515 4007 608 4059 altaria
620 4024 627 4072 ;
641 4006 737 4072 captivi
751 4007 889 4059 ducuntur
901 4020 949 4072 per
962 4007 1092 4059 immania
1105 4006 1214 4058 uincula
1233 4006 1322 4073 ligatis
1343 4009 1432 4060 mani·

200 4112 251 4164 bus
273 4115 333 4174 post
353 4115 444 4175 terga;
458 4120 564 4167 aurum,
584 4109 737 4173 argentum.
750 4119 884 4172 gemmae,
896 4107 1066 4173 margaritae.
1089 4105 1193 4170 lapides
1207 4106 1328 4171 pretiosi,
1342 4113 1434 4160 restes

199 4220 308 4274 «guoque
321 4206 402 4257 variis
414 4205 553 4258 coloribus
565 4203 681 4269 fucatae,
695 4204 823 4270 grauibus
844 4203 1015 4270 ponderibus
1028 4204 1185 4256 referuntur
1205 4202 1240 4255 ad
1260 4202 1359 4256 litora:
1373 4217 1432 4257 cor·

199 4320 264 4373 pora
277 4310 432 4357 sanctorum
445 4309 609 4369 sparguntur
621 4316 753 4369 aquarum
768 4316 816 4368 per
829 4302 917 4356 undas
940 4304 1096 4367 multarum,
1110 4302 1305 4355 detrimentum
1323 4304 1433 4356 miseris

199 4408 258 4474 puri
280 4404 370 4458 cordis
388 4404 490 4456 lumine
512 4404 631 4469 priuatis.
654 4404 702 4467 Qui
729 4417 793 4455 rere
816 4409 1047 4469 praeoccupantes
1064 4403 1223 4455 Nortmanni
1237 4408 1351 4455 cunctas
1372 4403 1430 4456 fere
1447 4404 1475 4454 to

199 4508 272 4559 illius
285 4514 374 4557 terrac
387 4509 486 4569 partes.
500 4505 587 4555 obiter
601 4503 761 4555 discurrunt
784 4501 890 4568 pedites
912 4516 960 4568 per
982 4511 1139 4555 sanctorum
1159 4514 1190 4554 ac
1212 4503 1326 4554 diuitum
1345 4504 1429 4566 atria;

200 4606 260 4658 ideo
272 4603 361 4657 uerius
374 4603 474 4655 instant
488 4603 619 4668 pertinaci
633 4603 754 4667 saevitia,
768 4601 950 4655 ‹iiieceruntes
960 4605 1062 4667 omnia,
1075 4602 1205 4669 quoniam
1218 4602 1391 4655 obstaculum
1404 4601 1430 4654 iu

201 4705 276 4759 nullo
289 4704 350 4756 loeo
363 4703 514 4769 reperiunt.
