3316 5482
434 347 528 397 erun.
545 347 631 399 uss.
650 347 765 398 sams.
786 366 829 378 -
845 348 998 399 anenno.
1017 350 1065 399 an
1081 349 1159 401 con.
1178 348 1255 402 ersa.
1394 337 1461 403 567

332 513 395 592 12⁰
421 515 505 592 Vita
522 513 583 592 vel
613 515 855 593 conversatio
886 516 969 594 sine
1000 525 1126 596 morte
1152 526 1375 599 sanctorum
1406 544 1463 599 se·

381 648 489 741 ptem
508 639 840 717 Dormientium...
863 640 942 730 (iol.
969 641 1187 742 iios-iiiii.

235 824 239 833 ,
264 771 314 825 Ed.
326 774 353 824 P.
366 774 406 837 iu,
418 776 483 825 torn.
494 773 580 837 Liiiii,
595 786 622 837 p.
638 774 756 838 tici-id,
767 771 862 824 cadom
876 773 991 837 epistota
1003 773 1170 827 dedicatoria
1182 773 1216 827 ad
1230 777 1378 845 sulpicium
1393 781 1463 834 Bitu·

229 873 370 926 ricensem
383 876 410 924 et
422 870 518 924 eadem
531 871 721 938 inscriptione.

333 968 397 1045 130
423 969 506 1047 Vita
524 969 645 1048 sancti
666 969 841 1070 Gregorii
868 970 1104 1051 Turonensis
1121 972 1294 1076 episcopi
1315 987 1353 1054 et
1370 1000 1465 1056 eon-

383 1092 540 1172 sessoris
557 1092 634 1193 (fol.
659 1093 882 1194 tier-isti).

266 1230 384 1282 Auctore
397 1227 501 1293 Odone,
514 1227 559 1280 ed.
574 1229 602 1280 P.
616 1230 657 1291 is,
670 1232 735 1281 tom.
749 1229 835 1295 Lxxt,
848 1242 874 1293 p.
890 1230 992 1281 iti-28.
1009 1230 1039 1281 in
1052 1229 1125 1295 cod,
1139 1236 1199 1296 post
1211 1233 1353 1302 prologum
1366 1240 1393 1288 ct
1404 1243 1468 1291 aute

231 1327 352 1393 titutum,
365 1324 463 1378 litteris
475 1325 567 1377 rubris
588 1338 733 1392 perperam
754 1331 878 1379 notatum
899 1333 939 1380 cst
952 1343 959 1378 ε
973 1328 1168 1383 Fortunatus
1186 1330 1381 1387 Pictaveasis
1404 1335 1466 1402 epi·

233 1437 329 1492 copus
341 1423 384 1477 ad
397 1422 525 1476 taudem
535 1421 618 1476 beati
631 1423 776 1490 Gregorii
787 1422 843 1478 itoc
854 1437 933 1491 opus
943 1424 1131 1493 subsequens
1142 1425 1228 1495 fecit.

579 1809 790 1922 Appendix
809 1810 860 1898 ad
881 1811 960 1902 cod.
985 1810 1112 1900 9732.

235 2027 285 2091 Dn
310 2043 564 2091 ruausuasrons
588 2014 720 2092 caerrrs'
743 2027 777 2092 S.
806 2030 958 2095 Manrnu
982 2026 1063 2109 (Cir.
1095 2048 1207 2114 supra,
1236 2049 1269 2114 p.
1304 2029 1384 2107 566,
1419 2030 1468 2116 7⁰)

270 2211 465 2274 [Praemissum
474 2218 514 2265 est
523 2212 659 2280 prolixum
667 2213 838 2280 prooemium
847 2213 913 2280 (ine.
925 2213 1071 2266 Salvator·
1080 2214 1193 2277 noster,
1204 2211 1238 2264 ia
1246 2212 1337 2278 emtas
1345 2210 1470 2266 dicione

237 2313 352 2367 cuncta
364 2311 561 2380 suntposira
583 2312 709 2382 secitab
730 2313 821 2368 initio
828 2312 1021 2380 parmenam
1042 2311 1267 2378 uoluptatis...),
1289 2310 1391 2378 inquo
1410 2314 1471 2377 post

238 2413 367 2466 recitatos
385 2412 493 2478 aliquos
504 2412 580 2466 iocos
601 2426 761 2467 communes
773 2414 867 2465 multis
885 2414 1033 2467 verborum
1053 2412 1214 2479 amhagibus
1235 2411 1382 2476 involutos,
1403 2423 1470 2463 non-

199 2519 219 2571 5
238 2511 332 2567 nullae
343 2510 499 2565 referuntur
508 2514 664 2567 sanationes
677 2526 755 2581 quae
763 2513 956 2581 nuperrimis
965 2512 1061 2566 etiam
1071 2509 1260 2579 temporibus
1272 2510 1469 2575 acciderunt,

239 2623 358 2680 quarum
371 2611 466 2663 ultima
479 2613 626 2680 contigisse
635 2619 763 2666 narratur
775 2613 808 2664 in
815 2625 953 2680 persona
972 2610 1137 2678 cuiusdam
1147 2609 1307 2676 capellani
1326 2608 1474 2663 ecclesiae

240 2710 418 2776 Turonensis,
428 2711 520 2776 cicius
528 2711 633 2765 dentes
643 2712 820 2779 superiores
829 2714 859 2765 et
868 2709 1035 2778 inferiores
1047 2723 1079 2764 se
1091 2709 1218 2763 iasimai
1230 2709 1473 2775 copulaverunt,-

243 2811 346 2875 itaque,
360 2808 455 2863 dolore
467 2811 564 2877 rictus,
579 2812 681 2877 rogarit
697 2816 728 2864 ut
745 2811 788 2864 ad
799 2811 963 2866 ecclesiam
982 2809 1155 2864 beatissimi
1174 2808 1316 2877 Martini,
1335 2808 1474 2874 capistro

237 2904 335 2977 prius
346 2909 425 2964 cotio
437 2910 505 2976 ejus
517 2911 623 2979 altigata
635 2924 721 2966 more
732 2912 869 2980 malefici
880 2910 1015 2965 hominis
1024 2907 1211 2978 deferretur.

188 3012 224 3065 1⁰
278 3009 341 3061 Post
353 3008 420 3062 haec
431 3016 556 3064 recenset
568 3013 685 3078 scriptor
697 3012 855 3064 festivitates
867 3012 938 3064 beati
951 3009 1127 3072 confessoris,
1139 3021 1210 3076 quae
1222 3009 1333 3075 quater
1345 3008 1379 3060 in
1391 3019 1475 3061 anno

242 3107 345 3161 soient
358 3108 392 3160 ia
403 3110 468 3175 &aas
480 3111 813 3166 ecclesiasolemniter
824 3110 986 3178 celebrari,
996 3113 1164 3177 antequam
1176 3107 1292 3177 festum
1300 3105 1477 3161 venerabile

244 3204 284 3258 de
296 3207 504 3261 transtatione
518 3209 745 3276 pretiosissimi
763 3209 899 3275 eiusdem
919 3207 1033 3276 capitis
1045 3206 1205 3260 inuentum
1223 3219 1278 3260 seu
1297 3205 1476 3258 institutum

243 3304 395 3359 edisceret
412 3304 606 3375 hodiernum,
619 3313 646 3361 et
658 3308 789 3361 nonnulle
804 3321 899 3361 rursus
912 3308 1007 3361 recitat
1019 3306 1150 3360 miracula
1162 3318 1233 3374 quae
1255 3306 1283 3358 in
1295 3306 1338 3358 iris
1357 3305 1476 3373 contige·

246 3409 321 3457 runi.

194 3507 227 3558 io
281 3503 348 3557 inde
361 3506 453 3559 etaiia
462 3508 597 3575 quaedam
610 3510 741 3563 miracula
754 3515 951 3564 commemorat
960 3507 1157 3561 intercessione
1166 3509 1192 3560 s.
1204 3505 1311 3559 iiartini
1321 3505 1474 3573 impetrata.

246 3605 322 3658 inter
333 3619 404 3672 quae
418 3609 484 3663 haec
497 3612 643 3677 praecipue
655 3616 749 3664 notatu
762 3611 843 3679 digna
856 3611 992 3663 videntur.

279 3703 318 3758 Ia
329 3704 445 3762 diocesi
461 3710 632 3764 Turonensi
651 3713 721 3764 erat
740 3709 854 3764 ricottis
873 3709 1001 3776 quidam
1020 3720 1122 3775 nuper
1141 3707 1257 3761 nostris
1281 3705 1476 3773 temporibus,

245 3802 393 3858 dominus
416 3808 585 3864 ambasiae
602 3822 696 3877 super
718 3809 863 3877 Ligerim,
887 3808 943 3875 qui
968 3819 1125 3862 successor
1148 3805 1266 3874 fuerat,
1290 3808 1479 3858 nontamen

246 3899 435 3973 immediate,
450 3907 542 3960 iliius
553 3907 664 3961 aeditis
678 3906 861 3975 inperperii
876 3905 932 3973 qui
943 3904 1118 3958 venerabile
1128 3917 1240 3971 corpus
1252 3902 1334 3957 beati
1345 3902 1479 3956 Martini

198 4000 232 4052 20
247 3998 287 4054 de
297 4001 498 4060 Auraroaoro
509 4007 553 4059 ad
564 4007 727 4061 ecclesiam
741 4019 832 4059 suam
850 4004 982 4059 Turonis
994 4003 1120 4057 restitui
1125 4002 1319 4071 procuravit.
1329 4004 1363 4066 ls,
1374 4001 1479 4069 lougin-

248 4118 334 4172 quum
356 4106 408 4158 iter
427 4113 614 4173 suscepturus
628 4107 731 4174 rogavit
750 4119 864 4160 uxorem
886 4111 1081 4172 praegnantem
1094 4110 1133 4168 ut,
1155 4104 1178 4156 si
1190 4103 1276 4155 tilium
1295 4103 1354 4169 ipso
1366 4102 1480 4155 absente

249 4210 366 4272 pareret,
380 4206 443 4258 truie
462 4220 562 4259 nomen
583 4207 737 4272 imponeret
749 4205 944 4273 lngergerium.
965 4205 1041 4268 Quod
1055 4203 1100 4255 iiia
1123 4202 1251 4269 pollicita,
1264 4200 1365 4255 deinde
1386 4207 1479 4253 natum

250 4305 347 4371 tilium,
358 4306 547 4371 promissionis
557 4306 650 4367 oblita,
662 4306 830 4371 nuncuparit
838 4308 981 4358 ioannem.
992 4304 1024 4355 iit
1034 4303 1126 4355 inians
1134 4302 1210 4355 brevi
1218 4302 1272 4354 sita
1282 4301 1373 4353 cessit.
1385 4303 1479 4353 Postea

250 4419 316 4461 vero
328 4405 445 4458 alterum
459 4405 545 4457 tilium
557 4407 737 4471 impetrarunt
759 4409 896 4470 parentes,
910 4416 992 4468 quem
1006 4403 1190 4470 lngergerium
1203 4400 1418 4468 appellaverunt.
1433 4399 1479 4450 iiic

198 4512 233 4566 25
249 4518 335 4560 nunc
347 4505 453 4558 vivens
464 4507 614 4558 remanet.

286 4605 328 4659 lis
342 4604 408 4666 sere
420 4602 526 4656 ctiebus
547 4605 618 4656 crat
629 4603 663 4656 ia
677 4603 805 4657 civitate
828 4600 1002 4654 Geinutensi
1022 4599 1151 4666 proiciam
1164 4597 1255 4651 miles
1277 4597 1479 4663 vaidepoteu-
