3316 5482
207 315 273 380 278
551 324 675 376 curun.
695 323 798 375 couu.
816 322 991 375 mnemon.
1010 322 1091 377 nnn.

206 497 260 551 diis
279 501 394 564 metere,
408 509 520 550 aceruos
539 495 687 549 Persarum
699 495 837 548 ruentium
859 493 992 561 aspicere,
1007 493 1080 549 rivos
1102 492 1210 549 hostilis
1230 495 1413 564 sanquoispc

207 611 318 666 campos
330 610 452 651 manare.
466 596 518 649 Sed
531 594 600 663 quid
613 595 706 661 paucis
718 595 747 647 in
760 594 853 648 multis
867 594 1010 648 millibus?
1022 595 1090 659 Quid
1103 609 1176 649 unus
1189 595 1217 648 in
1230 596 1324 650 millet
1340 594 1414 651 icelle

193 684 195 688 ’
207 696 298 751 biliter
310 696 433 765 pluribus
445 695 552 759 occisis,
565 694 642 760 quasi
656 693 753 746 nociva
765 693 866 760 hydrae
873 693 1010 759 serpentis
1019 693 1107 760 capita
1118 707 1168 760 per
1177 707 1227 748 sua
1236 693 1338 750 damna
1346 694 1414 750 multo

207 795 287 863 plura
306 799 400 848 contra
421 807 471 848 nos
489 796 635 860 assurgunt
655 792 845 846 dimicantium
862 791 1007 858 plantaria,
1027 793 1179 847 horrendos
1202 793 1313 848 vibrant
1329 793 1413 857 s'bilm

207 894 376 949 terribilibus
395 894 526 947 insonant
546 890 671 959 flagellis,
683 904 734 946 vox
752 891 876 946 omnium
897 891 931 944 ad
952 891 1059 944 caelum
1079 892 1193 946 tollitur.
1220 895 1341 962 Fugaces
1355 893 1441 949 turbt

207 995 329 1061 undique
341 994 375 1048 ad
387 993 489 1047 bellum
503 996 695 1059 revertuntur;
709 992 865 1046 subtexitur
876 991 984 1045 caelum
1006 993 1079 1045 nube
1100 993 1270 1061 sagittarum,
1295 994 1421 1049 missilium

207 1094 341 1165 grandine
361 1094 447 1147 nostri
466 1093 668 1160 opprimuntur,
691 1105 743 1144 nec
762 1104 864 1158 anceps
884 1090 1014 1144 maluma
1035 1092 1135 1144 nostris
1155 1092 1199 1146 tel
1220 1093 1373 1160 propulsari
1390 1091 1424 1147 rel
1486 1106 1488 1115 ·

208 1195 298 1249 caveri
310 1197 407 1262 potest.
424 1196 483 1247 lam
507 1193 564 1245 iere
586 1205 682 1246 omnes
702 1192 805 1259 sagittis
826 1191 945 1245 confossi
964 1191 993 1243 in
1013 1195 1114 1244 terram
1133 1193 1349 1260 procubuerant,
1365 1192 1426 1263 equi,
1486 1168 1488 1177 Ι

208 1294 324 1362 equites,
337 1293 459 1360 pedites3
480 1292 569 1345 donec
582 1291 760 1357 boimundus,
784 1295 866 1358 prout
884 1294 951 1344 tunc
972 1303 1016 1344 res
1036 1290 1169 1357 erigebat,
1184 1304 1214 1345 se
1227 1292 1256 1345 in
1279 1296 1429 1359 potestaten

210 1392 388 1448 banismanni
400 1391 522 1444 tradidit.
1443 1392 1466 1445 li

241 1493 273 1547 5.
297 1491 449 1546 boimundo
469 1491 602 1559 captivato
620 1495 648 1544 et
667 1490 790 1558 diligenti
807 1488 931 1544 custodia
953 1488 1169 1555 circumvallato,
1193 1488 1346 1545 ineffabilis
1370 1493 1434 1547 inter

208 1594 304 1647 Persas
316 1597 374 1647 erat
385 1591 527 1658 exultati03
541 1590 667 1646 videlicet
676 1594 794 1644 Francos
804 1591 861 1658 jam
874 1591 948 1644 omni
961 1591 1099 1658 praesidio
1108 1604 1139 1645 ac
1151 1605 1200 1658 spe
1212 1591 1362 1647 destitutos
1373 1593 1437 1647 nibil

209 1693 322 1747 omnino
335 1697 448 1759 restare,
461 1691 553 1744 nisiut
573 1689 695 1758 quolibet
706 1690 816 1759 ingenio
834 1690 970 1758 fugientes
990 1690 1186 1745 delitescerent
1204 1698 1232 1746 et
1252 1691 1362 1746 animas
1378 1704 1439 1749 snas

209 1792 353 1846 salvarent.
364 1790 416 1844 sed
430 1790 490 1844 loco
503 1789 646 1843 boimundi
658 1791 776 1843 surrexit
794 1791 960 1858 Tancradus‚
983 1791 1026 1846 vir
1036 1804 1099 1845 acer
1111 1796 1139 1845 et
1159 1795 1300 1858 strennus,
1313 1792 1442 1860 providus

209 1889 333 1956 oonsilio,
346 1888 565 1956 promptissimus
576 1887 658 1954 bello,
671 1889 748 1954 quasi
760 1888 867 1941 catulus
886 1888 984 1955 leonis,
994 1889 1028 1942 ad
1042 1889 1135 1943 nullos
1153 1890 1307 1944 formidans
1319 1891 1439 1945 bostium
1455 1892 1484 1945 tlt

208 1989 344 2043 incursus.
356 1991 409 2042 lste
422 2000 520 2055 magna
531 1988 629 2041 virtute
640 1987 789 2054 acquisitos
800 1987 1015 2041 christianorum
1036 1989 1168 2042 terminos
1189 1987 1289 2056 majori
1303 1987 1437 2055 dilatarit,

209 2101 305 2143 omnes
317 2087 522 2154 praeveniendo
534 2089 685 2140 lurcorum
705 2090 829 2148 conatus,
851 2086 921 2141 adeo
941 2093 971 2140 ut
984 2087 1084 2141 multas
1102 2100 1199 2143 eorum
1211 2090 1385 2145 munitiones
1401 2091 1445 2146 ael

211 2186 333 2243 funditus
345 2187 514 2240 subverteret
525 2185 568 2238 vel
580 2185 609 2238 in
622 2184 791 2239 deditionem
803 2184 948 2252 acciperet.
962 2185 1011 2239 llic
1019 2187 1202 2241 consobrinus
1211 2192 1270 2241 erat
1279 2187 1445 2257 boimundi;

211 2288 283 2343 etde
296 2289 356 2355 ejus
368 2286 530 2340 liberatione
549 2286 585 2352 vi,
600 2286 750 2351 promissis,
763 2286 862 2352 pretio,
876 2286 995 2353 plurima
1015 2287 1164 2355 moliendo,
1185 2289 1214 2342 in
1232 2290 1364 2343 omnibus
1376 2290 1446 2345 irus·

209 2389 332 2443 trabatur
349 2385 474 2453 inceptis.
487 2385 580 2438 Turris
597 2390 655 2439 erat
675 2391 771 2438 natura
789 2390 816 2438 et
834 2390 893 2439 arte
914 2387 1104 2452 munitissima,
1123 2386 1192 2441 adeo
1222 2387 1445 2458 diligentissimis
1460 2391 1488 2445 bt

138 2514 141 2518 Α
209 2489 359 2543 electorum
376 2485 494 2538 militum
506 2485 708 2539 circumvallata
721 2485 844 2539 excubiis
861 2490 892 2539 ut
910 2486 960 2538 nisi
980 2499 1015 2538 ex
1033 2486 1168 2553 permissu
1187 2488 1256 2541 nulli
1268 2488 1313 2542 vel
1331 2489 1444 2557 ingredi

208 2589 251 2642 vel
259 2586 351 2654 egredi
361 2588 465 2653 pateret
477 2597 611 2638 accessus.
620 2586 704 2637 lirant
715 2588 806 2638 tamen
820 2598 852 2638 ex
864 2590 980 2652 utraque
994 2590 1069 2652 parte
1082 2585 1237 2639 firmissima
1250 2588 1445 2643 confoederati

209 2687 410 2753 treviaabsque
422 2684 485 2739 dolo
498 2684 680 2738 maloviscndi
690 2698 771 2737 causa
781 2684 907 2738 dominos
919 2685 958 2738 ire
968 2698 999 2738 ac
1009 2685 1253 2754 redire3erantque
1263 2686 1292 2740 in
1304 2688 1445 2757 obsequio

210 2786 353 2842 boimundi
365 2786 399 2838 de
412 2785 468 2838 suis
481 2797 561 2850 saepe
572 2783 647 2850 deni,
661 2797 741 2851 saepe
752 2785 850 2839 viceni.
864 2787 1018 2854 Praeterea,
1029 2786 1105 2850 iuxta
1120 2785 1189 2840 illud
1201 2786 1276 2853 quod
1289 2788 1446 2854 Apostolus

209 2887 247 2940 ait
259 2907 265 2936 t
279 2884 458 2940 salvabitur
469 2883 520 2936 vir
530 2882 735 2952 infidelisper
744 2884 908 2938 mulierem
919 2884 1323 2952 fidelemmrorbanismanni,
1332 2887 1445 2943 occulto
1462 2891 1488 2944 a

209 2985 365 3048 christiana,
379 2983 527 3037 christiano
539 2983 597 3035 viro
610 2983 638 3034 in
650 2983 780 3035 omnibus
794 2983 1020 3050 compatiebatur,
1034 2988 1061 3037 et
1080 2985 1150 3038 sicut
1162 2984 1277 3039 decebat
1301 2985 1446 3056 insignem

209 3086 308 3137 ducem
328 3083 463 3149 victualia,
488 3082 659 3147 vestimenta,
681 3087 827 3148 ceteroque
848 3083 1011 3147 necessaria,
1034 3083 1214 3138 clandestinis
1237 3086 1446 3141 transmittebat

208 3181 395 3235 internuntiis.
409 3181 435 3232 sl
449 3180 558 3246 quando
580 3180 661 3232 etiam
674 3180 811 3245 persensit
824 3181 951 3233 maritum
971 3180 1075 3247 aliquid
1087 3181 1228 3235 crudelius
1249 3186 1347 3235 contra
1358 3186 1444 3250 capti·

208 3295 271 3335 vum
293 3279 392 3346 moliri,
415 3279 595 3332 muliebribus
616 3278 812 3332 blandimentis
832 3283 998 3333 commotum
1020 3281 1153 3348 mitigare,
1167 3280 1348 3346 blandiendo,
1361 3283 1446 3337 mini·

209 3380 302 3443 tando,
315 3377 500 3444 promittendo
511 3378 582 3444 apud
593 3377 721 3431 custodes
738 3377 846 3432 edicere
868 3393 903 3432 ne
925 3380 1029 3446 captivo
1051 3380 1213 3433 insultarent
1231 3393 1282 3434 nec
1301 3380 1445 3449 aliquibus
1462 3385 1488 3437 st

209 3478 382 3533 contumeliis
401 3478 547 3530 irritarent.

242 3580 273 3631 6.
285 3581 393 3631 interea
406 3577 461 3630 dux
482 3577 650 3637 botcberius‚
671 3578 809 3644 ceterique
831 3579 937 3646 cognati
950 3584 978 3632 ct
998 3579 1078 3632 amici
1092 3580 1235 3633 boimundi
1248 3579 1277 3632 in
1297 3581 1397 3646 llpulls
1414 3589 1445 3636 et

209 3679 342 3743 calabria,
356 3677 424 3730 nibil
436 3677 619 3728 intermittunt
628 3676 702 3743 quod
713 3676 748 3730 ad
760 3679 928 3742 ereptionem
951 3680 1010 3745 ejus
1028 3679 1160 3745 prodesse
1181 3679 1363 3741 arbitrantur.
1380 3694 1443 3736 ora·

207 3778 337 3841 tionibus,
351 3776 525 3841 elemosynis,
538 3775 732 3844 oblationibus,
746 3789 816 3842 quae
829 3778 922 3831 omnia
935 3792 991 3831 non
1004 3782 1109 3831 tantum
1130 3780 1289 3845 intersum,
1303 3779 1353 3832 sed
1368 3781 1444 3836 inter

207 3880 335 3930 externos
347 3874 545 3928 studiosissime
557 3873 614 3927 iteri
625 3887 674 3940 per
686 3874 781 3928 lideles
790 3881 817 3928 et
827 3877 940 3929 idoncos
953 3879 1065 3930 nuntios
1073 3877 1260 3943 providebant.
1274 3879 1338 3931 Post
1349 3881 1437 3935 baum
1457 3883 1488 3934 sb

209 3976 353 4042 praecipue
366 3976 393 4026 in
406 3974 485 4028 beato
497 3973 639 4027 Leonardo
653 3978 707 4026 tam
721 3975 779 4040 ipse
795 3976 963 4029 boimundus
975 3990 1052 4042 spem
1065 3990 1147 4043 quam
1156 3977 1278 4030 universi
1289 3978 1440 4033 habebant

207 4086 321 4136 Sanctus
332 4081 490 4135 Leonardus
511 4080 648 4149 singulare
659 4083 820 4149 captivitatis
832 4088 873 4137 est
893 4085 1028 4152 refugium
1040 4103 1047 4151 ;
1069 4085 1155 4137 sancti
1180 4083 1316 4138 Leonardi
1327 4085 1441 4153 virtute,

210 4184 280 4236 sicut
291 4195 353 4235 cera
365 4194 380 4234 a
393 4181 461 4234 facie
474 4181 554 4249 ignis,
567 4182 606 4235 sie
618 4182 708 4235 omnis
723 4183 847 4236 soliditas
869 4183 933 4236 ferri
956 4184 1082 4250 liquescit
1094 4202 1102 4250 ;
1117 4188 1210 4237 sancto
1223 4184 1368 4238 leonardo
1379 4187 1442 4254 qui·

209 4295 326 4350 cumque
338 4294 405 4348 pura
417 4279 471 4333 ilde
483 4293 511 4332 se
525 4282 707 4348 commendat,
722 4283 877 4336 nullatenus
890 4284 924 4335 dc
944 4284 1030 4337 salute
1042 4283 1153 4337 diffidat.
1167 4284 1206 4336 lld
1229 4289 1354 4336 sanctum
1372 4288 1441 4340 Leo·

210 4382 326 4435 nardum
339 4381 485 4443 orationes,
500 4393 607 4445 manus,
620 4381 713 4434 oculos
735 4380 866 4449 levemus,
881 4388 906 4436 et
919 4384 1041 4449 prolecto
1063 4384 1090 4435 in
1109 4384 1167 4449 ejus
1187 4383 1351 4437 liberatione
1363 4386 1441 4441 inve·
1458 4392 1488 4443 lc

210 4481 266 4533 niet
278 4480 388 4547 quidem
411 4480 576 4532 christianus
594 4481 736 4546 auxilium,
751 4482 863 4549 paganis
883 4495 947 4535 vero
969 4482 1135 4550 condignum
1157 4483 1280 4535 exitium.
1297 4483 1445 4540 Osoncte

209 4579 378 4647 Leonorde,
392 4579 482 4633 sidus
494 4591 636 4647 aureum,
648 4580 773 4633 Domini
782 4580 890 4647 qratia
902 4593 1063 4636 servorum
1071 4581 1205 4648 pemttus
1213 4581 1311 4636 solita
1317 4585 1446 4654 suscipe
