3316 5482
344 329 411 397 162
689 343 812 396 carru.
831 343 934 394 oouu.
955 341 1128 394 naoroon.
1147 341 1228 393 nar.

345 530 408 571 rum
421 528 533 570 suorum
547 515 610 568 mali
623 515 755 581 sentiens,
769 518 796 568 et
804 526 897 568 coram
910 515 1015 569 cunctis
1028 513 1185 567 ambulavit.
1200 514 1232 566 lit
1240 524 1390 566 conuersus
1401 511 1438 565 ad
1447 513 1576 580 juvenem

342 614 502 680 superbum,
512 613 579 665 dixit
591 627 599 664 :
610 612 672 666 Illa
681 624 760 680 quae
772 614 806 665 tu
817 611 853 665 in
861 611 1004 666 manitas
1013 612 1075 665 tuis
1085 609 1310 666 teaceaseabella
1321 609 1378 664 tibi
1388 610 1455 664 sint
1466 609 1576 664 amodo

341 713 529 769 necessaria.
552 714 584 766 lit
604 713 695 766 statim
715 713 775 766 sine
787 725 863 766 mora
884 713 986 767 cadens
998 713 1028 766 in
1040 716 1151 780 terram,
1170 709 1282 766 effectus
1295 716 1336 765 est
1347 711 1517 779 paralyticus
1531 708 1577 777 qiu

348 818 429 868 antea
441 814 529 867 luerat
541 826 687 880 perversus
699 816 781 879 atquc
792 811 937 879 superbus.

378 915 428 967 15.
442 913 604 967 Gillebertus
616 917 707 966 autem
717 925 774 978 rex,
784 912 852 965 baec
864 912 988 978 audiens,
997 925 1060 967 cum
1069 924 1156 966 uxore
1169 916 1197 967 et
1211 911 1357 966 comitibus
1366 911 1426 964 suis
1440 912 1578 965 venerunt
1592 907 1608 961 5

339 1013 448 1068 obviam
468 1013 493 1066 ei
514 1017 541 1066 et
559 1012 675 1082 genibus
696 1011 775 1066 llexis
795 1011 980 1067 adoraverunt
1000 1026 1064 1067 eum
1086 1026 1169 1079 super
1190 1016 1301 1080 terram,
1323 1016 1352 1065 et
1377 1009 1578 1078 amplectentes

342 1111 457 1168 osculati
470 1117 535 1166 sunt
546 1125 576 1165 se
590 1112 717 1166 invicem.
730 1114 762 1164 lit
774 1113 912 1179 accipiens
929 1127 992 1167 eum
1001 1126 1049 1166 rex
1070 1126 1120 1180 per
1131 1124 1240 1178 manus,
1253 1111 1330 1164 duxit
1342 1110 1420 1165 illum
1433 1122 1533 1164 secum
1542 1108 1579 1163 ad

341 1224 418 1265 suam
430 1209 549 1279 regalem
562 1209 685 1276 domum,
699 1214 725 1263 et
737 1209 807 1263 lacta
820 1217 861 1264 est
873 1211 974 1265 laetitia
992 1223 1090 1280 magua
1107 1211 1163 1263 illis
1175 1210 1313 1278 omnibus,
1325 1209 1392 1263 viris
1409 1208 1542 1262 similiter
1551 1211 1580 1261 et

341 1308 514 1374 mulieribus,
535 1309 649 1362 senibus
669 1314 697 1361 et
713 1307 871 1375 juvenibus,
892 1309 939 1375 qui
963 1306 1066 1361 ibidem
1087 1312 1175 1362 erant.
1193 1310 1227 1361 lit
1243 1308 1272 1361 in
1291 1306 1411 1361 crastina
1423 1304 1579 1361 autemdie

341 1420 438 1461 omnes
450 1408 547 1461 turbae
559 1408 680 1462 exomni
693 1410 770 1473 parte
786 1406 821 1460 ad
842 1405 991 1460 videndum
1001 1419 1064 1460 eum
1078 1407 1236 1472 ueniebant,
1250 1405 1396 1460 audientes
1408 1410 1436 1459 et
1447 1403 1579 1459 videntes
1596 1404 1630 1462 lb,

340 1507 453 1560 virtutes
464 1513 493 1560 et
503 1507 581 1575 signa
593 1519 664 1574 quae
674 1520 723 1572 per
735 1505 812 1559 illum
824 1509 896 1560 bcus
905 1505 1031 1559 iaciebat.
1045 1505 1210 1559 Gillebertus
1222 1510 1314 1559 autem
1327 1518 1377 1558 rex
1386 1504 1493 1573 rogavit
1514 1516 1582 1558 eum

339 1607 452 1660 missam
463 1606 613 1659 celebrare.
636 1608 668 1659 lt
687 1606 734 1658 ille
756 1604 943 1658 indubitanter
963 1604 1076 1658 adstans
1098 1609 1163 1659 autc
1181 1605 1277 1671 altare,
1298 1604 1481 1671 suasjactavit
1494 1616 1583 1671 super

341 1704 433 1760 radios
445 1704 512 1759 solis
523 1705 655 1771 manicas,
674 1711 703 1759 et
711 1705 750 1757 ibi
763 1705 884 1771 luerunt,
897 1704 1063 1758 mirantibus
1075 1705 1191 1768 cunctis,
1203 1703 1294 1759 donec
1306 1708 1395 1758 totum
1406 1703 1442 1758 ab
1454 1716 1490 1757 co
1501 1715 1581 1758 oom-

340 1806 444 1873 pletum
457 1809 500 1859 est
510 1803 642 1859 officium.
653 1803 784 1857 Similiter
795 1810 823 1857 et
833 1804 905 1857 duae
916 1804 1085 1859 columbaea
1096 1817 1159 1873 rege
1170 1809 1197 1858 et
1205 1805 1240 1857 ab
1249 1804 1324 1859 omni
1337 1803 1439 1871 populo
1450 1801 1487 1857 de
1498 1802 1579 1858 oeeio

340 1904 511 1959 descendere
522 1905 597 1958 visae
606 1908 671 1957 sunt
683 1904 746 1957 nive
754 1903 943 1958 candidiores:
956 1915 1012 1957 una
1022 1917 1106 1971 super
1118 1905 1177 1970 ejus
1188 1904 1327 1971 scapulam
1339 1904 1482 1957 dexteram
1493 1901 1578 1970 sedit,
1598 1902 1632 1956 tt

341 2004 426 2059 altera
438 2009 502 2058 ante
520 2017 585 2057 oum
605 2016 687 2069 super
704 2003 791 2056 altare
811 2004 920 2069 mansit,
943 2016 1006 2057 eum
1026 2016 1058 2058 eo
1079 2003 1206 2057 similiter
1227 2003 1398 2059 oblationem
1419 2002 1579 2057 etcalicem

341 2103 519 2170 benedicens,
532 2115 677 2169 quousque
689 2102 899 2156 archidiaconus
909 2116 975 2156 suus
986 2104 1015 2155 in
1028 2101 1112 2156 finem
1119 2103 1221 2157 missae
1232 2103 1303 2156 dixit
1315 2118 1322 2155 ε
1336 2104 1392 2170 Ite,
1405 2102 1506 2156 missa
1517 2104 1576 2156 eat.

341 2204 417 2256 Tunc
427 2203 462 2257 ad
474 2204 545 2256 banc
555 2215 661 2267 vocem,
671 2201 829 2257 videntibus
840 2203 956 2269 cunctis,
970 2202 1094 2256 volantes
1106 2203 1235 2256 exierunt
1247 2203 1275 2254 in
1286 2203 1394 2257 caelum
1402 2218 1411 2268 ;
1419 2207 1447 2255 et
1458 2201 1578 2255 miratus

343 2305 384 2355 est
395 2314 444 2356 rex
462 2315 525 2355 cum
545 2302 666 2356 exercitu
679 2306 706 2355 et
717 2302 792 2356 omni
813 2302 925 2369 populo,
947 2303 985 2356 ita
1005 2306 1104 2357 utnon
1121 2308 1278 2359 terrestrem
1290 2304 1441 2370 bominem,
1462 2301 1577 2357 sedbel

342 2400 540 2470 omnipotentis
552 2401 671 2455 amicum
683 2404 710 2454 et
727 2401 842 2455 militem
864 2409 989 2456 sanctum
1010 2402 1176 2465 Leonorium
1197 2416 1258 2456 esse
1269 2402 1438 2456 unanimiter
1449 2399 1578 2456 adfirma·
1596 2401 1631 2454 2⁰

347 2507 420 2555 rent.

380 2602 431 2655 16.
441 2601 573 2654 Parentes
584 2600 658 2653 enim
667 2604 694 2654 et
705 2600 785 2654 amici
795 2600 869 2654 illius
877 2601 1017 2669 paralytici
1026 2601 1153 2667 bominis,
1165 2599 1266 2668 dequo
1278 2600 1360 2667 paulo
1369 2605 1433 2654 ante
1444 2599 1578 2665 diximus,

346 2698 476 2754 odiebant
487 2702 611 2752 sanctum
631 2699 678 2752 bei
690 2700 866 2765 Leonorium,
879 2699 1003 2754 volentes
1014 2712 1077 2753 eum
1089 2698 1235 2763 occidere3
1249 2703 1276 2753 et
1295 2711 1352 2753 non
1365 2703 1492 2766 poterant
1512 2713 1581 2766 prae

346 2796 520 2852 multitudine
540 2798 703 2865 populorum
716 2800 763 2866 qui
785 2798 819 2852 ad
842 2798 991 2852 videndum
1003 2813 1066 2853 eum
1087 2799 1262 2854 exomnibus
1283 2799 1408 2865 partibus
1418 2798 1580 2853 veniebant.

345 2899 615 2967 'lunccogitavcrunt
623 2897 700 2952 illum
709 2899 849 2952 mortifero
857 2903 883 2952 et
892 2912 1030 2952 venenoso
1040 2900 1139 2965 poculo
1147 2899 1284 2953 cumvino
1293 2899 1379 2953 mixto
1387 2899 1581 2967 exstinguam
1601 2900 1635 2955 25

345 3002 374 3052 et
384 2997 522 3064 deprecati
532 3002 598 3050 sunt
608 3011 694 3050 uuum
704 2996 739 3051 de
749 2999 888 3064 pincernis
898 2998 1030 3051 ministris
1048 2999 1129 3066 regis,
1142 2998 1190 3066 qui
1202 2996 1356 3066 unus[erat]
1368 3011 1403 3051 ex
1419 2998 1582 3064 parentibus

345 3097 464 3151 bominis
476 3096 549 3149 illius
561 3097 711 3163 paralytici,
722 3100 753 3149 ut
764 3096 831 3149 illud
842 3103 1009 3151 venenatum
1021 3098 1152 3164 poculum
1167 3097 1337 3151 mortiterum
1350 3102 1430 3152 nocte
1443 3097 1579 3164 insecuta,

345 3195 503 3250 discedente
516 3208 549 3249 eo
560 3195 595 3248 de
616 3196 687 3263 regis
698 3196 822 3249 convivio
835 3200 863 3249 et
883 3201 999 3251 exeunte
1011 3198 1045 3250 ad
1061 3196 1172 3261 lectum,
1186 3201 1247 3263 post
1263 3197 1340 3249 illum
1363 3196 1456 3250 ferret.
1470 3199 1502 3249 iit
1513 3211 1580 3252 ecce

344 3297 459 3364 angelus
470 3295 577 3348 bomini
590 3295 665 3347 venit
684 3293 805 3361 adeum,
819 3295 913 3350 dicens
936 3313 943 3349 ι
964 3298 1073 3352 Sancte
1085 3297 1142 3350 Dei
1162 3295 1319 3363 Leonorii,
1339 3308 1414 3351 caue
1425 3310 1446 3351 α
1458 3298 1579 3364 poculo

345 3394 426 3463 qaod
438 3392 494 3448 tibi
513 3394 548 3446 tn
560 3405 623 3446 uno
635 3393 762 3447 vasculo
784 3393 883 3449 vitreo
895 3408 981 3450 nunc
993 3394 1145 3464 defertur.
1159 3396 1234 3450 Noti
1254 3395 1339 3449 illud
1350 3394 1497 3449 manibus
1518 3395 1582 3450 tata'c
1600 3396 1634 3450 bb

344 3495 472 3562 tempere
484 3495 653 3559 antequam
673 3492 798 3558 sianum
812 3497 942 3548 sanctae
962 3495 1175 3562 craciascper
1195 3495 1448 3561 nicticoracem,
1471 3497 1502 3549 et
1513 3496 1583 3550 acolt·

346 3594 464 3661 timere,
478 3594 553 3660 qaia
566 3596 666 3647 tecam
675 3606 746 3647 sam
759 3593 943 3647 iraomnibus
956 3593 1051 3648 boris.
1065 3596 1103 3648 bt
1111 3609 1196 3651 cunc
1212 3595 1407 3650 miraculum
1418 3595 1581 3651 ommino

346 3693 420 3746 Jesc
434 3690 554 3746 cbristo
563 3703 624 3757 per
635 3692 664 3744 te
676 3690 797 3758 factum
809 3690 936 3760 videbis,
947 3693 982 3745 ut
994 3695 1024 3746 et
1035 3705 1147 3747 nomen
1157 3693 1223 3758 eius
1235 3691 1273 3746 ab
1286 3692 1348 3747 ista
1357 3695 1448 3761 pente
1459 3693 1581 3760 meoni-

344 3790 562 3859 ficetcrperte
573 3789 748 3843 insaecula
760 3790 967 3844 saeculorum.
981 3792 1089 3845 Amen.
1102 3791 1219 3845 sedente
1241 3804 1274 3844 eo
1287 3795 1352 3844 ante
1364 3791 1467 3844 lectum
1487 3803 1579 3858 suum,

345 3893 481 3944 venerunt
493 3894 548 3942 tres
561 3902 594 3942 ex
604 3888 736 3940 ministris
749 3889 829 3956 regis,
851 3889 1007 3944 deserentes
1028 3890 1063 3944 de
1084 3895 1161 3956 parte
1172 3889 1242 3958 regis
1263 3889 1360 3956 pocula
1380 3888 1509 3955 pretiosis
1523 3890 1581 3958 pip-
1597 3891 1632 3945 ὦ

345 3988 446 4042 mentis
469 3988 593 4041 conlecta
610 3987 645 4039 ad
663 4000 727 4042 eum
742 4005 749 4053 ;
764 3987 809 4041 ille
827 3993 919 4041 autem
936 3989 983 4055 qui
1005 4001 1176 4041 venenosum
1202 3989 1298 4042 vinum
1323 3987 1485 4054 apportabat
1501 3992 1582 4043 ante·

348 4088 419 4141 cedit
430 4087 508 4152 alios,
530 4086 715 4140 nescientibus
728 4085 783 4139 illis
803 4086 870 4154 quid
890 4087 942 4140 iste
961 4087 1067 4155 agebat.
1088 4088 1234 4142 Venientes
1256 4092 1347 4141 autem
1368 4091 1582 4144 steteruntante

348 4200 422 4253 eum,
435 4187 481 4240 illa
502 4185 649 4240 offerentes
661 4187 688 4238 ei
701 4186 807 4252 pocula.
821 4189 936 4240 Sanctus
947 4200 1012 4240 vero
1029 4188 1190 4253 iconomus,
1211 4187 1360 4254 respiciens
1371 4199 1429 4253 eos,
1448 4188 1487 4241 ait
1504 4187 1580 4242 illis:

348 4285 559 4340 Discalct'atus
570 4284 730 4350 enimjam
741 4298 812 4338 sum
826 4285 917 4339 :nolo
927 4285 960 4338 in
973 4285 1033 4340 bac
1041 4289 1129 4341 nocte
1139 4285 1204 4340 nisi
1212 4298 1233 4339 a
1241 4284 1438 4340 discalciatis
1447 4283 1582 4341 homini·

348 4383 522 4439 combibere.
530 4383 571 4437 llli
584 4388 676 4436 autem
684 4383 837 4450 gaudentes
849 4398 879 4437 se
889 4384 1117 4438 discalciaverunt
1126 4389 1154 4437 et
1163 4389 1300 4438 venerunt
1309 4387 1372 4437 ante
1380 4397 1445 4437 eum
1455 4388 1581 4455 stantes3
1597 4387 1630 4440 to

348 4483 396 4539 ille
416 4484 566 4538 malevolus
587 4484 668 4537 bomo
689 4484 800 4550 propior
812 4489 839 4536 ct
859 4484 936 4551 prius
956 4484 981 4537 ei
995 4484 1156 4550 adportavit.
1177 4486 1293 4538 sanctus
1314 4489 1406 4538 autem
1426 4486 1583 4540 Monurius

347 4584 458 4641 elevans
469 4598 581 4638 manum
601 4597 678 4638 suam
699 4584 832 4651 dextram,
846 4585 963 4638 vitreum
984 4585 1053 4638 illud
1073 4584 1215 4639 vasculum
1228 4585 1307 4653 signo
1328 4584 1451 4652 signavit
1467 4592 1582 4642 muctam
