3316 5482
274 111 366 163 amn.
385 111 471 162 nur.
489 111 605 162 runis.
624 132 670 143 —
685 112 839 162 urrann.
858 113 906 163 un
922 112 999 164 oon.
1018 110 1094 163 aare.
1233 98 1301 163 245

170 282 208 358 5⁰
225 281 419 383 [Miracula
437 281 512 359 alia
526 283 648 362 sancti
663 282 828 385 Martini]
844 282 922 382 lfol.
946 282 1160 385 latr-titt).

105 408 224 483 Gregorii
236 417 406 471 'turonensis
418 417 460 470 De
469 415 574 483 pieria
586 416 808 484 consertorum,
821 429 881 483 cap.
894 419 920 470 t.

168 513 207 591 6⁰
224 514 375 617 [Sermo
392 515 541 595 Odonis
546 577 618 592 .....
623 517 635 617 l
647 515 724 616 (iol.
748 515 968 611 lilii-llll).

112 647 141 700 tlt
151 661 243 715 supra,
254 648 316 703 cod.
328 650 405 715 tato,
417 651 446 702 δ’
454 651 577 716 (prorsus
589 649 688 703 eodem
701 650 801 714 titulo).

168 745 208 822 7⁰
225 745 359 825 Passio
377 747 500 826 sancti
514 746 674 824 Adriani
694 745 876 848 martyris
898 746 976 847 (fol.
1000 744 1235 850 utar-lbani*

168 869 209 946 8⁰
222 867 308 947 Vita
326 868 431 948 beati
448 869 676 972 Hieronymi
695 870 870 950 doctoris
883 870 1086 972 praecipui
1101 869 1178 971 (fol.
1198 856 1300 947 tiar-

221 990 355 1094 raet*

10 1107 18 1220 l
105 1128 222 1180 Auctore
244 1137 393 1195 anonymo.
406 1127 537 1194 sequitur
550 1127 608 1193 (tol.
624 1127 763 1195 latr-itta)
785 1128 976 1184 Miracutam
992 1126 1304 1195 cjmaanbeatiffle-

79 1225 353 1294 mnpmidcteme,
375 1225 420 1280 ed.
442 1228 472 1290 Ρ.
493 1229 535 1294 L,
557 1231 621 1281 tom.
643 1229 723 1296 xxti,
745 1243 773 1296 p.
785 1230 845 1297 210,
860 1226 1096 1296 compactam
1108 1238 1244 1294 neumae
1253 1226 1304 1282 die

76 1324 386 1393 advesperascente...)
398 1353 430 1365 -
442 1341 469 1393 p.
483 1328 543 1381 tlt.
556 1328 661 1382 Desinit
672 1333 703 1380 ut
715 1329 744 1381 in
757 1342 822 1381 mss.
836 1328 871 1382 de
883 1328 984 1396 quibus
996 1327 1064 1382 ibid.
1078 1328 1107 1380 in
1119 1332 1183 1381 nota
1197 1340 1223 1381 c.

132 1430 135 1437 '
171 1423 212 1502 9⁰
241 1424 373 1504 Passio
400 1435 624 1506 sanctorum
654 1428 820 1525 Aebutii,
853 1426 1051 1524 Heliadis,
1089 1425 1302 1523 Theodori,

221 1547 396 1640 deuterii,
413 1550 691 1654 sociorumque
709 1573 846 1630 eorum
861 1550 998 1629 decem
1013 1550 1182 1648 milium,
1203 1574 1304 1651 quae

226 1680 285 1752 est
302 1697 326 1750 x
344 1674 531 1754 kalendas
545 1674 634 1776 Julii
653 1674 730 1775 lfol.
756 1674 969 1778 lilii-llil).

106 1805 155 1859 aa.
168 1807 235 1861 Act.
247 1807 306 1875 SS,
318 1806 353 1862 ad
365 1807 393 1860 d.
406 1810 439 1862 tt
452 1811 528 1877 iun,
542 1813 607 1862 tom.
622 1812 663 1876 lv,
677 1825 705 1876 p.
719 1809 823 1863 tas-ar.
838 1809 944 1863 omissa
956 1813 998 1862 est
1009 1807 1090 1863 initio
1102 1808 1217 1876 epistola
1229 1807 1306 1863 dedi·

68 1906 176 1960 catoria
187 1910 216 1960 et
225 1906 254 1959 in
266 1905 322 1961 tine
332 1907 484 1962 continuati
494 1912 560 1963 suut
570 1909 746 1962 versussiout
757 1909 895 1964 indicatur
906 1914 975 1963 tom.
987 1908 1045 1976 cit,
1058 1924 1085 1977 p.
1101 1912 1159 1977 188,
1169 1913 1263 1963 annot.
1275 1923 1306 1975 a.

191 2005 254 2083 10⁰
273 2007 403 2087 Passio
430 2006 553 2086 sancti
581 2007 697 2085 Blasii
724 2007 899 2109 episcopi
926 2015 965 2086 et
990 2008 1184 2109 martyris,
1205 2031 1307 2109 quae

222 2138 501 2210 est111⁰nonas
521 2129 736 2210 februarias
755 2130 834 2226 (fol.
857 2132 1072 2232 liti-llll).

107 2248 167 2302 Alia
177 2247 266 2302 versio
278 2247 363 2302 latina
375 2247 513 2302 Passionis
524 2247 615 2301 editae
627 2248 693 2302 Act·
712 2248 771 2314 ἃᾶ,
789 2247 824 2301 ad
839 2248 868 2303 d.
880 2251 897 2301 3
909 2248 1001 2315 Febr,
1020 2253 1086 2302 torn.
1101 2252 1122 2315 l,
1137 2264 1166 2315 p.
1180 2249 1304 2303 tao-aaa.

66 2347 263 2403 praemittitur
273 2347 375 2414 brevis,
385 2347 435 2402 scd
447 2347 596 2401 admodum
608 2346 733 2415 turgidus
745 2347 921 2415 prologus,et
933 2360 982 2413 pro
994 2346 1152 2401 narratione
1164 2345 1199 2400 de
1211 2348 1307 2399 sanato

65 2460 163 2516 puero
173 2447 216 2501 cui
228 2460 295 2501 casu
309 2447 388 2513 spina
399 2447 482 2513 pisois
494 2448 523 2499 in
535 2451 644 2515 gutture
661 2447 785 2500 haeserat
795 2448 857 2512 (vit.
871 2447 915 2502 cit
928 2460 955 2500 n.
970 2449 1006 2513 tt,
1018 2446 1072 2500 alia
1090 2447 1119 2499 in
1131 2444 1225 2500 codice
1242 2444 1307 2512 legi·

66 2554 131 2614 tur,
143 2558 235 2614 quam,
249 2547 319 2600 sicut
329 2550 357 2600 et
368 2545 521 2614 prologum,
535 2545 579 2599 bic
590 2545 761 2600 exhibemus.

385 3009 592 3122 appendix
612 3009 662 3097 ad
683 3009 765 3100 ood.
791 3007 914 3098 5329.

356 3259 541 3325 Pnonoous
564 3277 601 3325 rn
624 3258 821 3324 Pussronsu
845 3255 880 3325 S.
899 3256 1028 3356 Bcasn.

111 3478 226 3534 tlillenis
239 3478 347 3534 uicibus
367 3479 565 3554 scripturarum
586 3477 766 3531 bibliothecas
784 3474 1028 3546 permutavimus,
1047 3480 1075 3530 et
1087 3488 1195 3544 semper
1207 3475 1312 3543 ubique

69 3580 193 3649 legimus
202 3578 276 3647 qnod
293 3579 341 3632 ille
362 3578 448 3632 bostis
468 3577 600 3645 antiquus
623 3591 638 3631 a
656 3578 806 3645 primordio
820 3577 926 3644 mundi,
946 3590 978 3631 ex
994 3589 1048 3644 quo
1061 3589 1125 3630 eum
1138 3575 1174 3630 de
1186 3575 1311 3642 polorum

71 3678 241 3737 culminein
263 3682 332 3731 tetra
344 3678 473 3746 uoragine
494 3678 610 3746 legimus
630 3678 771 3744 cecidisse,
793 3682 887 3731 contra
909 3679 1061 3731 humanum
1079 3689 1166 3744 genus
1179 3675 1310 3729 dimicare

31 3786 55 3838 5
76 3778 161 3833 solet.
181 3776 233 3830 sed
253 3776 370 3830 lacobus
388 3776 528 3843 apostolus
548 3775 634 3829 dicit:
656 3778 772 3830 Beatus
790 3775 842 3829 atr
857 3775 912 3843 qai
932 3774 1045 3842 auffert
1065 3772 1309 3841 temptationem,

74 3876 169 3946 quia,
189 3889 260 3930 cum
275 3875 429 3943 probatus
446 3874 557 3944 faerit,
579 3875 713 3942 accipiet
733 3888 881 3930 coronam
901 3874 995 3940 vitae,
1016 3887 1111 3941 qaam
1132 3872 1313 3940 repromisit

76 3978 164 4032 Deus
175 3975 381 4043 didicentibaa
397 3988 439 4029 ce.
452 3975 505 4028 sed
517 3975 583 4030 dum
597 3977 656 4043 ipse
668 3976 752 4030 draco
762 3980 789 4028 et
799 3974 990 4042 iniquissimus
1000 3973 1053 4042 leo,
1064 3974 1111 4040 qui
1121 3973 1218 4026 circuit
1228 3984 1311 4039 quae·

77 4090 147 4132 rens
159 4087 241 4142 quem
254 4074 377 4141 devoret,
389 4074 524 4129 mundum
537 4076 680 4130 invaderet
692 4081 720 4130 et
732 4075 857 4129 homines
869 4075 1004 4128 adiabolo
1017 4073 1153 4127 occaecati
1166 4072 1313 4125 simulacra

76 4182 108 4232 et
121 4174 194 4229 idola
206 4188 291 4227 manu
304 4175 447 4227 bominum
468 4176 572 4241 sculpta
593 4176 670 4243 quasi
689 4175 793 4242 aliquid
811 4175 877 4227 certi
895 4174 1053 4240 adorarent,
1067 4178 1132 4227 tuno
1144 4169 1314 4225 certantibus

18 4282 57 4335 io
76 4275 183 4331 sanctis
196 4273 318 4341 pollebat
329 4274 358 4326 in
370 4274 445 4328 caelo
468 4273 536 4328 ides
557 4275 678 4342 illorum,
701 4276 772 4328 sicut
791 4275 878 4328 sancti
899 4287 931 4327 ac
948 4273 1059 4342 gloriosi
1081 4271 1208 4337 martyris
1233 4269 1314 4322 blasii

77 4376 149 4432 tides
162 4375 317 4430 cluebat...
