<?xml version="1.0" encoding="UTF-8"?>
<!DOCTYPE html PUBLIC "-//W3C//DTD XHTML 1.0 Transitional//EN"
    "http://www.w3.org/TR/xhtml1/DTD/xhtml1-transitional.dtd">
<html xmlns="http://www.w3.org/1999/xhtml" xml:lang="en" lang="en">
 <head>
  <title>
</title>
<meta http-equiv="Content-Type" content="text/html;charset=utf-8" />
  <meta name='ocr-system' content='tesseract 3.04.00' />
  <meta name='ocr-capabilities' content='ocr_page ocr_carea ocr_par ocr_line ocrx_word'/>
</head>
<body>
  <div class='ocr_page' id='page_1' title='image "./cataloguscodicu02manugoog_0152.png"; bbox 0 0 3316 5482; ppageno 0'>
   <div class='ocr_carea' id='block_1_1' title="bbox 334 304 1356 394">
    <p class='ocr_par' dir='ltr' id='par_1_1' title="bbox 334 304 1356 394">
     <span class='ocr_line' id='line_1_1' title="bbox 334 304 1356 394; baseline -0.003 -1"><span class='ocrx_word' id='word_1_1' title='bbox 334 344 427 394; x_wconf 81' lang='lat' dir='ltr'>areu.</span> <span class='ocrx_word' id='word_1_2' title='bbox 447 344 530 394; x_wconf 76' lang='lat' dir='ltr'>nar.</span> <span class='ocrx_word' id='word_1_3' title='bbox 549 304 666 393; x_wconf 74' lang='lat' dir='ltr'>rarus.</span> <span class='ocrx_word' id='word_1_4' title='bbox 685 363 731 372; x_wconf 98' lang='lat'><em>-</em></span> <span class='ocrx_word' id='word_1_5' title='bbox 746 342 898 393; x_wconf 79' lang='lat' dir='ltr'>nerano.</span> <span class='ocrx_word' id='word_1_6' title='bbox 919 342 966 391; x_wconf 87' lang='grc'>110</span> <span class='ocrx_word' id='word_1_7' title='bbox 982 342 1060 393; x_wconf 87' lang='lat' dir='ltr'>con.</span> <span class='ocrx_word' id='word_1_8' title='bbox 1082 340 1158 392; x_wconf 80' lang='grc'><strong>5111.</strong></span> <span class='ocrx_word' id='word_1_9' title='bbox 1292 327 1356 393; x_wconf 85' lang='grc'>127</span> 
     </span>
    </p>
   </div>
   <div class='ocr_carea' id='block_1_2' title="bbox 60 510 1358 4648">
    <p class='ocr_par' dir='ltr' id='par_1_2' title="bbox 149 510 1357 877">
     <span class='ocr_line' id='line_1_2' title="bbox 186 510 1356 579; baseline 0.002 -15"><span class='ocrx_word' id='word_1_10' title='bbox 186 511 212 564; x_wconf 74' lang='lat' dir='ltr'>t.</span> <span class='ocrx_word' id='word_1_11' title='bbox 221 513 367 569; x_wconf 82' lang='lat' dir='ltr'>dormcutus</span> <span class='ocrx_word' id='word_1_12' title='bbox 378 519 471 567; x_wconf 90' lang='lat' dir='ltr'>autem</span> <span class='ocrx_word' id='word_1_13' title='bbox 480 512 595 578; x_wconf 82' lang='lat' dir='ltr'>ejusque</span> <span class='ocrx_word' id='word_1_14' title='bbox 611 511 766 577; x_wconf 80' lang='lat' dir='ltr'>comitatus,</span> <span class='ocrx_word' id='word_1_15' title='bbox 775 510 927 578; x_wconf 85' lang='lat' dir='ltr'>juventutis</span> <span class='ocrx_word' id='word_1_16' title='bbox 936 511 1045 564; x_wconf 90' lang='lat' dir='ltr'>levitate</span> <span class='ocrx_word' id='word_1_17' title='bbox 1058 512 1195 577; x_wconf 82' lang='lat' dir='ltr'><strong>concussi,</strong></span> <span class='ocrx_word' id='word_1_18' title='bbox 1208 513 1356 579; x_wconf 83' lang='lat' dir='ltr'><strong>assumptis</strong></span> 
     </span>
     <span class='ocr_line' id='line_1_3' title="bbox 154 609 1356 681; baseline -0.001 -15"><span class='ocrx_word' id='word_1_19' title='bbox 154 609 228 676; x_wconf 81' lang='lat' dir='ltr'>eutis,</span> <span class='ocrx_word' id='word_1_20' title='bbox 237 615 304 680; x_wconf 87' lang='lat' dir='ltr'>quasi</span> <span class='ocrx_word' id='word_1_21' title='bbox 313 613 487 681; x_wconf 87' lang='lat' dir='ltr'>indignantes</span> <span class='ocrx_word' id='word_1_22' title='bbox 504 609 660 675; x_wconf 88' lang='lat' dir='ltr'>discedunt,</span> <span class='ocrx_word' id='word_1_23' title='bbox 673 610 726 663; x_wconf 92' lang='lat' dir='ltr'>iter</span> <span class='ocrx_word' id='word_1_24' title='bbox 735 623 790 678; x_wconf 94' lang='lat' dir='ltr'>quo</span> <span class='ocrx_word' id='word_1_25' title='bbox 800 614 936 663; x_wconf 91' lang='lat' dir='ltr'>venerunt</span> <span class='ocrx_word' id='word_1_26' title='bbox 947 610 1073 679; x_wconf 81' lang='lat' dir='ltr'>ingressi.</span> <span class='ocrx_word' id='word_1_27' title='bbox 1095 613 1163 664; x_wconf 91' lang='lat' dir='ltr'>bum</span> <span class='ocrx_word' id='word_1_28' title='bbox 1172 624 1246 679; x_wconf 91' lang='lat' dir='ltr'>vero,</span> <span class='ocrx_word' id='word_1_29' title='bbox 1260 616 1356 679; x_wconf 79' lang='lat' dir='ltr'>utpote</span> 
     </span>
     <span class='ocr_line' id='line_1_4' title="bbox 152 707 1356 778; baseline 0.006 -18"><span class='ocrx_word' id='word_1_30' title='bbox 152 707 197 760; x_wconf 88' lang='lat' dir='ltr'>rirl</span> <span class='ocrx_word' id='word_1_31' title='bbox 209 711 325 776; x_wconf 88' lang='lat' dir='ltr'>quinullo</span> <span class='ocrx_word' id='word_1_32' title='bbox 347 711 511 778; x_wconf 88' lang='lat' dir='ltr'>regebantur</span> <span class='ocrx_word' id='word_1_33' title='bbox 525 709 650 777; x_wconf 91' lang='lat' dir='ltr'>consilio,</span> <span class='ocrx_word' id='word_1_34' title='bbox 669 712 724 762; x_wconf 90' lang='lat' dir='ltr'>tam</span> <span class='ocrx_word' id='word_1_35' title='bbox 745 709 900 762; x_wconf 82' lang='lat' dir='ltr'>inconsulte</span> <span class='ocrx_word' id='word_1_36' title='bbox 920 708 1094 763; x_wconf 81' lang='lat' dir='ltr'>discederent</span> <span class='ocrx_word' id='word_1_37' title='bbox 1110 715 1136 764; x_wconf 92' lang='lat' dir='ltr'>et</span> <span class='ocrx_word' id='word_1_38' title='bbox 1158 711 1193 764; x_wconf 91' lang='lat' dir='ltr'>ab</span> <span class='ocrx_word' id='word_1_39' title='bbox 1214 711 1272 776; x_wconf 92' lang='lat' dir='ltr'>ipso</span> <span class='ocrx_word' id='word_1_40' title='bbox 1295 711 1356 767; x_wconf 90' lang='lat' dir='ltr'>loco</span> 
     </span>
     <span class='ocr_line' id='line_1_5' title="bbox 149 808 1357 877; baseline 0.002 -15"><span class='ocrx_word' id='word_1_41' title='bbox 149 809 222 862; x_wconf 86' lang='lat' dir='ltr'>unius</span> <span class='ocrx_word' id='word_1_42' title='bbox 231 811 329 863; x_wconf 89' lang='lat' dir='ltr'>miliarii</span> <span class='ocrx_word' id='word_1_43' title='bbox 341 809 505 876; x_wconf 84' lang='lat' dir='ltr'>dimidiique</span> <span class='ocrx_word' id='word_1_44' title='bbox 525 808 612 874; x_wconf 89' lang='lat' dir='ltr'>spatio</span> <span class='ocrx_word' id='word_1_45' title='bbox 624 808 721 874; x_wconf 91' lang='lat' dir='ltr'>procul</span> <span class='ocrx_word' id='word_1_46' title='bbox 742 813 844 873; x_wconf 90' lang='lat' dir='ltr'>essent,</span> <span class='ocrx_word' id='word_1_47' title='bbox 858 812 888 860; x_wconf 95' lang='lat' dir='ltr'>ut</span> <span class='ocrx_word' id='word_1_48' title='bbox 907 809 975 861; x_wconf 93' lang='lat' dir='ltr'>etin</span> <span class='ocrx_word' id='word_1_49' title='bbox 993 809 1044 862; x_wconf 88' lang='lat' dir='ltr'>boc</span> <span class='ocrx_word' id='word_1_50' title='bbox 1065 810 1198 864; x_wconf 89' lang='lat' dir='ltr'>miraculo</span> <span class='ocrx_word' id='word_1_51' title='bbox 1211 816 1357 877; x_wconf 76' lang='lat' dir='ltr'>appareret</span> 
     </span>
    </p>

    <p class='ocr_par' dir='ltr' id='par_1_3' title="bbox 60 907 1358 4648">
     <span class='ocr_line' id='line_1_6' title="bbox 108 907 1357 976; baseline 0 -13"><span class='ocrx_word' id='word_1_52' title='bbox 108 909 321 976; x_wconf 72' lang='lat' dir='ltr'>dquiasalvator</span> <span class='ocrx_word' id='word_1_53' title='bbox 333 915 428 963; x_wconf 91' lang='lat' dir='ltr'>noster</span> <span class='ocrx_word' id='word_1_54' title='bbox 448 921 505 961; x_wconf 94' lang='lat' dir='ltr'>non</span> <span class='ocrx_word' id='word_1_55' title='bbox 520 907 580 960; x_wconf 90' lang='lat' dir='ltr'>vult</span> <span class='ocrx_word' id='word_1_56' title='bbox 593 910 706 960; x_wconf 87' lang='lat' dir='ltr'>moitem</span> <span class='ocrx_word' id='word_1_57' title='bbox 727 912 910 973; x_wconf 88' lang='lat' dir='ltr'>peccatorum,</span> <span class='ocrx_word' id='word_1_58' title='bbox 929 907 1015 974; x_wconf 89' lang='lat' dir='ltr'>pedes</span> <span class='ocrx_word' id='word_1_59' title='bbox 1031 921 1166 975; x_wconf 88' lang='lat' dir='ltr'>equomm</span> <span class='ocrx_word' id='word_1_60' title='bbox 1184 910 1309 964; x_wconf 90' lang='lat' dir='ltr'>omnium</span> <span class='ocrx_word' id='word_1_61' title='bbox 1327 911 1357 963; x_wconf 91' lang='lat' dir='ltr'>in</span> 
     </span>
     <span class='ocr_line' id='line_1_7' title="bbox 141 1005 1357 1076; baseline -0.001 -14"><span class='ocrx_word' id='word_1_62' title='bbox 141 1014 233 1062; x_wconf 86' lang='lat' dir='ltr'>terram</span> <span class='ocrx_word' id='word_1_63' title='bbox 251 1022 281 1062; x_wconf 85' lang='lat' dir='ltr'>ex</span> <span class='ocrx_word' id='word_1_64' title='bbox 299 1011 396 1061; x_wconf 88' lang='lat' dir='ltr'>natum</span> <span class='ocrx_word' id='word_1_65' title='bbox 416 1007 516 1060; x_wconf 92' lang='lat' dir='ltr'>siccam</span> <span class='ocrx_word' id='word_1_66' title='bbox 536 1009 698 1074; x_wconf 76' lang='lat' dir='ltr'>mergentes,</span> <span class='ocrx_word' id='word_1_67' title='bbox 709 1006 746 1058; x_wconf 90' lang='lat' dir='ltr'>ita</span> <span class='ocrx_word' id='word_1_68' title='bbox 763 1005 798 1058; x_wconf 92' lang='lat' dir='ltr'>ad</span> <span class='ocrx_word' id='word_1_69' title='bbox 820 1007 927 1072; x_wconf 94' lang='lat' dir='ltr'>pondus</span> <span class='ocrx_word' id='word_1_70' title='bbox 945 1005 1092 1060; x_wconf 84' lang='lat' dir='ltr'>aflixerunt</span> <span class='ocrx_word' id='word_1_71' title='bbox 1110 1013 1141 1060; x_wconf 94' lang='lat' dir='ltr'>ut</span> <span class='ocrx_word' id='word_1_72' title='bbox 1161 1020 1251 1076; x_wconf 86' lang='lat' dir='ltr'>neque</span> <span class='ocrx_word' id='word_1_73' title='bbox 1269 1009 1357 1064; x_wconf 90' lang='lat' dir='ltr'>frenis</span> 
     </span>
     <span class='ocr_line' id='line_1_8' title="bbox 136 1105 1357 1175; baseline 0.002 -16"><span class='ocrx_word' id='word_1_74' title='bbox 136 1108 285 1175; x_wconf 88' lang='lat' dir='ltr'>urgentibus</span> <span class='ocrx_word' id='word_1_75' title='bbox 304 1106 429 1158; x_wconf 90' lang='lat' dir='ltr'>valerent</span> <span class='ocrx_word' id='word_1_76' title='bbox 449 1105 555 1172; x_wconf 89' lang='lat' dir='ltr'>erigere</span> <span class='ocrx_word' id='word_1_77' title='bbox 576 1117 668 1171; x_wconf 91' lang='lat' dir='ltr'>neque</span> <span class='ocrx_word' id='word_1_78' title='bbox 688 1105 717 1157; x_wconf 92' lang='lat' dir='ltr'>in</span> <span class='ocrx_word' id='word_1_79' title='bbox 741 1105 861 1171; x_wconf 83' lang='lat' dir='ltr'>aliquam</span> <span class='ocrx_word' id='word_1_80' title='bbox 887 1110 990 1171; x_wconf 90' lang='lat' dir='ltr'>partem</span> <span class='ocrx_word' id='word_1_81' title='bbox 1013 1106 1155 1159; x_wconf 84' lang='lat' dir='ltr'>dexteram</span> <span class='ocrx_word' id='word_1_82' title='bbox 1182 1108 1357 1162; x_wconf 81' lang='lat' dir='ltr'>sinistramve</span> 
     </span>
     <span class='ocr_line' id='line_1_9' title="bbox 128 1204 1358 1270; baseline 0 -9"><span class='ocrx_word' id='word_1_83' title='bbox 128 1205 281 1261; x_wconf 82' lang='lat' dir='ltr'>deflectere.</span> <span class='ocrx_word' id='word_1_84' title='bbox 293 1209 379 1266; x_wconf 83' lang='lat' dir='ltr'>Tunc,</span> <span class='ocrx_word' id='word_1_85' title='bbox 393 1205 494 1257; x_wconf 89' lang='lat' dir='ltr'>relictis</span> <span class='ocrx_word' id='word_1_86' title='bbox 506 1205 594 1270; x_wconf 89' lang='lat' dir='ltr'>equis,</span> <span class='ocrx_word' id='word_1_87' title='bbox 614 1204 665 1256; x_wconf 90' lang='lat' dir='ltr'>fuit</span> <span class='ocrx_word' id='word_1_88' title='bbox 683 1217 769 1256; x_wconf 90' lang='lat' dir='ltr'>unum</span> <span class='ocrx_word' id='word_1_89' title='bbox 782 1217 929 1257; x_wconf 89' lang='lat' dir='ltr'>commune</span> <span class='ocrx_word' id='word_1_90' title='bbox 941 1211 1034 1258; x_wconf 87' lang='lat' dir='ltr'>votum</span> <span class='ocrx_word' id='word_1_91' title='bbox 1045 1206 1175 1259; x_wconf 91' lang='lat' dir='ltr'>omnibus</span> <span class='ocrx_word' id='word_1_92' title='bbox 1187 1206 1222 1259; x_wconf 95' lang='lat' dir='ltr'>ad</span> <span class='ocrx_word' id='word_1_93' title='bbox 1240 1207 1358 1261; x_wconf 89' lang='lat' dir='ltr'>famulos</span> 
     </span>
     <span class='ocr_line' id='line_1_10' title="bbox 125 1302 1355 1374; baseline -0.001 -13"><span class='ocrx_word' id='word_1_94' title='bbox 125 1307 175 1362; x_wconf 81' lang='lat' dir='ltr'>liei</span> <span class='ocrx_word' id='word_1_95' title='bbox 187 1307 228 1360; x_wconf 78' lang='lat' dir='ltr'>rel</span> <span class='ocrx_word' id='word_1_96' title='bbox 240 1305 380 1374; x_wconf 83' lang='lat' dir='ltr'>pedestres</span> <span class='ocrx_word' id='word_1_97' title='bbox 393 1304 502 1369; x_wconf 88' lang='lat' dir='ltr'>redire;</span> <span class='ocrx_word' id='word_1_98' title='bbox 515 1303 564 1357; x_wconf 91' lang='lat' dir='ltr'>sed</span> <span class='ocrx_word' id='word_1_99' title='bbox 586 1302 650 1356; x_wconf 92' lang='lat' dir='ltr'>ilico</span> <span class='ocrx_word' id='word_1_100' title='bbox 663 1304 834 1371; x_wconf 89' lang='lat' dir='ltr'>singulorum</span> <span class='ocrx_word' id='word_1_101' title='bbox 847 1306 930 1370; x_wconf 92' lang='lat' dir='ltr'>pedes</span> <span class='ocrx_word' id='word_1_102' title='bbox 951 1306 1076 1359; x_wconf 90' lang='lat' dir='ltr'>naturale</span> <span class='ocrx_word' id='word_1_103' title='bbox 1093 1305 1213 1359; x_wconf 85' lang='lat' dir='ltr'>odicium</span> <span class='ocrx_word' id='word_1_104' title='bbox 1226 1308 1355 1363; x_wconf 89' lang='lat' dir='ltr'>amisere.</span> 
     </span>
     <span class='ocr_line' id='line_1_11' title="bbox 69 1403 1356 1472; baseline 0.001 -11"><span class='ocrx_word' id='word_1_105' title='bbox 69 1411 103 1462; x_wconf 85' lang='lat' dir='ltr'>ld</span> <span class='ocrx_word' id='word_1_106' title='bbox 122 1411 193 1461; x_wconf 87' lang='lat' dir='ltr'>bum</span> <span class='ocrx_word' id='word_1_107' title='bbox 209 1419 274 1459; x_wconf 80' lang='lat' dir='ltr'>tero</span> <span class='ocrx_word' id='word_1_108' title='bbox 293 1405 404 1472; x_wconf 90' lang='lat' dir='ltr'>penitus</span> <span class='ocrx_word' id='word_1_109' title='bbox 427 1403 584 1472; x_wconf 88' lang='lat' dir='ltr'>indigerent</span> <span class='ocrx_word' id='word_1_110' title='bbox 601 1403 713 1471; x_wconf 83' lang='lat' dir='ltr'>auxilio,</span> <span class='ocrx_word' id='word_1_111' title='bbox 731 1404 847 1471; x_wconf 87' lang='lat' dir='ltr'>genibus</span> <span class='ocrx_word' id='word_1_112' title='bbox 870 1405 1018 1457; x_wconf 88' lang='lat' dir='ltr'>accubitis</span> <span class='ocrx_word' id='word_1_113' title='bbox 1038 1404 1073 1457; x_wconf 90' lang='lat' dir='ltr'>ad</span> <span class='ocrx_word' id='word_1_114' title='bbox 1099 1411 1200 1459; x_wconf 89' lang='lat' dir='ltr'>terram</span> <span class='ocrx_word' id='word_1_115' title='bbox 1218 1408 1356 1462; x_wconf 83' lang='lat' dir='ltr'>devolutis</span> 
     </span>
     <span class='ocr_line' id='line_1_12' title="bbox 120 1502 1355 1574; baseline -0.001 -13"><span class='ocrx_word' id='word_1_116' title='bbox 120 1506 258 1574; x_wconf 87' lang='lat' dir='ltr'>usquead</span> <span class='ocrx_word' id='word_1_117' title='bbox 270 1503 356 1571; x_wconf 85' lang='lat' dir='ltr'>pedes</span> <span class='ocrx_word' id='word_1_118' title='bbox 372 1503 458 1556; x_wconf 89' lang='lat' dir='ltr'>sancti</span> <span class='ocrx_word' id='word_1_119' title='bbox 480 1502 582 1555; x_wconf 90' lang='lat' dir='ltr'>Silvani</span> <span class='ocrx_word' id='word_1_120' title='bbox 595 1507 734 1570; x_wconf 88' lang='lat' dir='ltr'>tamquam</span> <span class='ocrx_word' id='word_1_121' title='bbox 753 1508 883 1569; x_wconf 90' lang='lat' dir='ltr'>repentes</span> <span class='ocrx_word' id='word_1_122' title='bbox 895 1504 988 1557; x_wconf 90' lang='lat' dir='ltr'>labore</span> <span class='ocrx_word' id='word_1_123' title='bbox 1000 1518 1030 1557; x_wconf 93' lang='lat' dir='ltr'>se</span> <span class='ocrx_word' id='word_1_124' title='bbox 1047 1510 1189 1558; x_wconf 80' lang='lat' dir='ltr'>traxerunt</span> <span class='ocrx_word' id='word_1_125' title='bbox 1203 1506 1355 1573; x_wconf 86' lang='lat' dir='ltr'>coutinuo;</span> 
     </span>
     <span class='ocr_line' id='line_1_13' title="bbox 114 1602 1358 1674; baseline 0 -14"><span class='ocrx_word' id='word_1_126' title='bbox 114 1608 234 1674; x_wconf 78' lang='lat' dir='ltr'>jamque</span> <span class='ocrx_word' id='word_1_127' title='bbox 244 1604 273 1657; x_wconf 94' lang='lat' dir='ltr'>in</span> <span class='ocrx_word' id='word_1_128' title='bbox 286 1605 325 1657; x_wconf 91' lang='lat' dir='ltr'>eis</span> <span class='ocrx_word' id='word_1_129' title='bbox 338 1607 469 1669; x_wconf 87' lang='lat' dir='ltr'>operante</span> <span class='ocrx_word' id='word_1_130' title='bbox 482 1602 583 1668; x_wconf 87' lang='lat' dir='ltr'>Spiritu</span> <span class='ocrx_word' id='word_1_131' title='bbox 602 1608 708 1668; x_wconf 90' lang='lat' dir='ltr'>sancto,</span> <span class='ocrx_word' id='word_1_132' title='bbox 721 1603 870 1655; x_wconf 87' lang='lat' dir='ltr'>humiliatis</span> <span class='ocrx_word' id='word_1_133' title='bbox 882 1604 994 1657; x_wconf 90' lang='lat' dir='ltr'>vocibus</span> <span class='ocrx_word' id='word_1_134' title='bbox 1014 1616 1045 1658; x_wconf 90' lang='lat' dir='ltr'>ac</span> <span class='ocrx_word' id='word_1_135' title='bbox 1062 1605 1183 1658; x_wconf 83' lang='lat' dir='ltr'>vultibus</span> <span class='ocrx_word' id='word_1_136' title='bbox 1199 1605 1294 1672; x_wconf 86' lang='lat' dir='ltr'>pronis</span> <span class='ocrx_word' id='word_1_137' title='bbox 1311 1620 1358 1673; x_wconf 94' lang='lat' dir='ltr'>po·</span> 
     </span>
     <span class='ocr_line' id='line_1_14' title="bbox 115 1701 1356 1770; baseline -0.001 -11"><span class='ocrx_word' id='word_1_138' title='bbox 115 1709 203 1759; x_wconf 82' lang='lat' dir='ltr'>scunt</span> <span class='ocrx_word' id='word_1_139' title='bbox 219 1716 249 1758; x_wconf 82' lang='lat' dir='ltr'>ae</span> <span class='ocrx_word' id='word_1_140' title='bbox 266 1702 423 1770; x_wconf 88' lang='lat' dir='ltr'>regenerari</span> <span class='ocrx_word' id='word_1_141' title='bbox 444 1702 605 1767; x_wconf 89' lang='lat' dir='ltr'>baptismate</span> <span class='ocrx_word' id='word_1_142' title='bbox 622 1714 710 1755; x_wconf 90' lang='lat' dir='ltr'>sacro.</span> <span class='ocrx_word' id='word_1_143' title='bbox 723 1701 826 1765; x_wconf 82' lang='lat' dir='ltr'>Quibus</span> <span class='ocrx_word' id='word_1_144' title='bbox 843 1703 918 1766; x_wconf 88' lang='lat' dir='ltr'>visis,</span> <span class='ocrx_word' id='word_1_145' title='bbox 932 1703 1028 1756; x_wconf 92' lang='lat' dir='ltr'>beatus</span> <span class='ocrx_word' id='word_1_146' title='bbox 1048 1705 1175 1758; x_wconf 85' lang='lat' dir='ltr'>Silvanus</span> <span class='ocrx_word' id='word_1_147' title='bbox 1193 1706 1356 1760; x_wconf 83' lang='lat' dir='ltr'>humanitati</span> 
     </span>
     <span class='ocr_line' id='line_1_15' title="bbox 114 1799 1355 1872; baseline 0 -15"><span class='ocrx_word' id='word_1_148' title='bbox 114 1803 291 1869; x_wconf 88' lang='lat' dir='ltr'>compatiens</span> <span class='ocrx_word' id='word_1_149' title='bbox 302 1799 572 1868; x_wconf 86' lang='lat' dir='ltr'>indoluit,ctgratias</span> <span class='ocrx_word' id='word_1_150' title='bbox 582 1813 665 1868; x_wconf 87' lang='lat' dir='ltr'>agens</span> <span class='ocrx_word' id='word_1_151' title='bbox 675 1800 793 1866; x_wconf 88' lang='lat' dir='ltr'>beo,qui</span> <span class='ocrx_word' id='word_1_152' title='bbox 807 1799 877 1854; x_wconf 83' lang='lat' dir='ltr'>tilios</span> <span class='ocrx_word' id='word_1_153' title='bbox 886 1801 1009 1854; x_wconf 76' lang='lat' dir='ltr'>Abrabae</span> <span class='ocrx_word' id='word_1_154' title='bbox 1018 1801 1053 1855; x_wconf 93' lang='lat' dir='ltr'>de</span> <span class='ocrx_word' id='word_1_155' title='bbox 1061 1802 1198 1868; x_wconf 83' lang='lat' dir='ltr'>lapidibus</span> <span class='ocrx_word' id='word_1_156' title='bbox 1207 1805 1355 1872; x_wconf 88' lang='lat' dir='ltr'>suscitavit,</span> 
     </span>
     <span class='ocr_line' id='line_1_16' title="bbox 62 1899 1355 1969; baseline 0 -11"><span class='ocrx_word' id='word_1_157' title='bbox 62 1906 96 1958; x_wconf 70' lang='lat' dir='ltr'>lb</span> <span class='ocrx_word' id='word_1_158' title='bbox 115 1903 184 1956; x_wconf 91' lang='lat' dir='ltr'>illos</span> <span class='ocrx_word' id='word_1_159' title='bbox 195 1901 267 1955; x_wconf 88' lang='lat' dir='ltr'>facta</span> <span class='ocrx_word' id='word_1_160' title='bbox 284 1901 408 1955; x_wconf 89' lang='lat' dir='ltr'>oratione</span> <span class='ocrx_word' id='word_1_161' title='bbox 421 1899 452 1953; x_wconf 90' lang='lat' dir='ltr'>iu</span> <span class='ocrx_word' id='word_1_162' title='bbox 472 1899 604 1966; x_wconf 89' lang='lat' dir='ltr'>pristinae</span> <span class='ocrx_word' id='word_1_163' title='bbox 622 1899 744 1951; x_wconf 90' lang='lat' dir='ltr'>sanitatis</span> <span class='ocrx_word' id='word_1_164' title='bbox 763 1901 876 1967; x_wconf 88' lang='lat' dir='ltr'>gradum</span> <span class='ocrx_word' id='word_1_165' title='bbox 895 1900 1034 1965; x_wconf 90' lang='lat' dir='ltr'>relevavit,</span> <span class='ocrx_word' id='word_1_166' title='bbox 1047 1915 1078 1956; x_wconf 90' lang='lat' dir='ltr'>ac</span> <span class='ocrx_word' id='word_1_167' title='bbox 1096 1903 1237 1969; x_wconf 87' lang='lat' dir='ltr'>baptizans</span> <span class='ocrx_word' id='word_1_168' title='bbox 1259 1917 1307 1958; x_wconf 93' lang='lat' dir='ltr'>eos</span> <span class='ocrx_word' id='word_1_169' title='bbox 1326 1905 1355 1958; x_wconf 93' lang='lat' dir='ltr'>in</span> 
     </span>
     <span class='ocr_line' id='line_1_17' title="bbox 115 1996 1353 2067; baseline -0.002 -11"><span class='ocrx_word' id='word_1_170' title='bbox 115 1999 236 2057; x_wconf 90' lang='lat' dir='ltr'>nomine</span> <span class='ocrx_word' id='word_1_171' title='bbox 254 2000 362 2054; x_wconf 91' lang='lat' dir='ltr'>bomini</span> <span class='ocrx_word' id='word_1_172' title='bbox 382 2000 411 2051; x_wconf 91' lang='lat' dir='ltr'>in</span> <span class='ocrx_word' id='word_1_173' title='bbox 433 1998 487 2052; x_wconf 90' lang='lat' dir='ltr'>tide</span> <span class='ocrx_word' id='word_1_174' title='bbox 508 2003 620 2052; x_wconf 88' lang='lat' dir='ltr'>sauctae</span> <span class='ocrx_word' id='word_1_175' title='bbox 640 1998 779 2052; x_wconf 82' lang='lat' dir='ltr'>Trinitatis</span> <span class='ocrx_word' id='word_1_176' title='bbox 799 1996 978 2052; x_wconf 87' lang='lat' dir='ltr'>confirmavit.</span> <span class='ocrx_word' id='word_1_177' title='bbox 1006 1999 1047 2051; x_wconf 93' lang='lat' dir='ltr'>llli</span> <span class='ocrx_word' id='word_1_178' title='bbox 1069 2005 1170 2063; x_wconf 90' lang='lat' dir='ltr'>autem,</span> <span class='ocrx_word' id='word_1_179' title='bbox 1182 2002 1353 2067; x_wconf 88' lang='lat' dir='ltr'>baptismatis</span> 
     </span>
     <span class='ocr_line' id='line_1_18' title="bbox 114 2096 1354 2166; baseline 0.001 -11"><span class='ocrx_word' id='word_1_180' title='bbox 114 2100 294 2155; x_wconf 88' lang='lat' dir='ltr'>absolutione</span> <span class='ocrx_word' id='word_1_181' title='bbox 306 2099 460 2166; x_wconf 84' lang='lat' dir='ltr'>regenerati</span> <span class='ocrx_word' id='word_1_182' title='bbox 473 2103 499 2152; x_wconf 95' lang='lat' dir='ltr'>et</span> <span class='ocrx_word' id='word_1_183' title='bbox 508 2098 594 2152; x_wconf 89' lang='lat' dir='ltr'>sancti</span> <span class='ocrx_word' id='word_1_184' title='bbox 607 2098 722 2164; x_wconf 86' lang='lat' dir='ltr'>Spiritus</span> <span class='ocrx_word' id='word_1_185' title='bbox 735 2097 888 2165; x_wconf 79' lang='lat' dir='ltr'>fulgoribus</span> <span class='ocrx_word' id='word_1_186' title='bbox 901 2096 1033 2163; x_wconf 89' lang='lat' dir='ltr'>irradiati,</span> <span class='ocrx_word' id='word_1_187' title='bbox 1046 2105 1198 2166; x_wconf 90' lang='lat' dir='ltr'>coepemnt</span> <span class='ocrx_word' id='word_1_188' title='bbox 1215 2100 1354 2156; x_wconf 89' lang='lat' dir='ltr'>idolomm</span> 
     </span>
     <span class='ocr_line' id='line_1_19' title="bbox 114 2196 1354 2268; baseline 0 -13"><span class='ocrx_word' id='word_1_189' title='bbox 114 2201 241 2255; x_wconf 86' lang='lat' dir='ltr'>cultores</span> <span class='ocrx_word' id='word_1_190' title='bbox 261 2210 463 2265; x_wconf 81' lang='lat' dir='ltr'>usquequaque</span> <span class='ocrx_word' id='word_1_191' title='bbox 483 2196 654 2251; x_wconf 89' lang='lat' dir='ltr'>confundere</span> <span class='ocrx_word' id='word_1_192' title='bbox 666 2201 694 2249; x_wconf 91' lang='lat' dir='ltr'>et</span> <span class='ocrx_word' id='word_1_193' title='bbox 705 2196 833 2266; x_wconf 89' lang='lat' dir='ltr'>persequi</span> <span class='ocrx_word' id='word_1_194' title='bbox 845 2201 873 2249; x_wconf 89' lang='lat' dir='ltr'>et</span> <span class='ocrx_word' id='word_1_195' title='bbox 884 2210 932 2262; x_wconf 94' lang='lat' dir='ltr'>per</span> <span class='ocrx_word' id='word_1_196' title='bbox 943 2197 1100 2250; x_wconf 89' lang='lat' dir='ltr'>universam</span> <span class='ocrx_word' id='word_1_197' title='bbox 1121 2199 1197 2251; x_wconf 92' lang='lat' dir='ltr'>illam</span> <span class='ocrx_word' id='word_1_198' title='bbox 1215 2200 1354 2268; x_wconf 84' lang='lat' dir='ltr'>regionem</span> 
     </span>
     <span class='ocr_line' id='line_1_20' title="bbox 115 2295 1352 2367; baseline 0.002 -14"><span class='ocrx_word' id='word_1_199' title='bbox 115 2298 306 2367; x_wconf 79' lang='lat' dir='ltr'>evangelizare</span> <span class='ocrx_word' id='word_1_200' title='bbox 316 2297 446 2365; x_wconf 87' lang='lat' dir='ltr'>gentibus</span> <span class='ocrx_word' id='word_1_201' title='bbox 459 2295 542 2349; x_wconf 88' lang='lat' dir='ltr'>iidem</span> <span class='ocrx_word' id='word_1_202' title='bbox 554 2301 664 2349; x_wconf 90' lang='lat' dir='ltr'>sanctae</span> <span class='ocrx_word' id='word_1_203' title='bbox 677 2295 826 2364; x_wconf 82' lang='lat' dir='ltr'>Trinitatis,</span> <span class='ocrx_word' id='word_1_204' title='bbox 840 2299 867 2349; x_wconf 93' lang='lat' dir='ltr'>et</span> <span class='ocrx_word' id='word_1_205' title='bbox 885 2297 920 2349; x_wconf 94' lang='lat' dir='ltr'>ita</span> <span class='ocrx_word' id='word_1_206' title='bbox 937 2297 966 2349; x_wconf 93' lang='lat' dir='ltr'>in</span> <span class='ocrx_word' id='word_1_207' title='bbox 983 2302 1094 2350; x_wconf 91' lang='lat' dir='ltr'>sanctae</span> <span class='ocrx_word' id='word_1_208' title='bbox 1108 2298 1248 2366; x_wconf 90' lang='lat' dir='ltr'>religionis</span> <span class='ocrx_word' id='word_1_209' title='bbox 1261 2313 1352 2366; x_wconf 90' lang='lat' dir='ltr'>perse·</span> 
     </span>
     <span class='ocr_line' id='line_1_21' title="bbox 60 2394 1354 2463; baseline 0 -10"><span class='ocrx_word' id='word_1_210' title='bbox 60 2401 96 2454; x_wconf 73' lang='lat'>2⁰</span> <span class='ocrx_word' id='word_1_211' title='bbox 115 2402 248 2452; x_wconf 84' lang='lat' dir='ltr'>verantes</span> <span class='ocrx_word' id='word_1_212' title='bbox 264 2396 415 2463; x_wconf 90' lang='lat' dir='ltr'>proposito,</span> <span class='ocrx_word' id='word_1_213' title='bbox 437 2395 541 2448; x_wconf 87' lang='lat' dir='ltr'>tamdiu</span> <span class='ocrx_word' id='word_1_214' title='bbox 561 2408 657 2448; x_wconf 91' lang='lat' dir='ltr'>omnes</span> <span class='ocrx_word' id='word_1_215' title='bbox 669 2395 698 2447; x_wconf 90' lang='lat' dir='ltr'>in</span> <span class='ocrx_word' id='word_1_216' title='bbox 710 2396 762 2447; x_wconf 90' lang='lat' dir='ltr'>boc</span> <span class='ocrx_word' id='word_1_217' title='bbox 782 2395 843 2449; x_wconf 92' lang='lat' dir='ltr'>loco</span> <span class='ocrx_word' id='word_1_218' title='bbox 864 2395 897 2447; x_wconf 90' lang='lat' dir='ltr'>ad</span> <span class='ocrx_word' id='word_1_219' title='bbox 911 2394 1019 2448; x_wconf 89' lang='lat' dir='ltr'>laudem</span> <span class='ocrx_word' id='word_1_220' title='bbox 1041 2402 1067 2448; x_wconf 94' lang='lat' dir='ltr'>et</span> <span class='ocrx_word' id='word_1_221' title='bbox 1080 2397 1214 2450; x_wconf 90' lang='lat' dir='ltr'>bonorem</span> <span class='ocrx_word' id='word_1_222' title='bbox 1233 2401 1354 2453; x_wconf 91' lang='lat' dir='ltr'>nominis</span> 
     </span>
     <span class='ocr_line' id='line_1_22' title="bbox 116 2495 1352 2564; baseline 0.002 -13"><span class='ocrx_word' id='word_1_223' title='bbox 116 2498 164 2551; x_wconf 85' lang='lat' dir='ltr'>liei</span> <span class='ocrx_word' id='word_1_224' title='bbox 176 2496 334 2564; x_wconf 88' lang='lat' dir='ltr'>deguerunt</span> <span class='ocrx_word' id='word_1_225' title='bbox 353 2496 545 2562; x_wconf 88' lang='lat' dir='ltr'>quoadusque,</span> <span class='ocrx_word' id='word_1_226' title='bbox 558 2501 673 2548; x_wconf 89' lang='lat' dir='ltr'>naturae</span> <span class='ocrx_word' id='word_1_227' title='bbox 693 2495 832 2559; x_wconf 90' lang='lat' dir='ltr'>cedentes,</span> <span class='ocrx_word' id='word_1_228' title='bbox 851 2496 965 2548; x_wconf 89' lang='lat' dir='ltr'>creatori</span> <span class='ocrx_word' id='word_1_229' title='bbox 978 2509 1027 2549; x_wconf 93' lang='lat' dir='ltr'>suo</span> <span class='ocrx_word' id='word_1_230' title='bbox 1045 2497 1150 2550; x_wconf 89' lang='lat' dir='ltr'>animas</span> <span class='ocrx_word' id='word_1_231' title='bbox 1162 2497 1352 2553; x_wconf 83' lang='lat' dir='ltr'>reddiderunt.</span> 
     </span>
     <span class='ocr_line' id='line_1_23' title="bbox 115 2594 1352 2661; baseline 0.002 -12"><span class='ocrx_word' id='word_1_232' title='bbox 115 2599 236 2649; x_wconf 84' lang='lat' dir='ltr'>Sanctus</span> <span class='ocrx_word' id='word_1_233' title='bbox 248 2609 313 2650; x_wconf 90' lang='lat' dir='ltr'>vero</span> <span class='ocrx_word' id='word_1_234' title='bbox 326 2595 465 2660; x_wconf 87' lang='lat' dir='ltr'>Silvanus,</span> <span class='ocrx_word' id='word_1_235' title='bbox 477 2607 533 2647; x_wconf 87' lang='lat' dir='ltr'>una</span> <span class='ocrx_word' id='word_1_236' title='bbox 545 2607 607 2647; x_wconf 89' lang='lat' dir='ltr'>cum</span> <span class='ocrx_word' id='word_1_237' title='bbox 620 2594 701 2648; x_wconf 89' lang='lat' dir='ltr'>beato</span> <span class='ocrx_word' id='word_1_238' title='bbox 714 2594 844 2647; x_wconf 82' lang='lat' dir='ltr'>silvestro</span> <span class='ocrx_word' id='word_1_239' title='bbox 854 2595 927 2647; x_wconf 94' lang='lat' dir='ltr'>socio</span> <span class='ocrx_word' id='word_1_240' title='bbox 940 2607 1000 2661; x_wconf 92' lang='lat' dir='ltr'>suo,</span> <span class='ocrx_word' id='word_1_241' title='bbox 1013 2608 1097 2648; x_wconf 92' lang='lat' dir='ltr'>unam</span> <span class='ocrx_word' id='word_1_242' title='bbox 1107 2596 1158 2649; x_wconf 92' lang='lat' dir='ltr'>sibi</span> <span class='ocrx_word' id='word_1_243' title='bbox 1171 2596 1352 2652; x_wconf 84' lang='lat' dir='ltr'>aedificarunt</span> 
     </span>
     <span class='ocr_line' id='line_1_24' title="bbox 117 2694 1351 2760; baseline 0.002 -10"><span class='ocrx_word' id='word_1_244' title='bbox 117 2695 260 2750; x_wconf 88' lang='lat' dir='ltr'>basilicam</span> <span class='ocrx_word' id='word_1_245' title='bbox 274 2696 302 2748; x_wconf 95' lang='lat' dir='ltr'>in</span> <span class='ocrx_word' id='word_1_246' title='bbox 315 2695 421 2748; x_wconf 91' lang='lat' dir='ltr'>bonore</span> <span class='ocrx_word' id='word_1_247' title='bbox 434 2694 479 2747; x_wconf 87' lang='lat' dir='ltr'>liei</span> <span class='ocrx_word' id='word_1_248' title='bbox 493 2695 636 2760; x_wconf 89' lang='lat' dir='ltr'>sanctique</span> <span class='ocrx_word' id='word_1_249' title='bbox 649 2695 718 2747; x_wconf 76' lang='lat' dir='ltr'>Petri</span> <span class='ocrx_word' id='word_1_250' title='bbox 736 2694 920 2760; x_wconf 89' lang='lat' dir='ltr'>apostolorum</span> <span class='ocrx_word' id='word_1_251' title='bbox 933 2694 1064 2760; x_wconf 91' lang='lat' dir='ltr'>principis</span> <span class='ocrx_word' id='word_1_252' title='bbox 1082 2695 1243 2750; x_wconf 90' lang='lat' dir='ltr'>dedicatam.</span> <span class='ocrx_word' id='word_1_253' title='bbox 1257 2700 1288 2751; x_wconf 95' lang='lat' dir='ltr'>ln</span> <span class='ocrx_word' id='word_1_254' title='bbox 1301 2700 1351 2752; x_wconf 87' lang='lat' dir='ltr'>hac</span> 
     </span>
     <span class='ocr_line' id='line_1_25' title="bbox 118 2793 1351 2865; baseline 0.002 -18"><span class='ocrx_word' id='word_1_255' title='bbox 118 2794 257 2863; x_wconf 89' lang='lat' dir='ltr'>siquidem</span> <span class='ocrx_word' id='word_1_256' title='bbox 270 2794 386 2847; x_wconf 87' lang='lat' dir='ltr'>ecclesia</span> <span class='ocrx_word' id='word_1_257' title='bbox 404 2793 536 2847; x_wconf 81' lang='lat' dir='ltr'>Dominus</span> <span class='ocrx_word' id='word_1_258' title='bbox 556 2798 649 2845; x_wconf 91' lang='lat' dir='ltr'>noster</span> <span class='ocrx_word' id='word_1_259' title='bbox 667 2796 747 2846; x_wconf 85' lang='lat' dir='ltr'>lesus</span> <span class='ocrx_word' id='word_1_260' title='bbox 768 2793 889 2846; x_wconf 83' lang='lat' dir='ltr'>cbristus</span> <span class='ocrx_word' id='word_1_261' title='bbox 903 2793 1008 2845; x_wconf 87' lang='lat' dir='ltr'>laudari</span> <span class='ocrx_word' id='word_1_262' title='bbox 1027 2800 1053 2846; x_wconf 93' lang='lat' dir='ltr'>et</span> <span class='ocrx_word' id='word_1_263' title='bbox 1065 2793 1190 2847; x_wconf 90' lang='lat' dir='ltr'>benedici</span> <span class='ocrx_word' id='word_1_264' title='bbox 1212 2796 1351 2865; x_wconf 90' lang='lat' dir='ltr'>dignatus,</span> 
     </span>
     <span class='ocr_line' id='line_1_26' title="bbox 63 2893 1353 2965; baseline 0.004 -20"><span class='ocrx_word' id='word_1_265' title='bbox 63 2894 100 2945; x_wconf 70' lang='lat'>2⁹&gt;</span> <span class='ocrx_word' id='word_1_266' title='bbox 118 2898 223 2946; x_wconf 69' lang='lat' dir='ltr'>antam</span> <span class='ocrx_word' id='word_1_267' title='bbox 236 2894 340 2962; x_wconf 90' lang='lat' dir='ltr'>gratiae</span> <span class='ocrx_word' id='word_1_268' title='bbox 357 2893 591 2959; x_wconf 88' lang='lat' dir='ltr'>dispensationem</span> <span class='ocrx_word' id='word_1_269' title='bbox 605 2893 744 2946; x_wconf 82' lang='lat' dir='ltr'>infuderat</span> <span class='ocrx_word' id='word_1_270' title='bbox 755 2898 785 2946; x_wconf 92' lang='lat' dir='ltr'>ut</span> <span class='ocrx_word' id='word_1_271' title='bbox 796 2894 963 2961; x_wconf 91' lang='lat' dir='ltr'>quicumque</span> <span class='ocrx_word' id='word_1_272' title='bbox 984 2907 1092 2959; x_wconf 89' lang='lat' dir='ltr'>caecus,</span> <span class='ocrx_word' id='word_1_273' title='bbox 1106 2896 1229 2960; x_wconf 86' lang='lat' dir='ltr'>claudus,</span> <span class='ocrx_word' id='word_1_274' title='bbox 1250 2899 1353 2965; x_wconf 84' lang='lat' dir='ltr'>paraly-</span> 
     </span>
     <span class='ocr_line' id='line_1_27' title="bbox 116 2991 1352 3058; baseline 0.005 -14"><span class='ocrx_word' id='word_1_275' title='bbox 116 2992 189 3045; x_wconf 90' lang='lat' dir='ltr'>ticus</span> <span class='ocrx_word' id='word_1_276' title='bbox 200 2993 297 3045; x_wconf 90' lang='lat' dir='ltr'>aliisve</span> <span class='ocrx_word' id='word_1_277' title='bbox 311 2991 516 3044; x_wconf 86' lang='lat' dir='ltr'>infirmitatibus</span> <span class='ocrx_word' id='word_1_278' title='bbox 529 2993 667 3056; x_wconf 89' lang='lat' dir='ltr'>obsessus,</span> <span class='ocrx_word' id='word_1_279' title='bbox 683 2993 799 3047; x_wconf 89' lang='lat' dir='ltr'>devotus</span> <span class='ocrx_word' id='word_1_280' title='bbox 821 2995 885 3046; x_wconf 91' lang='lat' dir='ltr'>illuc</span> <span class='ocrx_word' id='word_1_281' title='bbox 904 2994 1055 3058; x_wconf 89' lang='lat' dir='ltr'>adveniret,</span> <span class='ocrx_word' id='word_1_282' title='bbox 1075 2994 1220 3048; x_wconf 89' lang='lat' dir='ltr'>clementia</span> <span class='ocrx_word' id='word_1_283' title='bbox 1233 2997 1279 3049; x_wconf 85' lang='lat' dir='ltr'>liei</span> <span class='ocrx_word' id='word_1_284' title='bbox 1301 2997 1352 3051; x_wconf 91' lang='lat' dir='ltr'>lar·</span> 
     </span>
     <span class='ocr_line' id='line_1_28' title="bbox 116 3094 1353 3162; baseline 0.003 -17"><span class='ocrx_word' id='word_1_285' title='bbox 116 3094 219 3162; x_wconf 84' lang='lat' dir='ltr'>giente,</span> <span class='ocrx_word' id='word_1_286' title='bbox 233 3094 379 3147; x_wconf 90' lang='lat' dir='ltr'>incolumis</span> <span class='ocrx_word' id='word_1_287' title='bbox 392 3094 530 3147; x_wconf 90' lang='lat' dir='ltr'>remeabat</span> <span class='ocrx_word' id='word_1_288' title='bbox 547 3094 580 3146; x_wconf 89' lang='lat' dir='ltr'>ad</span> <span class='ocrx_word' id='word_1_289' title='bbox 595 3095 713 3161; x_wconf 91' lang='lat' dir='ltr'>propria,</span> <span class='ocrx_word' id='word_1_290' title='bbox 727 3100 753 3146; x_wconf 92' lang='lat' dir='ltr'>et</span> <span class='ocrx_word' id='word_1_291' title='bbox 762 3106 950 3160; x_wconf 88' lang='lat' dir='ltr'>quoscumque</span> <span class='ocrx_word' id='word_1_292' title='bbox 964 3094 1049 3146; x_wconf 86' lang='lat' dir='ltr'>bustis</span> <span class='ocrx_word' id='word_1_293' title='bbox 1061 3094 1189 3160; x_wconf 87' lang='lat' dir='ltr'>antiquus</span> <span class='ocrx_word' id='word_1_294' title='bbox 1205 3095 1353 3161; x_wconf 87' lang='lat' dir='ltr'>hospitium</span> 
     </span>
     <span class='ocr_line' id='line_1_29' title="bbox 117 3191 1352 3262; baseline 0.002 -15"><span class='ocrx_word' id='word_1_295' title='bbox 117 3206 186 3247; x_wconf 83' lang='lat' dir='ltr'>suae</span> <span class='ocrx_word' id='word_1_296' title='bbox 197 3194 414 3248; x_wconf 89' lang='lat' dir='ltr'>conversationis</span> <span class='ocrx_word' id='word_1_297' title='bbox 434 3191 572 3259; x_wconf 88' lang='lat' dir='ltr'>effecerat,</span> <span class='ocrx_word' id='word_1_298' title='bbox 585 3200 695 3247; x_wconf 90' lang='lat' dir='ltr'>sanctus</span> <span class='ocrx_word' id='word_1_299' title='bbox 716 3194 840 3246; x_wconf 87' lang='lat' dir='ltr'>silvanus</span> <span class='ocrx_word' id='word_1_300' title='bbox 850 3192 907 3245; x_wconf 89' lang='lat' dir='ltr'>sola</span> <span class='ocrx_word' id='word_1_301' title='bbox 920 3205 1019 3245; x_wconf 90' lang='lat' dir='ltr'>manus</span> <span class='ocrx_word' id='word_1_302' title='bbox 1031 3193 1215 3258; x_wconf 87' lang='lat' dir='ltr'>impositione,</span> <span class='ocrx_word' id='word_1_303' title='bbox 1236 3192 1352 3262; x_wconf 78' lang='lat' dir='ltr'>effugato</span> 
     </span>
     <span class='ocr_line' id='line_1_30' title="bbox 118 3292 401 3356; baseline 0 -12"><span class='ocrx_word' id='word_1_304' title='bbox 118 3292 264 3356; x_wconf 88' lang='lat' dir='ltr'>daemone,</span> <span class='ocrx_word' id='word_1_305' title='bbox 278 3292 401 3344; x_wconf 87' lang='lat' dir='ltr'>curabat.</span> 
     </span>
     <span class='ocr_line' id='line_1_31' title="bbox 65 3389 1352 3459; baseline 0.002 -14"><span class='ocrx_word' id='word_1_306' title='bbox 65 3393 100 3445; x_wconf 76' lang='lat'>³0</span> <span class='ocrx_word' id='word_1_307' title='bbox 152 3391 186 3444; x_wconf 79' lang='grc'>8.</span> <span class='ocrx_word' id='word_1_308' title='bbox 207 3393 275 3444; x_wconf 89' lang='lat' dir='ltr'>bum</span> <span class='ocrx_word' id='word_1_309' title='bbox 289 3404 353 3444; x_wconf 92' lang='lat' dir='ltr'>vero</span> <span class='ocrx_word' id='word_1_310' title='bbox 366 3405 416 3457; x_wconf 90' lang='lat' dir='ltr'>per</span> <span class='ocrx_word' id='word_1_311' title='bbox 427 3392 569 3446; x_wconf 90' lang='lat' dir='ltr'>universas</span> <span class='ocrx_word' id='word_1_312' title='bbox 582 3393 706 3458; x_wconf 88' lang='lat' dir='ltr'>ejusdem</span> <span class='ocrx_word' id='word_1_313' title='bbox 719 3391 875 3458; x_wconf 89' lang='lat' dir='ltr'>provinciae</span> <span class='ocrx_word' id='word_1_314' title='bbox 887 3397 977 3456; x_wconf 90' lang='lat' dir='ltr'>partes</span> <span class='ocrx_word' id='word_1_315' title='bbox 994 3389 1202 3459; x_wconf 87' lang='lat' dir='ltr'>divulgarentur</span> <span class='ocrx_word' id='word_1_316' title='bbox 1221 3394 1352 3447; x_wconf 91' lang='lat' dir='ltr'>miracula</span> 
     </span>
     <span class='ocr_line' id='line_1_32' title="bbox 123 3489 1354 3558; baseline 0.002 -14"><span class='ocrx_word' id='word_1_317' title='bbox 123 3504 196 3558; x_wconf 89' lang='lat' dir='ltr'>quae</span> <span class='ocrx_word' id='word_1_318' title='bbox 208 3492 340 3544; x_wconf 80' lang='lat' dir='ltr'>Dominus</span> <span class='ocrx_word' id='word_1_319' title='bbox 353 3492 381 3543; x_wconf 90' lang='lat' dir='ltr'>in</span> <span class='ocrx_word' id='word_1_320' title='bbox 393 3491 491 3545; x_wconf 88' lang='lat' dir='ltr'>eodem</span> <span class='ocrx_word' id='word_1_321' title='bbox 505 3493 564 3546; x_wconf 91' lang='lat' dir='ltr'>loco</span> <span class='ocrx_word' id='word_1_322' title='bbox 577 3506 626 3558; x_wconf 90' lang='lat' dir='ltr'>per</span> <span class='ocrx_word' id='word_1_323' title='bbox 638 3505 731 3545; x_wconf 81' lang='lat' dir='ltr'>servos</span> <span class='ocrx_word' id='word_1_324' title='bbox 744 3506 808 3544; x_wconf 90' lang='lat' dir='ltr'>suos</span> <span class='ocrx_word' id='word_1_325' title='bbox 820 3491 959 3544; x_wconf 88' lang='lat' dir='ltr'>Silvanum</span> <span class='ocrx_word' id='word_1_326' title='bbox 978 3497 1060 3557; x_wconf 89' lang='lat' dir='ltr'>atque</span> <span class='ocrx_word' id='word_1_327' title='bbox 1072 3489 1234 3544; x_wconf 79' lang='lat' dir='ltr'>silvestrum</span> <span class='ocrx_word' id='word_1_328' title='bbox 1246 3493 1354 3558; x_wconf 89' lang='lat' dir='ltr'>operari</span> 
     </span>
     <span class='ocr_line' id='line_1_33' title="bbox 123 3588 1355 3658; baseline 0.002 -17"><span class='ocrx_word' id='word_1_329' title='bbox 123 3588 299 3658; x_wconf 86' lang='lat' dir='ltr'>dignabatur,</span> <span class='ocrx_word' id='word_1_330' title='bbox 308 3590 380 3643; x_wconf 90' lang='lat' dir='ltr'>idem</span> <span class='ocrx_word' id='word_1_331' title='bbox 389 3597 499 3644; x_wconf 91' lang='lat' dir='ltr'>sanctus</span> <span class='ocrx_word' id='word_1_332' title='bbox 512 3591 647 3655; x_wconf 89' lang='lat' dir='ltr'>Silvanus,</span> <span class='ocrx_word' id='word_1_333' title='bbox 655 3591 789 3656; x_wconf 88' lang='lat' dir='ltr'>corporali</span> <span class='ocrx_word' id='word_1_334' title='bbox 803 3589 959 3643; x_wconf 85' lang='lat' dir='ltr'>infirmitate</span> <span class='ocrx_word' id='word_1_335' title='bbox 969 3604 1125 3656; x_wconf 85' lang='lat' dir='ltr'>oppressus,</span> <span class='ocrx_word' id='word_1_336' title='bbox 1134 3591 1237 3644; x_wconf 90' lang='lat' dir='ltr'>mundo</span> <span class='ocrx_word' id='word_1_337' title='bbox 1245 3593 1355 3657; x_wconf 91' lang='lat' dir='ltr'>penitus</span> 
     </span>
     <span class='ocr_line' id='line_1_34' title="bbox 123 3690 1354 3758; baseline 0.002 -18"><span class='ocrx_word' id='word_1_338' title='bbox 123 3693 294 3757; x_wconf 88' lang='lat' dir='ltr'>contempto,</span> <span class='ocrx_word' id='word_1_339' title='bbox 308 3693 398 3742; x_wconf 90' lang='lat' dir='ltr'>mente</span> <span class='ocrx_word' id='word_1_340' title='bbox 413 3690 626 3743; x_wconf 90' lang='lat' dir='ltr'>conversabatur</span> <span class='ocrx_word' id='word_1_341' title='bbox 639 3691 667 3742; x_wconf 91' lang='lat' dir='ltr'>in</span> <span class='ocrx_word' id='word_1_342' title='bbox 680 3690 853 3753; x_wconf 89' lang='lat' dir='ltr'>caelestibus,</span> <span class='ocrx_word' id='word_1_343' title='bbox 866 3694 960 3755; x_wconf 90' lang='lat' dir='ltr'>utpote</span> <span class='ocrx_word' id='word_1_344' title='bbox 972 3690 1061 3742; x_wconf 91' lang='lat' dir='ltr'>bonus</span> <span class='ocrx_word' id='word_1_345' title='bbox 1078 3702 1172 3742; x_wconf 88' lang='lat' dir='ltr'>servus</span> <span class='ocrx_word' id='word_1_346' title='bbox 1185 3690 1354 3758; x_wconf 90' lang='lat' dir='ltr'>ingaudium</span> 
     </span>
     <span class='ocr_line' id='line_1_35' title="bbox 124 3787 1356 3853; baseline 0.003 -15"><span class='ocrx_word' id='word_1_347' title='bbox 124 3787 233 3839; x_wconf 87' lang='lat' dir='ltr'>bomini</span> <span class='ocrx_word' id='word_1_348' title='bbox 246 3789 288 3840; x_wconf 90' lang='lat' dir='ltr'>sui</span> <span class='ocrx_word' id='word_1_349' title='bbox 302 3792 362 3853; x_wconf 93' lang='lat' dir='ltr'>post</span> <span class='ocrx_word' id='word_1_350' title='bbox 374 3787 511 3841; x_wconf 92' lang='lat' dir='ltr'>modicum</span> <span class='ocrx_word' id='word_1_351' title='bbox 533 3787 695 3841; x_wconf 85' lang='lat' dir='ltr'>intraturus.</span> <span class='ocrx_word' id='word_1_352' title='bbox 709 3791 766 3853; x_wconf 84' lang='lat' dir='ltr'>Qua</span> <span class='ocrx_word' id='word_1_353' title='bbox 779 3789 813 3841; x_wconf 91' lang='lat' dir='ltr'>de</span> <span class='ocrx_word' id='word_1_354' title='bbox 826 3802 855 3841; x_wconf 91' lang='lat' dir='ltr'>rc</span> <span class='ocrx_word' id='word_1_355' title='bbox 867 3788 1017 3840; x_wconf 80' lang='lat' dir='ltr'>familiares</span> <span class='ocrx_word' id='word_1_356' title='bbox 1035 3789 1105 3853; x_wconf 85' lang='lat' dir='ltr'>ojus,</span> <span class='ocrx_word' id='word_1_357' title='bbox 1119 3789 1214 3841; x_wconf 88' lang='lat' dir='ltr'>boatus</span> <span class='ocrx_word' id='word_1_358' title='bbox 1228 3789 1356 3844; x_wconf 91' lang='lat' dir='ltr'>videlicet</span> 
     </span>
     <span class='ocr_line' id='line_1_36' title="bbox 70 3885 1356 3955; baseline 0.004 -18"><span class='ocrx_word' id='word_1_359' title='bbox 70 3887 106 3937; x_wconf 75' lang='lat'>35</span> <span class='ocrx_word' id='word_1_360' title='bbox 125 3887 257 3940; x_wconf 84' lang='lat' dir='ltr'>Silvester</span> <span class='ocrx_word' id='word_1_361' title='bbox 270 3892 299 3939; x_wconf 88' lang='lat' dir='ltr'>et</span> <span class='ocrx_word' id='word_1_362' title='bbox 310 3886 389 3939; x_wconf 88' lang='lat' dir='ltr'>beata</span> <span class='ocrx_word' id='word_1_363' title='bbox 401 3885 513 3941; x_wconf 86' lang='lat' dir='ltr'>ltodena</span> <span class='ocrx_word' id='word_1_364' title='bbox 530 3888 616 3955; x_wconf 85' lang='lat' dir='ltr'>virgo,</span> <span class='ocrx_word' id='word_1_365' title='bbox 629 3888 782 3941; x_wconf 84' lang='lat' dir='ltr'>venementi</span> <span class='ocrx_word' id='word_1_366' title='bbox 801 3888 896 3941; x_wconf 91' lang='lat' dir='ltr'>dolore</span> <span class='ocrx_word' id='word_1_367' title='bbox 909 3889 1040 3953; x_wconf 85' lang='lat' dir='ltr'>percussi,</span> <span class='ocrx_word' id='word_1_368' title='bbox 1054 3888 1176 3954; x_wconf 91' lang='lat' dir='ltr'>tantique</span> <span class='ocrx_word' id='word_1_369' title='bbox 1186 3890 1270 3954; x_wconf 89' lang='lat' dir='ltr'>patris</span> <span class='ocrx_word' id='word_1_370' title='bbox 1292 3902 1356 3942; x_wconf 88' lang='lat' dir='ltr'>con·</span> 
     </span>
     <span class='ocr_line' id='line_1_37' title="bbox 124 3984 1355 4052; baseline 0.002 -16"><span class='ocrx_word' id='word_1_371' title='bbox 124 3984 288 4037; x_wconf 86' lang='lat' dir='ltr'>solationem</span> <span class='ocrx_word' id='word_1_372' title='bbox 296 3985 446 4037; x_wconf 89' lang='lat' dir='ltr'>sentientes</span> <span class='ocrx_word' id='word_1_373' title='bbox 454 3985 483 4037; x_wconf 89' lang='lat' dir='ltr'>in</span> <span class='ocrx_word' id='word_1_374' title='bbox 495 3986 618 4052; x_wconf 91' lang='lat' dir='ltr'>proximo</span> <span class='ocrx_word' id='word_1_375' title='bbox 626 3986 660 4038; x_wconf 92' lang='lat' dir='ltr'>ab</span> <span class='ocrx_word' id='word_1_376' title='bbox 670 3986 709 4038; x_wconf 90' lang='lat' dir='ltr'>eis</span> <span class='ocrx_word' id='word_1_377' title='bbox 722 3999 902 4050; x_wconf 88' lang='lat' dir='ltr'>recessuram,</span> <span class='ocrx_word' id='word_1_378' title='bbox 913 3986 963 4037; x_wconf 91' lang='lat' dir='ltr'>ista</span> <span class='ocrx_word' id='word_1_379' title='bbox 973 3984 1065 4037; x_wconf 89' lang='lat' dir='ltr'>tristes</span> <span class='ocrx_word' id='word_1_380' title='bbox 1074 3991 1136 4037; x_wconf 90' lang='lat' dir='ltr'>anto</span> <span class='ocrx_word' id='word_1_381' title='bbox 1145 3985 1244 4037; x_wconf 86' lang='lat' dir='ltr'>lectum</span> <span class='ocrx_word' id='word_1_382' title='bbox 1255 3987 1355 4039; x_wconf 88' lang='lat' dir='ltr'>refere-</span> 
     </span>
     <span class='ocr_line' id='line_1_38' title="bbox 124 4083 1354 4152; baseline 0.002 -17"><span class='ocrx_word' id='word_1_383' title='bbox 124 4083 192 4135; x_wconf 90' lang='lat' dir='ltr'>bant</span> <span class='ocrx_word' id='word_1_384' title='bbox 202 4084 389 4151; x_wconf 84' lang='lat' dir='ltr'>aegrotantis:</span> <span class='ocrx_word' id='word_1_385' title='bbox 405 4084 467 4137; x_wconf 84' lang='lat' dir='ltr'>Cur</span> <span class='ocrx_word' id='word_1_386' title='bbox 478 4097 543 4150; x_wconf 83' lang='lat' dir='ltr'>nos,</span> <span class='ocrx_word' id='word_1_387' title='bbox 552 4087 649 4152; x_wconf 82' lang='lat' dir='ltr'>pater</span> <span class='ocrx_word' id='word_1_388' title='bbox 660 4084 835 4147; x_wconf 83' lang='lat' dir='ltr'>carissime,</span> <span class='ocrx_word' id='word_1_389' title='bbox 850 4086 913 4136; x_wconf 79' lang='lat' dir='ltr'>tarra</span> <span class='ocrx_word' id='word_1_390' title='bbox 923 4083 984 4137; x_wconf 90' lang='lat' dir='ltr'>cito</span> <span class='ocrx_word' id='word_1_391' title='bbox 996 4084 1122 4149; x_wconf 81' lang='lat' dir='ltr'>deseris,</span> <span class='ocrx_word' id='word_1_392' title='bbox 1138 4086 1196 4136; x_wconf 84' lang='lat' dir='ltr'>aut</span> <span class='ocrx_word' id='word_1_393' title='bbox 1208 4084 1243 4136; x_wconf 84' lang='lat' dir='ltr'>ia</span> <span class='ocrx_word' id='word_1_394' title='bbox 1265 4086 1354 4151; x_wconf 74' lang='lat' dir='ltr'>crpus</span> 
     </span>
     <span class='ocr_line' id='line_1_39' title="bbox 116 4181 1353 4250; baseline 0.002 -16"><span class='ocrx_word' id='word_1_395' title='bbox 116 4181 321 4247; x_wconf 78' lang='lat' dir='ltr'>providentia</span> <span class='ocrx_word' id='word_1_396' title='bbox 335 4182 384 4234; x_wconf 84' lang='lat' dir='ltr'>tui</span> <span class='ocrx_word' id='word_1_397' title='bbox 394 4195 450 4236; x_wconf 82' lang='lat' dir='ltr'>noa</span> <span class='ocrx_word' id='word_1_398' title='bbox 470 4183 612 4237; x_wconf 81' lang='lat' dir='ltr'>absentia</span> <span class='ocrx_word' id='word_1_399' title='bbox 625 4184 779 4237; x_wconf 86' lang='lat' dir='ltr'>desolatos</span> <span class='ocrx_word' id='word_1_400' title='bbox 797 4185 952 4250; x_wconf 81' lang='lat' dir='ltr'>relinquis</span> <span class='ocrx_word' id='word_1_401' title='bbox 965 4185 978 4237; x_wconf 88' lang='lat' dir='ltr'>t</span> <span class='ocrx_word' id='word_1_402' title='bbox 990 4186 1021 4235; x_wconf 82' lang='lat' dir='ltr'>Et</span> <span class='ocrx_word' id='word_1_403' title='bbox 1039 4183 1094 4248; x_wconf 90' lang='lat' dir='ltr'>ille,</span> <span class='ocrx_word' id='word_1_404' title='bbox 1113 4183 1177 4235; x_wconf 90' lang='lat' dir='ltr'>licet</span> <span class='ocrx_word' id='word_1_405' title='bbox 1186 4184 1241 4250; x_wconf 88' lang='lat' dir='ltr'>jam</span> <span class='ocrx_word' id='word_1_406' title='bbox 1261 4190 1353 4237; x_wconf 89' lang='lat' dir='ltr'>sancta</span> 
     </span>
     <span class='ocr_line' id='line_1_40' title="bbox 123 4282 1355 4352; baseline 0.002 -19"><span class='ocrx_word' id='word_1_407' title='bbox 123 4282 184 4346; x_wconf 76' lang='lat' dir='ltr'>eius</span> <span class='ocrx_word' id='word_1_408' title='bbox 196 4282 287 4334; x_wconf 89' lang='lat' dir='ltr'>anima</span> <span class='ocrx_word' id='word_1_409' title='bbox 306 4283 446 4336; x_wconf 89' lang='lat' dir='ltr'>festinaret</span> <span class='ocrx_word' id='word_1_410' title='bbox 457 4283 492 4335; x_wconf 89' lang='lat' dir='ltr'>ad</span> <span class='ocrx_word' id='word_1_411' title='bbox 511 4285 625 4349; x_wconf 87' lang='lat' dir='ltr'>exitum,</span> <span class='ocrx_word' id='word_1_412' title='bbox 639 4293 696 4336; x_wconf 91' lang='lat' dir='ltr'>tum</span> <span class='ocrx_word' id='word_1_413' title='bbox 714 4298 808 4337; x_wconf 92' lang='lat' dir='ltr'>eorum</span> <span class='ocrx_word' id='word_1_414' title='bbox 826 4285 971 4352; x_wconf 89' lang='lat' dir='ltr'>gemitibus</span> <span class='ocrx_word' id='word_1_415' title='bbox 989 4283 1168 4348; x_wconf 87' lang='lat' dir='ltr'>compatiens,</span> <span class='ocrx_word' id='word_1_416' title='bbox 1180 4283 1262 4346; x_wconf 91' lang='lat' dir='ltr'>istud,</span> <span class='ocrx_word' id='word_1_417' title='bbox 1276 4290 1355 4349; x_wconf 93' lang='lat' dir='ltr'>prout</span> 
     </span>
     <span class='ocr_line' id='line_1_41' title="bbox 69 4381 1355 4450; baseline 0.001 -17"><span class='ocrx_word' id='word_1_418' title='bbox 69 4383 105 4433; x_wconf 78' lang='lat' dir='ltr'>to</span> <span class='ocrx_word' id='word_1_419' title='bbox 124 4381 220 4448; x_wconf 90' lang='lat' dir='ltr'>potuit,</span> <span class='ocrx_word' id='word_1_420' title='bbox 234 4381 377 4448; x_wconf 90' lang='lat' dir='ltr'>respondit</span> <span class='ocrx_word' id='word_1_421' title='bbox 390 4383 515 4435; x_wconf 93' lang='lat' dir='ltr'>solatium</span> <span class='ocrx_word' id='word_1_422' title='bbox 529 4401 536 4436; x_wconf 79' lang='grc'>1</span> <span class='ocrx_word' id='word_1_423' title='bbox 552 4385 622 4438; x_wconf 85' lang='grc' dir='ltr'>Νο11</span> <span class='ocrx_word' id='word_1_424' title='bbox 642 4398 704 4447; x_wconf 86' lang='lat' dir='ltr'>cos,</span> <span class='ocrx_word' id='word_1_425' title='bbox 719 4384 890 4450; x_wconf 81' lang='lat' dir='ltr'>carissimi,</span> <span class='ocrx_word' id='word_1_426' title='bbox 905 4382 1045 4448; x_wconf 71' lang='grc'><strong>1111111101</strong></span> <span class='ocrx_word' id='word_1_427' title='bbox 1066 4382 1177 4434; x_wconf 76' lang='grc'><strong>1111111111·</strong></span> <span class='ocrx_word' id='word_1_428' title='bbox 1192 4384 1355 4435; x_wconf 75' lang='grc'><strong>0010011110</strong></span> 
     </span>
     <span class='ocr_line' id='line_1_42' title="bbox 123 4479 1354 4550; baseline 0.001 -18"><span class='ocrx_word' id='word_1_429' title='bbox 123 4479 277 4534; x_wconf 78' lang='lat' dir='ltr'>desolatos</span> <span class='ocrx_word' id='word_1_430' title='bbox 289 4480 460 4550; x_wconf 75' lang='lat' dir='ltr'>atiniarum,</span> <span class='ocrx_word' id='word_1_431' title='bbox 474 4485 527 4535; x_wconf 83' lang='lat' dir='ltr'>sed</span> <span class='ocrx_word' id='word_1_432' title='bbox 541 4485 640 4537; x_wconf 83' lang='lat' dir='ltr'>locum</span> <span class='ocrx_word' id='word_1_433' title='bbox 652 4485 861 4550; x_wconf 77' lang='lat' dir='ltr'>serapiternae</span> <span class='ocrx_word' id='word_1_434' title='bbox 877 4483 992 4549; x_wconf 78' lang='lat' dir='ltr'>quietis</span> <span class='ocrx_word' id='word_1_435' title='bbox 1003 4495 1041 4535; x_wconf 89' lang='lat' dir='ltr'>ac</span> <span class='ocrx_word' id='word_1_436' title='bbox 1053 4481 1258 4534; x_wconf 80' lang='lat' dir='ltr'>beatitudinis</span> <span class='ocrx_word' id='word_1_437' title='bbox 1270 4481 1354 4535; x_wconf 84' lang='lat' dir='ltr'>vobis</span> 
     </span>
     <span class='ocr_line' id='line_1_43' title="bbox 122 4578 1353 4648; baseline 0.002 -19"><span class='ocrx_word' id='word_1_438' title='bbox 122 4590 282 4644; x_wconf 82' lang='lat' dir='ltr'>apparare</span> <span class='ocrx_word' id='word_1_439' title='bbox 304 4578 429 4632; x_wconf 83' lang='lat' dir='ltr'>vadam.</span> <span class='ocrx_word' id='word_1_440' title='bbox 454 4581 656 4648; x_wconf 79' lang='lat' dir='ltr'>Quapropter,</span> <span class='ocrx_word' id='word_1_441' title='bbox 677 4594 801 4647; x_wconf 74' lang='lat' dir='ltr'>peracre,</span> <span class='ocrx_word' id='word_1_442' title='bbox 825 4583 942 4635; x_wconf 82' lang='lat' dir='ltr'>luctum</span> <span class='ocrx_word' id='word_1_443' title='bbox 955 4581 1051 4633; x_wconf 83' lang='lat' dir='ltr'>istam</span> <span class='ocrx_word' id='word_1_444' title='bbox 1063 4580 1134 4644; x_wconf 80' lang='lat' dir='ltr'>jam</span> <span class='ocrx_word' id='word_1_445' title='bbox 1152 4578 1303 4645; x_wconf 81' lang='lat' dir='ltr'>deponite,</span> <span class='ocrx_word' id='word_1_446' title='bbox 1324 4581 1353 4632; x_wconf 88' lang='lat' dir='ltr'>et</span> 
     </span>
    </p>
   </div>
   <div class='ocr_carea' id='block_1_3' title="bbox 0 0 1662 5482">
    <p class='ocr_par' dir='ltr' id='par_1_4' title="bbox 0 0 1662 5482">
     <span class='ocr_line' id='line_1_44' title="bbox 0 0 1662 5482; baseline 0 0"><span class='ocrx_word' id='word_1_447' title='bbox 0 0 1662 5482; x_wconf 95' lang='lat' dir='ltr'> </span> 
     </span>
    </p>
   </div>
  </div>
 </body>
</html>
