3278 5482
200 108 268 175 252
543 119 667 171 caran.
687 118 789 169 cono.
808 118 983 170 naamon.
1001 118 1082 169 nar.

200 306 337 361 anonymo
349 293 432 359 huius
449 290 614 345 narrationis
635 289 770 356 scriptori,
784 293 856 344 iuter
877 289 998 358 sepulcri
1010 287 1111 342 mdera
1132 294 1272 356 repertum
1283 303 1341 343 esse
1352 289 1420 342 iiim

182 383 190 396 ’
202 394 266 446 tum
284 393 318 444 in
339 390 415 446 baec
425 390 520 446 acrba
532 408 541 445 .·
553 393 601 443 illo
622 402 777 452 motmsorr
789 394 954 445 scommate
966 401 1116 449 nrrscoros.
1129 391 1266 443 csooornr
1276 400 1351 443 nors
1360 398 1423 443 ru·

200 503 270 545 roas
291 503 344 545 cru
366 502 399 543 so
420 502 472 544 uuo
492 501 669 549 rotmarus
686 502 826 544 sarsurus.
842 492 872 543 ln
894 490 948 543 ilue
971 490 1101 557 leguntur
1119 502 1152 542 ea
1167 502 1239 556 quae
1251 501 1286 541 ex
1305 489 1353 542 boc
1363 489 1424 555 ipso

200 590 305 657 codice,
320 595 350 644 ut
369 591 487 656 videtur,
508 592 652 657 exscripsit
669 592 826 644 liuinartius
846 592 874 644 in
895 590 1072 644 adnotatione
1092 589 1127 643 ad
1148 588 1289 643 laudatum
1309 566 1426 657 Gregorii
1465 566 1468 593 ¹

200 691 291 744 locum
313 705 319 742 :
340 691 457 744 Beatus
477 689 574 743 ctiam
598 688 785 755 Greporius,
807 691 882 743 icccc
904 688 1052 756 temporis
1079 689 1236 742 monum
1260 688 1427 756 epiecopus,
1466 688 1468 695 '

199 789 332 857 capnitis
344 801 424 856 quoe
435 789 478 842 ad
489 790 669 855 sepulcrum
680 788 816 842 concii...
832 791 870 853 (P.
884 790 925 855 L.,
937 795 1001 842 tom.
1015 788 1102 854 Llllil,
1114 802 1142 855 p.
1155 790 1216 851 su,
1229 793 1286 842 not.
1294 801 1325 856 p.
1334 786 1428 849 roci.)-

299 889 363 967 33ο
389 889 616 991 [Translatio
648 889 903 990 reliquiarum
938 889 1061 968 sancti
1099 887 1321 990 Sollemuisl
1346 884 1427 989 (fol.

348 1011 568 1113 actv-atita.

234 1146 282 1201 tid.
295 1147 360 1201 Act.
374 1147 431 1214 SS,
444 1146 478 1199 ad
490 1147 518 1199 d.
531 1148 564 1199 ao
575 1146 660 1212 sept,
673 1149 739 1199 tom.
752 1147 807 1211 illl,
820 1159 847 1212 p.
861 1147 945 1200 tart.

301 1245 365 1322 33⁰
381 1244 576 1346 [Miracula
593 1244 715 1322 saneti
735 1242 955 1344 Sollemnis]
972 1243 1050 1344 (fol.
1071 1242 1293 1344 saltabit).

234 1378 282 1432 Ed.
296 1378 375 1443 ibid,
388 1393 415 1445 p.
430 1381 515 1432 7780.
527 1378 579 1432 sed
601 1378 673 1431 inter
691 1391 796 1430 numm.
809 1378 825 1428 3
838 1384 865 1430 ct
885 1380 902 1430 l
914 1377 1043 1445 leguntur
1063 1378 1092 1430 lu
1109 1376 1171 1430 cod.
1184 1378 1237 1430 tria
1253 1376 1379 1431 miracula
1392 1376 1442 1427 in

202 1479 246 1534 ed.
259 1479 469 1545 praetermissa;
483 1479 609 1531 videlicet
626 1478 665 1531 de
683 1476 808 1531 homine
826 1479 1027 1540 contractae
1045 1477 1124 1530 vitta
1146 1477 1257 1531 Laudo
1274 1477 1310 1529 ia.
1327 1474 1444 1530 eodm

196 1577 503 1645 ascalonensium
517 1590 618 1645 puero
635 1590 655 1631 a
667 1576 836 1630 acclivitate
857 1576 1078 1645 coercebitur
1100 1577 1229 1631 wtonic
1240 1577 1270 1629 in
1291 1563 1446 1631 ammi

202 1675 381 1742 territorim
394 1682 421 1729 et
440 1676 478 1729 dc
485 1689 585 1744 puero
596 1675 692 1729 surdo
709 1678 738 1729 ci
757 1676 852 1741 mute,
867 1674 1050 1729 Aurelianis
1070 1675 1168 1728 blesim
1189 1675 1224 1729 ad
1244 1680 1272 1729 S.
1285 1674 1443 1729 sollemnis

203 1775 359 1843 sepulcrum
371 1775 463 1831 allato.

668 1963 974 1974 ———-

545 2193 752 2308 appendix
772 2194 822 2281 ad
843 2196 927 2282 cod·
958 2194 1082 2285 5333.

200 2413 286 2479 Vrra
301 2410 334 2478 S.
355 2409 554 2476 Gnnouurru
572 2428 717 2476 nr1scor1
734 2410 945 2476 Pumsrnnsrs
962 2409 1043 2498 (Cir.
1064 2429 1175 2496 sopra,
1194 2429 1226 2495 p.
1243 2406 1328 2488 251,
1346 2409 1425 2496 24⁰).

202 2627 332 2701 Incipit
345 2630 515 2702 prologus
529 2627 567 2688 in
580 2627 660 2688 vita
674 2627 790 2689 saneti
805 2630 967 2689 Gendulil
987 2626 1169 2700 praesulis
1191 2640 1237 2687 oc
1258 2628 1427 2688 uncilen-

616 2727 749 2789 tissimi
771 2727 996 2788 confessoris.

235 2910 262 2962 1.
275 2907 342 2973 Quia
355 2911 426 2961 bens
439 2907 615 2974 omnipotens
626 2908 660 2961 ab
673 2907 732 2975 ipso
744 2907 841 2960 mundi
854 2907 1004 2973 primordio
1026 2907 1055 2959 in
1077 2907 1158 2973 hujus
1180 2906 1278 2960 mundi
1291 2919 1358 2961 area
1369 2904 1432 2962 iide-

201 3008 265 3062 litcr
282 3008 437 3062 laborantes
453 3007 554 3060 babere
575 3020 685 3074 semper
697 3008 783 3061 voluit
800 3014 827 3060 et
847 3012 963 3060 matrem
983 3007 1130 3060 Ecclesiam
1153 3019 1224 3061 noro
1246 3007 1323 3060 foetu
1343 3007 1426 3077 magis
1439 3002 1468 3062 ἔ

200 3109 341 3176 magisque
353 3106 503 3161 secundare
515 3120 571 3160 non
584 3108 696 3174 destitit,
710 3107 745 3160 ad
757 3107 884 3160 ultimum
897 3119 984 3174 paene
997 3107 1099 3160 uostris
1121 3106 1293 3173 temporibus
1316 3112 1347 3161 et
1362 3110 1433 3163 Gen·

202 3206 309 3259 dulium
319 3206 370 3259 sibi
383 3205 500 3259 fideliter
511 3205 614 3274 delegit
625 3213 783 3273 operantem
794 3211 822 3260 et
831 3211 941 3260 sannae
954 3207 1033 3260 matri
1044 3206 1181 3261 Ecclesiae
1192 3206 1221 3259 in
1229 3206 1277 3259 tall
1288 3211 1370 3274 partu
1378 3220 1434 3262 non

198 3320 310 3374 parvam
323 3306 398 3360 dedit
415 3307 538 3374 gratiam.
553 3308 646 3372 lpsum
659 3308 732 3360 cuim
746 3307 822 3359 nulla
835 3307 931 3361 mundi
942 3308 1065 3374 pericula
1077 3321 1093 3360 a
1106 3306 1202 3360 divino
1217 3319 1304 3374 opere
1323 3307 1435 3375 pepule-

203 3409 277 3470 runt,
290 3409 317 3457 et
329 3405 369 3457 sic
380 3404 491 3471 penitus
503 3404 537 3456 ab
550 3405 625 3457 omni
638 3405 730 3457 livoris
743 3404 849 3457 macula
871 3405 922 3456 luit
943 3405 1073 3459 immunis
1093 3408 1123 3457 ut
1140 3404 1283 3471 adoptivos
1307 3418 1435 3473 quosque

200 3502 271 3556 illios
283 3504 390 3557 lavacro
403 3516 489 3557 norae
502 3504 719 3572 regenerationis
740 3510 849 3558 sauctae
862 3505 941 3558 matri
963 3517 1057 3558 secum
1078 3503 1227 3570 adjungere
1249 3516 1428 3572 nescioquam
1449 3508 1468 3559 ll

202 3602 341 3656 inviderit.
354 3604 436 3669 Cujus
450 3616 498 3670 ego
511 3603 592 3655 vitam
606 3615 676 3656 noro
689 3603 751 3656 stilo
763 3605 923 3672 contingere
938 3609 1108 3669 temptarem,
1122 3602 1175 3655 nisi
1188 3615 1231 3655 me
1242 3600 1392 3672 indignum
1400 3604 1436 3658 ad

202 3707 256 3753 tam
269 3701 370 3755 decens
383 3701 568 3754 incohandum
580 3700 762 3754 dinoscerem.
773 3705 840 3754 cum
852 3702 927 3754 enim
937 3703 1068 3754 bominus
1076 3701 1148 3754 dieat
1156 3700 1294 3767 peccatori
1309 3717 1317 3753 ι
1332 3702 1438 3761 &aare

203 3802 237 3853 iu
248 3810 384 3853 acerras
396 3798 558 3853 mirabilia
570 3799 661 3853 mec?
673 3802 811 3867 quomodo
823 3800 881 3853 lteri
894 3805 983 3866 potest
994 3804 1034 3866 ut,
1047 3800 1094 3853 ubi
1107 3814 1151 3852 me
1164 3799 1360 3865 peccaminum
1371 3814 1438 3856 eon·

202 3899 316 3953 scientia
328 3899 391 3952 iacit
403 3904 577 3963 trementem,
590 3899 629 3950 ibi
646 3899 733 3951 audax
745 3899 931 3964 praesumptio
950 3898 1046 3951 reddat
1061 3898 1215 3950 audacem?
1226 3899 1295 3950 Tum
1310 3911 1380 3953 vcro
1398 3905 1442 3953 est

202 3999 276 4066 quod
290 4012 333 4052 me
346 4011 401 4052 non
415 3998 505 4051 minus
516 4003 623 4051 tantum
636 4011 706 4051 onus
718 3997 809 4050 subire
821 3998 990 4065 dehortatur,
1000 4003 1132 4065 quantum
1145 4009 1242 4050 vercor
1252 4009 1288 4049 ne
1299 3998 1439 4071 triticum,
1459 4004 1468 4056 l

203 4101 276 4165 quod
291 4101 318 4151 ln
331 4098 422 4151 modio
436 4110 492 4151 non
504 4096 709 4163 absconderim,
723 4098 751 4149 in
763 4111 854 4150 mcum
867 4111 948 4150 usum
962 4099 1059 4150 frustra
1080 4109 1188 4149 sumere
1208 4095 1302 4164 velim,
1317 4102 1349 4150 et
1360 4098 1443 4152 forsi-

203 4207 249 4254 tan
260 4201 298 4252 sio
311 4199 383 4263 [erit]
396 4197 430 4250 de
442 4211 486 4250 me
503 4196 579 4249 utdc
600 4210 633 4250 eo
655 4198 701 4264 qul
723 4198 827 4250 sumum
849 4210 882 4249 cx
903 4197 1019 4263 fulgore,
1037 4209 1094 4248 non
1115 4209 1148 4248 ex
1169 4195 1243 4248 fumo
1260 4194 1331 4250 dare
1349 4198 1445 4253 lucem

202 4301 310 4367 cogitat.
324 4299 370 4351 llis
383 4297 465 4365 igitur
481 4297 694 4364 circumventus,
707 4296 826 4350 arbitror
844 4307 910 4349 esse·
928 4295 1101 4350 commodius
1124 4307 1184 4348 mea
1205 4298 1442 4364 praesumptione

204 4400 307 4457 fascem
322 4411 377 4453 non
391 4395 487 4451 subire
497 4410 580 4469 quam
593 4396 646 4449 sub
658 4396 731 4450 lusce
743 4397 861 4465 graviter
873 4407 1012 4449 corruere.
1026 4394 1080 4448 scd
1093 4393 1159 4464 quia
1171 4394 1223 4448 boc
1234 4405 1293 4447 non
1304 4396 1446 4452 meissen
