3316 5482
305 367 399 418 omn.
417 366 501 418 nau.
521 365 637 416 naurs.
656 385 701 397 -
717 363 872 415 menno.
892 366 939 415 ab
956 365 1034 415 con.
1053 363 1129 414 carr.
1261 350 1324 416 133

132 534 290 603 loroquizain
302 534 415 589 Galliam
427 534 515 601 missi,
529 547 592 588 curn
612 533 699 587 multo
717 532 847 586 comitatu
867 534 1002 586 Lutetiam
1023 532 1210 600 devenerunt3
1231 534 1324 602 ibique

129 631 353 700 condoctuaccepto
372 634 407 687 ab
427 611 505 688 r'rrbis
526 633 673 700 praelecto,
693 633 807 686 nomine
817 632 964 699 Abuduno,
987 632 1147 686 direxerunt
1168 633 1221 687 iter
1240 647 1321 687 suum

126 731 259 789 catalaunis.
271 737 383 788 invento
401 735 483 802 igitur
493 734 595 787 ibidem
617 746 679 801 rege
701 736 869 787 Francorum
892 734 939 800 qui
958 738 1024 787 tunc
1047 738 1115 800 crat,
1137 747 1220 801 quem
1240 740 1318 791 tanto

124 835 235 886 terrarum
254 836 337 901 spatio
357 835 542 903 quaesierant,
562 834 646 904 digna
666 835 843 888 veneratione
864 847 928 887 cum
948 834 1146 888 salutaverunt.
1168 837 1225 888 llex
1255 849 1319 890 vero

10 966 18 1001 ,
92 928 255 998 tragurium
266 934 305 988 ire
316 935 500 1002 properabat;
513 935 607 1002 ibique
619 947 666 988 eos
684 932 835 1000 dimittens,
849 947 1039 1001 quaecumque
1061 936 1216 989 necessaria
1238 936 1319 990 babe-

10 1018 17 1091 l
117 1026 178 1082 bant
187 1031 220 1085 cis
229 1033 280 1087 dari
292 1034 440 1101 mandarit,
456 1035 585 1102 ipsosque
598 1034 700 1086 ibidem
713 1033 861 1087 adventum
872 1047 953 1086 suum
965 1034 1054 1087 donec
1072 1034 1101 1086 in
1123 1034 1199 1088 brevi
1220 1035 1323 1089 rediret

10 1126 13 1135 '
114 1131 261 1192 praestolari.
274 1137 304 1188 tlt
315 1135 356 1187 illi
369 1135 480 1202 quidem
492 1135 557 1202 quia
567 1135 653 1187 nimio
666 1134 760 1187 labore
780 1134 888 1186 itineris
909 1133 1058 1199 plurimum
1071 1139 1149 1187 erant
1171 1134 1273 1203 fatigati
1292 1140 1321 1189 et

113 1226 174 1293 oqui
183 1241 262 1285 corum
271 1232 415 1297 debilitati,
428 1233 555 1287 mandato
568 1233 641 1301 regio
654 1232 835 1286 libentissime
848 1245 897 1299 pro
910 1246 958 1285 sua
970 1234 1143 1299 reparatione
1156 1238 1318 1300 paruerunt.

148 1325 276 1387 minuma
291 1333 358 1386 dum
379 1334 432 1386 buc
455 1333 575 1400 illucque
594 1331 693 1386 cotidie
716 1332 918 1386 deambulando
940 1339 1095 1400 pergerent,
1118 1346 1134 1386 a
1154 1335 1318 1401 quibusdam

61 1424 95 1476 lo
110 1426 232 1482 oecultum
243 1432 395 1485 christianis
407 1445 509 1486 nomen
518 1432 626 1486 bomini
638 1432 787 1485 audierunt
800 1433 951 1499 personari,
963 1433 1036 1500 quod
1050 1434 1115 1485 olim
1128 1433 1224 1487 beatus
1237 1438 1315 1489 ilem·

111 1525 363 1595 mins,apostolorum
373 1531 535 1599 discipulus,
543 1530 776 1599 aliisquibusdam
786 1532 962 1585 credentibus
972 1532 1242 1601 praedicaverat,per
1248 1547 1318 1602 quos

109 1622 147 1675 ad
157 1624 239 1682 borum
247 1645 335 1699 usqne
348 1633 471 1686 notitiam
483 1632 652 1699 diuulgatum
666 1637 838 1700 pervenerat.
851 1632 1001 1685 Audientes
1013 1646 1078 1701 ergo
1090 1634 1205 1700 praelati
1226 1634 1319 1702 legati,

110 1724 252 1782 bamamaclr
266 1731 396 1785 videlicet
416 1739 444 1785 et
463 1731 641 1798 zepbequira,
663 1730 780 1785 sollicite
803 1731 999 1797 perquirebant
1018 1731 1084 1799 quid
1110 1729 1161 1785 boc
1182 1733 1224 1786 vel
1244 1734 1319 1787 unde

109 1827 250 1889 essetquod
268 1829 315 1882 illo
337 1831 365 1880 in
389 1829 450 1883 loeo
468 1829 623 1883 audierant.
646 1829 749 1894 Quibus
770 1829 869 1895 hospes
890 1843 997 1893 eorum,
1020 1831 1133 1883 nomine
1153 1832 1314 1900 bacharius,

51 1920 92 1973 15
109 1918 205 1973 occulte
215 1926 383 1994 christianus,
393 1929 440 1996 qul
452 1933 517 1982 ante
529 1929 695 1994 baptismum
704 1929 874 1982 Ferrebellus
887 1930 1044 1995 vocabatur,
1053 1930 1195 1997 respondit
1206 1932 1316 1986 dicens:

114 2016 252 2079 Hactenus
261 2028 353 2096 coeci,
365 2027 511 2094 quamvis
532 2029 637 2082 ocutos
654 2028 809 2096 tradentes,
830 2027 961 2098 fuimus,
984 2041 1119 2096 veraque
1138 2031 1317 2100 nescientes,

113 2113 199 2183 saltu
205 2128 232 2177 et
240 2126 406 2181 inreructis
418 2127 621 2182 credidimus.
634 2129 726 2183 Nunc
743 2131 848 2182 autem
862 2130 919 2181 tur
931 2129 1043 2182 muntii
1054 2131 1125 2184 orto
1137 2131 1229 2183 estin
1241 2133 1319 2185 tene·

114 2212 181 2281 Μ’,
191 2226 222 2276 ut
235 2239 293 2282 uon
303 2226 442 2281 videntes
454 2227 589 2296 videant,
601 2230 631 2282 et
642 2227 769 2296 quaein
780 2231 865 2282 noete
877 2229 1076 2295 ipnorcntioe
1088 2229 1174 2283 nobis
1192 2243 1320 2284 monen-

114 2307 188 2368 triu
197 2319 342 2393 incopnito
354 2324 493 2395 fueram,
506 2327 656 2380 radiante
667 2327 756 2380 modo
768 2328 832 2381 sote
843 2327 988 2381 veritatis
1011 2328 1216 2382 innotescant.
1235 2331 1317 2385 Nom

54 2415 96 2469 2⁰
111 2410 211 2487 Milo,
221 2425 394 2493 Saturnum,
408 2428 540 2479 Mortem
552 2429 646 2493 atque
657 2426 858 2494 Mercurium,
876 2428 1028 2495 Venerem,
1045 2428 1182 2482 Cererem
1199 2432 1229 2483 et
1241 2432 1317 2485 Boc·

112 2505 400 2592 chumatquecetero
425 2525 581 2580 idolorum
588 2527 736 2592 portento
753 2539 823 2580 cum
842 2526 904 2579 sibi
921 2526 1117 2580 credentibus
1138 2527 1315 2595 inferorum

114 2608 175 2665 ²⁰⁰⁰
186 2624 331 2678 continent
343 2624 516 2692 teterrimo,
529 2624 583 2679 ubi
594 2624 685 2678 dolor
696 2628 790 2693 atque
797 2625 1319 2695 fletuoperpetuoqueperseveront

114 2715 254 2779 tornenta.
277 2724 543 2793 Respondentesque
560 2726 723 2779 Lamamacb
744 2730 771 2779 ei
792 2727 958 2794 chbeguira
980 2726 1129 2779 dixerunt:
1150 2728 1184 2779 Si
1207 2728 1241 2796 ti,
1257 2742 1319 2797 per

116 2823 353 2880 nortmanos
364 2825 532 2892 credimur,
546 2825 595 2878 dii
611 2825 646 2879 in
658 2826 821 2880 tormentis
832 2827 1028 2893 cruciantur,
1041 2828 1191 2894 quomodo
1202 2841 1258 2881 nos
1280 2829 1320 2882 ob

64 2917 102 2970 ὓ
114 2910 154 2966 eft
164 2917 483 2992 liberaripoterimusi
496 2925 648 2978 bacharius
662 2925 823 2992 respondit:
847 2927 927 2979 Deice
945 2929 990 2979 ert
1011 2940 1103 2993 urcem,
1123 2927 1178 2994 qui
1197 2929 1316 2981 creavit

117 3019 214 3076 coelum
225 3027 253 3078 et
270 3026 399 3092 terram,
413 3038 502 3078 meme
513 3028 542 3078 et
555 3025 662 3079 omnio
675 3038 753 3093 quae
766 3026 857 3078 ineis
869 3029 952 3088 cunt,
966 3025 1179 3093 hominemque
1191 3027 1233 3079 cut
1246 3027 1322 3081 ima·

113 3115 292 3180 itomanam
304 3124 535 3191 cmrdiditsqui
553 3128 663 3192 postea
684 3125 774 3178 irasci
794 3125 833 3178 de
851 3125 976 3191 virpine
993 3125 1098 3179 Murio
1116 3139 1178 3193 pro
1195 3127 1319 3194 pencris

112 3210 223 3276 inmani
244 3224 348 3277 solute
367 3224 476 3291 votuit,
498 3225 601 3278 crucis
621 3225 717 3278 etiam
732 3224 915 3292 patibulum
935 3227 1124 3292 mortemque
1146 3226 1319 3292 ercatiuutt,·

106 3315 202 3375 deinde
211 3322 353 3377 surremit
365 3336 386 3376 o
406 3323 551 3389 mortuis,
573 3323 738 3391 infernum
758 3337 878 3391 quoque
899 3323 1040 3377 liberatis
1060 3327 1089 3377 et
1110 3325 1225 3392 ereptis
1246 3326 1320 3379 inde

63 3398 89 3449 ³⁰
99 3420 202 3476 amuis
213 3422 280 3474 ruis
291 3422 441 3489 spoliavit
451 3440 460 3490 ,·
467 3425 579 3489 posteo
591 3424 687 3476 etiam
699 3424 803 3477 caelos
814 3423 965 3488 ascendit,
980 3423 1084 3490 ibique
1094 3425 1179 3477 certet
1191 3426 1233 3478 od
1245 3425 1320 3478 derc-

96 3522 194 3576 leram
204 3520 261 3576 Dei
270 3521 380 3575 Patris
392 3521 621 3590 omm‘potentr's,
635 3522 708 3576 inde
720 3525 870 3576 venturus
875 3523 1026 3588 judicare
1038 3524 1122 3578 oioor
1134 3526 1163 3577 el
1177 3527 1316 3578 mortuos

89 3624 120 3675 et
129 3622 294 3676 saeculum
300 3635 362 3689 per
374 3621 485 3688 ipnem,
500 3625 563 3677 Post
574 3623 642 3676 baec
655 3624 744 3689 coepit
757 3624 796 3676 eis
816 3624 974 3690 praedicare
997 3623 1079 3695 tidem
1102 3625 1208 3679 bomini
1232 3627 1317 3679 nostri

84 3719 154 3776 lesu
166 3719 279 3789 Christi,
289 3721 360 3774 sicut
372 3734 431 3774 eam
443 3722 579 3788 audierat,
589 3728 617 3776 et
627 3724 747 3775 narravit
757 3724 797 3775 eis
808 3723 946 3789 quomodo
959 3723 1121 3776 credidisset
1129 3730 1157 3776 et
1168 3724 1321 3790 baptizatus

80 3818 196 3874 ruisset.
211 3820 314 3883 Quibus
326 3819 427 3873 auditis
437 3821 582 3887 stupefacti
594 3822 703 3874 stabant
724 3822 773 3874 viri
785 3822 835 3888 illi,
849 3828 875 3874 et
896 3797 1067 3875 mirabantur
1088 3836 1171 3888 super
1193 3823 1226 3875 iis
1247 3837 1317 3890 quae

75 3919 239 3973 audiebant
251 3919 286 3972 ab
306 3932 349 3974 eo.
363 3921 395 3971 nt
415 3920 470 3985 ille,
485 3919 567 3974 iidem
589 3921 698 3975 illorum
720 3920 828 3981 sitiens,
842 3922 927 3987 magis
949 3934 981 3974 ac
1003 3923 1088 3989 magis
1108 3923 1190 3976 verba
1211 3923 1317 3989 salutis,

74 4021 223 4087 quantum
235 4024 350 4072 noverat
361 4026 388 4072 et
401 4025 515 4086 poterat,
528 4021 569 4074 eis
580 4022 771 4076 annuntiabat.

117 4118 152 4171 ³.
166 4120 232 4171 Sero
252 4125 344 4172 autem
366 4124 425 4185 post
443 4133 550 4187 cenam,
562 4121 627 4173 dum
649 4122 720 4174 inter
741 4134 771 4174 se
792 4121 856 4174 talia
876 4122 1109 4187 colloquerentur,
1127 4123 1248 4175 sentiens
1270 4136 1318 4177 eos

74 4214 239 4270 laebarius
251 4217 315 4271 fidei
326 4219 429 4284 avidos,
442 4220 510 4273 dixit
522 4219 564 4273 eis
577 4236 584 4273 z
596 4220 629 4273 Si
640 4219 728 4287 milri,
741 4220 870 4288 fratres,
891 4222 996 4288 utpote
1008 4219 1128 4274 bomini
1149 4221 1314 4276 rusticano

76 4317 118 4367 et
129 4313 371 4384 eimpliciori,de
379 4317 506 4385 iisqnoe
514 4319 587 4371 disci
595 4319 678 4373 vobis
686 4319 791 4372 minuo
803 4319 941 4385 creditis,
949 4322 994 4372 est
1003 4320 1131 4387 quietam
1143 4334 1250 4373 servus
1261 4321 1317 4374 Dei

23 4397 55 4456 ⁴5
77 4426 185 4480 prom
193 4416 293 4469 locum
304 4417 411 4483 istum,
424 4431 464 4472 eor
476 4420 565 4485 errius
577 4432 630 4472 ore
641 4420 748 4472 omnin
758 4418 834 4472 baec
847 4419 965 4486 audiri,
977 4419 1019 4471 net
1027 4433 1116 4486 quem
1129 4421 1242 4474 ducum
1253 4434 1314 4488 vos,

91 4511 126 4565 ai
136 4515 289 4569 ceritatem
303 4518 445 4571 omnium
450 4519 581 4586 plenius
593 4533 774 4587 copnoscere
784 4520 980 4573 desideratis.
996 4520 1075 4572 Mitti
1087 4523 1208 4572 tantum
1221 4521 1314 4588 fidem

101 4606 274 4681 fontequod
287 4617 408 4670 secreto
418 4615 480 4669 iota
492 4618 612 4670 nemini
624 4617 775 4671 reveletis.
784 4617 860 4683 Quod
871 4631 932 4670 cum
946 4619 1126 4672 libentissime
1134 4619 1173 4670 illi
1186 4619 1316 4683 lacerent,

21 3881 54 3944 lb
