3316 5482
411 361 505 412 eran.
523 359 608 411 333.
626 359 745 411 rums.
764 377 810 390 -·
824 358 979 409 urrann.
998 357 1046 408 ab
1063 356 1141 408 eoo.
1161 353 1237 405 3313.
1399 338 1443 405 93

187 542 190 563 ¹
250 529 345 595 capetus
357 528 420 582 Dei.
438 528 522 583 Tunc
533 541 649 582 manus
660 527 726 593 3133
736 539 832 594 super
851 527 956 581 333133
967 528 997 579 31
1008 538 1041 579 os
1053 527 1082 578 ci
1094 527 1230 578 maresci
1243 536 1337 578 aures
1350 536 1437 577 meos
1485 590 1492 609 ο

251 627 362 694 3311131
375 641 439 684 non
449 626 599 697 permisit
619 639 734 695 aquam
754 625 939 681 introirem
959 638 993 681 os
1010 637 1122 679 meum.
1143 626 1199 678 lioc
1216 623 1320 689 audito,
1345 624 1442 678 iterum

251 735 395 795 pmtcmens
405 741 436 783 se
453 729 480 782 iu
494 729 673 791 orationibus,
684 728 785 796 gratias
803 739 886 794 egem
904 729 968 793 1133,
981 726 1029 794 qui
1047 726 1179 779 famulum
1192 739 1273 779 suum
1290 725 1343 779 sibi
1355 724 1444 778 reddi·

250 825 345 891 133131
355 827 457 895 mgan'l
472 832 504 880 31
520 825 621 880 fluvius
633 826 668 880 ab
685 827 744 893 ipso
763 825 823 879 loco
841 838 871 878 se
887 828 1036 888 amoveret,
1048 822 1123 891 quod
1141 825 1215 877 itaet
1228 806 1446 889 praesentialiter

228 925 331 981 11311111
340 939 453 980 urceum
464 938 548 992 quem
559 925 718 992 perdiderat
728 925 833 978 invenit
845 929 871 977 et
883 923 1015 977 circulum
1025 923 1103 989 juxta
1114 936 1187 989 eum,
1201 922 1248 990 qui
1262 936 1349 990 usque
1362 924 1442 977 bodie

250 1032 341 1092 3333331.
352 1027 384 1079 lit
394 1025 453 1092 ipse
465 1024 563 1079 fluvius
575 1024 677 1078 ibidem
695 1037 845 1091 numquam
863 1023 980 1090 amplius
992 1023 1113 1076 cucurrit
1129 1023 1258 1090 usquein
1277 1022 1442 1077 hodiernum

249 1122 309 1178 dica.
324 1126 405 1179 ilabet
421 1124 495 1179 enim
514 1124 721 1178 terminationes
737 1123 850 1177 arbores
876 1123 981 1186 salices,
1001 1121 1074 1189 quod
1092 1120 1195 1175 ibidem
1213 1126 1281 1175 nutu
1304 1122 1351 1175 liei
1373 1124 1444 1189 ilper

249 1222 348 1277 11333133
358 1223 509 1278 3333111311.

273 1321 296 1373 b.
306 1322 379 1375 tulta
388 1335 455 1376 1333
466 1327 495 1375 et
506 1319 719 1375 innumerabilia
731 1320 862 1374 miracula
873 1321 1004 1374 [lominus
1016 1333 1065 1387 per
1081 1334 1191 1374 servum
1212 1334 1292 1373 suum
1312 1320 1342 1372 in
1364 1333 1445 1386 prae·

216 1419 371 1490 1133111333,
382 1423 430 1476 ubi
442 1435 543 1488 corpus
555 1420 712 1488 requiescit,
726 1420 902 1473 manifestare
912 1420 1038 1486 dignatus
1050 1426 1100 1486 est,
1113 1432 1183 1487 quae
1197 1433 1252 1473 non
1265 1424 1445 1485 3331331313,

250 1522 271 1569 31
281 1520 362 1575 33111113
380 1522 426 1575 1131
447 1521 533 1574 virtus
553 1520 655 1573 ibidem
676 1520 863 1573 demonstrare
880 1519 1007 1586 dignatus
1027 1523 1077 1572 est.
1099 1522 1131 1572 lit
1151 1523 1192 1573 est
1212 1519 1343 1572 transitus
1364 1520 1445 1585 hujus

251 1621 366 1674 3133111131
377 1620 441 1688 lpri
454 1620 542 1688 pridie
555 1632 644 1673 nonas
655 1619 818 1683 decembris,
831 1618 905 1686 quod
920 1623 961 1672 est
972 1631 1011 1672 uu
1021 1618 1066 1672 die
1076 1623 1136 1685 post
1148 1618 1289 1672 kalendas.

757 1717 908 1782 Explicit.

375 1921 553 1987 Mrmoum
576 1919 611 1987 S.
639 1919 868 1985 Apoculamus
891 1916 961 2004 (Cir
977 1938 1087 2003 supra,
1107 1939 1139 2004 p.
1158 1919 1215 1997 88,
1233 1915 1293 2006 7⁰).

216 2105 241 2157 15
278 2113 299 2164 1.
307 2115 328 2168 Si
337 2130 365 2171 33
376 2119 488 2173 33311313
500 2122 566 2171 3331
576 2130 648 2184 quae
661 2117 795 2185 largiente
806 2117 922 2170 bomino
935 2117 963 2169 in
976 2117 1029 2169 vita
1041 2129 1091 2169 sua
1103 2121 1212 2183 peracta
1225 2121 1385 2182 noscuntur,
1397 2117 1444 2170 illa

254 2219 393 2280 uouoportet
401 2222 493 2270 tacere
502 2229 574 2283 quae
587 2217 688 2270 nostris
697 2216 865 2282 temporibus
874 2228 924 2283 pro
936 2216 995 2282 ipso
1006 2215 1124 2282 propitio
1137 2215 1272 2269 elucidata
1284 2221 1356 2268 3331.
1370 2218 1448 2270 Anno

254 2305 510 2370 bossemannus
520 2315 675 2369 dominicae
688 2324 801 2369 cccccmo
812 2325 872 2369 3131
883 2314 1014 2369 (13133313
1027 2320 1137 2368 sanctae
1150 2315 1351 2368 valentinensis
1364 2316 1450 2370 eccle·

253 2404 426 2483 8113313333,
442 2416 627 2483 ilemegarius,
641 2416 752 2468 natione
763 2418 891 2480 Francus,
900 2415 929 2468 in
939 2415 1035 2468 cadem
1044 2415 1161 2468 ecclesia
1170 2421 1280 2483 rogatur
1290 2414 1444 2483 episcopus.

253 2502 349 2567 1111133
370 2515 398 2567 13
416 2514 587 2581 jamdictam
607 2514 750 2568 ecclesiam
771 2514 921 2579 adveniret,
934 2514 1050 2577 [invenit
1068 2513 1105 2566 ibi
1124 2512 1253 2581 puellam]
1271 2526 1343 2581 quae
1355 2515 1449 2568 multis

215 2600 312 2662 ”itus
320 2617 453 2666 contracta
472 2612 580 2679 jacebat
591 2625 642 2665 nec
662 2612 775 2666 omnino
795 2612 936 2666 ambulare
957 2616 1072 2678 poterat,
1086 2611 1146 2675 [sed
1158 2613 1206 2676 et,]
1219 2613 1379 2666 necessitate
1401 2620 1447 2667 aut

250 2701 408 2770 1131333333
420 2703 600 2777 [incursione]
619 2712 748 2775 instante,
761 2711 881 2777 praefata
894 2711 1015 2775 basilica,
1029 2711 1057 2762 in
1070 2724 1124 2776 qua
1137 2712 1231 2764 beatus
1251 2713 1372 2777 pontifex
1382 2715 1453 2779 jacc-

248 2799 289 2871 hii,
299 2809 373 2875 piena
385 2816 445 2865 erat
458 2811 577 2864 vasculis
590 2809 619 2864 in
639 2811 739 2879 quibus
756 2811 851 2865 vinum
864 2815 945 2876 atque
956 2821 1068 2863 annona
1081 2809 1292 2863 recondebatur.
1306 2811 1450 2865 Eliminata

245 2908 316 2961 131331
334 2909 410 2963 omni
424 2910 554 2976 spurcitia
567 2923 601 2963 ex
614 2923 646 2963 33
658 2923 673 2963 3
688 2909 809 2977 praerato
822 2910 957 2976 praesule,
970 2910 1060 2962 statim
1074 2908 1212 2975 praedicta
1223 2910 1314 2975 puella
1337 2910 1452 2965 laudans

242 3002 411 3063 1333333313
432 3010 568 3062 33131313
588 3009 733 3062 1333133113
755 3009 824 3062 13313
844 3016 885 3062 331
902 3010 978 3076 quasi
992 3023 1142 3076 numquam
1165 3024 1262 3063 renum
1275 3023 1307 3062 ac
1328 3011 1451 3064 crurium

203 3100 354 3186 Maiorem]
368 3109 500 3162 sensisset
511 3109 531 3161 ·.
1508 3116 1594 3171 ‘coci

258 3209 286 3261 2.
299 3209 400 3263 Eodem
414 3222 531 3274 namque
544 3214 666 3275 tempore
678 3209 768 3275 puella
788 3209 934 3277 quaedam,
958 3211 1070 3263 nomine
1091 3211 1291 3279 Ermengardis,
1315 3225 1350 3265 ex
1373 3219 1450 3278 patre
1482 3185 1621 3237 semma·

229 3309 405 3378 llagnaberto,
417 3309 489 3363 male
501 3323 516 3363 3
528 3310 672 3363 daemonio
682 3310 838 3363 vexabatur.
848 3313 920 3362 lianc
930 3311 1072 3363 ecclesiam
1084 3312 1186 3364 intrare
1195 3312 1306 3378 spiritus
1317 3314 1453 3381 malignus

228 3408 382 3463 nullatenus
394 3410 510 3471 sinebat,
523 3408 571 3461 sed
584 3409 668 3462 invita
681 3423 697 3462 a
710 3409 869 3476 parentibus
883 3410 957 3462 intus
969 3410 1064 3474 inlata,
1077 3410 1130 3462 buc
1143 3410 1263 3477 illucque
1277 3411 1311 3464 ab
1324 3413 1382 3477 ipso
1399 3413 1452 3481 agi·

226 3509 341 3574 1313133,
354 3516 383 3563 31
395 3523 545 3576 numquam
557 3510 586 3562 in
598 3509 721 3573 olia[c]tu
734 3509 845 3563 odorem
859 3511 963 3563 incensi
977 3507 1091 3563 sufferre
1106 3514 1224 3577 poterat.
1238 3511 1314 3575 Quod
1333 3517 1364 3566 ut
1384 3525 1456 3583 coms

187 3610 209 3661 u
226 3613 359 3675 pererunt
371 3615 500 3676 parentes
520 3609 589 3675 3133,
612 3610 746 3661 miserunt
766 3622 829 3662 eam
845 3609 879 3661 ad
900 3609 1012 3662 domum
1034 3609 1126 3662 eximii
1142 3610 1307 3664 contessoris
1319 3612 1417 3665 Christi
1430 3617 1457 3666 ct

224 3713 361 3762 voverunt
373 3721 402 3761 se
414 3706 526 3760 daturos
538 3720 573 3760 ex
585 3708 667 3761 rebus
679 3708 735 3760 suis
746 3713 829 3775 atque
842 3720 903 3760 eam
916 3708 983 3760 inibi
995 3709 1168 3774 servituram,
1192 3710 1214 3761 si
1236 3709 1309 3762 illam
1324 3711 1457 3765 bominus

224 3819 274 3873 per
286 3807 472 3860 interventum
483 3807 553 3860 servi
565 3807 637 3860 suia
658 3806 769 3873 proprio
788 3807 882 3860 labore
896 3807 1048 3861 liberasset.
1067 3808 1184 3861 veniens
1211 3814 1301 3861 autem
1313 3809 1348 3862 ad
1361 3811 1457 3876 praeli·

222 3905 316 3958 batam
329 3904 485 3968 ecclesiam,
498 3903 590 3958 clerici
604 3905 655 3958 loci
668 3905 742 3958 illius
754 3907 824 3958 iacta
833 3906 943 3967 1313313,
957 3907 1081 3959 33311333
1095 3912 1214 3972 peracta,
1233 3908 1322 3960 statim
1344 3909 1458 3975 spiritus

223 4005 363 4073 malignus
375 4018 438 4058 cum
451 4005 546 4073 grandi
560 4005 646 4059 131333
657 4011 686 4058 31
698 4006 801 4073 ingenti
814 4007 928 4073 strepitu
941 4008 1076 4073 discessit,
1089 4007 1158 4061 dans
1175 4009 1309 4062 bonorem
1323 4013 1376 4063 1133
1393 4010 1455 4063 vivo

187 4107 206 4160 5
224 4108 253 4159 31
263 4116 341 4170 vero,
353 4104 402 4170 qui
414 4104 465 4156 sibi
479 4104 561 4157 131313
574 4104 655 4170 elegit
667 4104 808 4158 famulum.
819 4107 904 4162 Porro
927 4107 1056 4159 omnibus
1076 4107 1123 4174 qui
1144 4107 1246 4160 ibidem
1266 4109 1380 4162 aderant
1403 4113 1457 4163 1133

222 4204 327 4270 gratias
340 4203 532 4281 referentibus,
546 4203 636 4270 puella
645 4205 701 4269 jam
722 4203 795 4257 dicta
813 4206 941 4270 sospitate
964 4210 1071 4271 recepta
1094 4219 1202 4261 3333333
1223 4213 1263 4260 331
1280 4207 1314 4260 ad
1338 4210 1457 4276 propria.

221 4305 322 4357 Frater
337 4315 456 4368 namque
475 4302 560 4367 ipsius
572 4303 769 4369 iniquissimus,
783 4305 895 4357 nomine
916 4304 1059 4369 llicardus,
1073 4305 1119 4371 qui
1142 4320 1172 4358 se
1193 4313 1301 4360 voverat
1325 4311 1378 4360 1133
1398 4321 1458 4361 333-

219 4410 326 4473 etoque
347 4401 497 4468 Apollinari
517 4400 573 4470 [de]
596 4404 677 4456 rebus
697 4405 816 4469 propriis
838 4406 1014 4468 donaturum,
1028 4406 1175 4470 cupiditate
1194 4406 1323 4475 du[c]tus,
1337 4409 1459 4462 Ananiae

218 4508 250 4557 31
259 4500 394 4567 Sapbirao
406 4501 561 4566 exemplum
575 4502 706 4562 retinens,
721 4515 776 4554 333
789 4501 878 4555 solum
891 4516 968 4555 suam
982 4504 1193 4567 promissionem
1206 4504 1348 4569 fraudavit,
1359 4519 1456 4559 verum

187 4607 198 4658 1
218 4603 310 4657 etiam
322 4605 429 4666 partem
443 4612 508 4652 suae
521 4601 606 4654 sorori
619 4614 653 4654 ex
666 4602 748 4654 rebus
760 4614 775 4653 a
789 4608 864 4667 patre
880 4603 931 4655 sibi
952 4602 1071 4655 dimissis
1091 4603 1205 4656 minime
1223 4604 1308 4671 dedit,
1320 4611 1456 4672 quatenus
