3316 5482
79 1699 167 1754 ‘cod

59 1767 185 1821 intinctu.

227 318 294 386 354
578 334 705 386 carm.
724 334 827 385 cono.
845 334 1018 386 naamam
1039 335 1117 386 aaa.

227 503 324 558 Fiacrii
336 507 408 557 esset
420 502 546 570 habilior,
560 504 613 556 sub
625 502 684 569 ipso
697 514 846 556 concavum
859 506 978 570 praestat
990 502 1090 556 iocum.
1104 505 1299 558 sanctusiaro
1308 502 1466 573 epismpus,

227 601 343 656 audiens
354 602 438 656 rerba
451 601 584 667 mulieris,
602 600 742 656 admirans
760 602 799 655 ait
813 615 820 653 ι
833 600 958 669 Mulier,
974 613 1031 656 nos
1039 600 1177 669 probare
1197 603 1348 658 volumus
1359 606 1466 658 utnon

225 715 301 757 uera
312 715 392 770 quac
403 702 483 758 dicis
496 704 553 756 aut
564 701 681 770 frivola
693 701 767 755 sint.
780 703 895 756 sanctus
916 705 982 755 Faro
1003 704 1150 769 episcopus
1169 702 1298 757 ascendit
1310 716 1427 772 equum
1439 708 1465 757 et

226 815 289 856 cum
301 802 382 856 sociis
393 801 451 854 suis
462 806 490 854 et
499 801 626 854 comitiva
641 801 756 854 accessit
774 800 808 854 ad
834 801 934 855 locum.
957 800 1008 866 Qui
1026 802 1131 855 invenit
1145 802 1240 856 omnia
1256 807 1344 868 prout
1366 802 1465 857 mulier

225 901 406 956 nuntiaverat.
419 899 519 954 Vidcns
529 901 641 954 arbores
654 900 718 954 hinc
730 905 758 954 et
770 900 835 954 inde
846 901 993 967 corruisse,
1002 901 1103 955 fossata
1112 901 1160 954 tati
1179 902 1370 957 instrumento
1384 903 1463 970 iacta,
1477 902 1493 955 i

223 1001 378 1055 cessionem
387 1000 473 1054 sancti
483 1001 532 1052 viri
543 1001 572 1052 in
584 999 685 1067 lapide,
694 999 828 1053 intellexit
840 1000 950 1054 beatum
963 1001 1098 1054 Fiacrium
1111 1001 1257 1055 eremitam
1269 1000 1462 1071 magnificum.

258 1104 289 1156 5.
302 1104 418 1155 Sanctus
430 1101 651 1167 episcopusdixit
662 1100 742 1154 beato
755 1101 860 1155 Fiacrio
874 1122 880 1150 ι
894 1102 1008 1155 water
1020 1101 1137 1169 Fidem,
1150 1102 1463 1170 certoeepertmenu

223 1200 391 1257 didicimus
403 1201 484 1268 quod
496 1202 529 1253 iu
537 1212 600 1254 non
608 1212 640 1253 ec
649 1212 758 1267 manus
768 1213 865 1267 neque
874 1201 1048 1269 nmieficus,
1061 1201 1117 1254 sed
1128 1200 1185 1255 Dei
1192 1213 1316 1271 emus,
1326 1204 1462 1271 etoperc

223 1303 279 1355 tua
291 1302 366 1354 sunt
377 1300 503 1354 divinae
509 1299 684 1366 potestatis.
698 1300 846 1354 dandum
857 1303 889 1354 et
909 1299 1113 1355 hereditatem
1125 1300 1221 1356 istius
1233 1301 1377 1357 nemoris
1389 1313 1463 1357 mm

221 1398 420 1468 pertinentiis
433 1397 490 1451 tior·
500 1400 530 1452 et
540 1396 769 1452 successoribus
782 1398 845 1452 tuis
858 1398 1090 1466 inperpetuum
1106 1399 1306 1454 concedimus
1324 1400 1370 1454 ad
1382 1399 1462 1453 diui·
1478 1401 1506 1453 to

221 1511 299 1553 num
310 1497 445 1566 officium
455 1495 638 1566 faciendum
656 1499 689 1551 et
706 1497 775 1551 ntia
786 1510 882 1565 opera
902 1499 1059 1552 caritati&
1075 1499 1139 1553 Ora
1153 1511 1215 1566 pro
1227 1497 1462 1554 metusmetus

222 1599 342 1653 nicenus
354 1600 434 1653 beato
455 1598 581 1665 episcopo
601 1596 691 1650 dixit:
714 1597 811 1651 Pater
832 1598 1009 1666 reverende,
1031 1600 1114 1653 Mus
1134 1598 1295 1653 retribuat
1313 1597 1402 1653 vodis
1425 1611 1464 1653 ea

224 1711 304 1767 quae
322 1696 430 1767 fucitis
449 1696 619 1753 instinctu·
626 1696 769 1764 pietatis.
782 1699 896 1751 Sanctus
917 1699 1039 1752 Fiacrius
1059 1712 1094 1753 ex
1115 1703 1182 1752 tune
1194 1705 1220 1753 et
1237 1697 1374 1766 quamdiu
1395 1698 1463 1752 vixit

224 1798 364 1853 familiaris
375 1802 403 1851 et
420 1796 613 1864 praecordialis
623 1797 674 1850 init
685 1804 779 1851 sancto
790 1798 917 1864 episcopo
930 1799 1039 1864 turoni,
1050 1804 1077 1852 et
1088 1797 1178 1852 dictus
1189 1803 1302 1852 sanctus
1314 1799 1463 1865 episcopus

219 1898 340 1953 eundem
351 1903 490 1963 tamquam
501 1897 620 1950 amicum
641 1897 688 1950 Dei
710 1901 737 1951 et
757 1898 899 1952 eremitam
912 1895 1088 1965 magnificum
1107 1898 1251 1964 reputavit.
1264 1899 1385 1952 sanctus
1406 1898 1462 1965 epi·
1478 1900 1507 1951 ii

218 2010 316 2063 scopus
328 1999 395 2050 Faro
409 1995 532 2063 recessit,
543 1993 713 2048 benedicens
725 1998 822 2060 Deum,
833 1996 880 2062 qui
894 1994 970 2049 dedit
982 1996 1064 2050 talem
1076 2001 1239 2062 potestatem
1252 1996 1427 2051 hominibus.

250 2097 282 2149 6.
294 2097 409 2149 Sanctus
422 2095 542 2148 iiacrius
562 2093 647 2161 signis
667 2098 694 2146 et
714 2094 861 2147 virtutibus
881 2095 910 2147 in
932 2095 1030 2149 eodem
1048 2096 1108 2150 ioco
1125 2095 1239 2161 ciaruit;
1254 2095 1461 2149 monasterium

216 2194 379 2263 construxit,
394 2193 536 2261 religiosos
548 2192 675 2259 instituit,
689 2193 824 2259 hospitale
837 2192 990 2247 aedificavit
1002 2195 1037 2247 ad
1051 2193 1209 2248 iaciendum
1226 2206 1313 2261 opera
1324 2195 1458 2249 cantans

216 2295 298 2362 Lapis
316 2306 434 2361 namque
452 2292 585 2347 cessionis
605 2293 676 2346 beati
690 2292 785 2346 iiacrii
798 2292 827 2345 in
840 2292 911 2346 dicto
929 2293 1097 2348 monasterio
1116 2294 1280 2347 observatur
1291 2298 1321 2347 et
1332 2293 1458 2348 ostendi·

217 2400 271 2448 tur.
286 2394 329 2448 sic
341 2393 369 2445 in
380 2392 461 2447 bonis
474 2392 604 2460 operibns
615 2405 727 2446 cursum
738 2392 809 2445 vitae
831 2405 897 2446 suae
920 2393 1085 2446 terminavit.
1099 2394 1209 2447 vocavit
1220 2392 1304 2462 igitur
1315 2393 1419 2449 immeo
1430 2399 1458 2448 et
1471 2393 1502 2447 9]

217 2491 308 2545 dixit:
325 2490 521 2558 omnipotens
542 2491 692 2545 Dominus
713 2504 763 2545 mc
783 2494 872 2546 vocat
883 2492 927 2546 ad
938 2491 1114 2546 convivium
1125 2494 1456 2560 epumrumcuarum.

222 2590 352 2646 Gratius
364 2603 424 2658 apo
445 2590 648 2657 omnipotenti
667 2591 737 2658 Deo,
751 2591 807 2658 qui
827 2605 877 2646 me
896 2591 1264 2659 dianaticsestadsuam
1275 2592 1457 2648 munebor-

85 2697 95 2718 ·
130 2695 163 2751 ·,
222 2689 310 2745 dium
320 2692 351 2744 et
363 2689 640 2757 incomparabilem
650 2690 786 2758 piormm
799 2691 944 2747 invocare
952 2693 972 2744 ⁶.
985 2693 1092 2746 Fratres
1104 2692 1147 2745 sui
1156 2691 1257 2745 turbati
1267 2697 1346 2757 sunt,
1359 2691 1461 2747 dentes

222 2792 249 2842 et
260 2788 383 2843 dicentes
397 2805 404 2842 :
416 2790 462 2844 Ne
474 2803 537 2857 noc,
543 2792 647 2857 pater,
659 2791 818 2856 tamquam
833 2791 991 2858 orphanos
1008 2790 1086 2845 oetr'a
1099 2791 1256 2845 dimittere
1263 2808 1273 2859 ,·
1285 2792 1366 2859 quia
1376 2791 1461 2847 berte

221 2885 406 2942 decimaret
418 2886 577 2943 bertedicta
589 2889 664 2941 sunt
683 2900 777 2955 opera
797 2891 860 2941 tua.
883 2892 980 2942 Beatus
1001 2890 1121 2943 Fiacrius
1147 2889 1308 2956 respondit:
1322 2889 1397 2944 Non
1407 2902 1461 2944 voc
1474 2887 1504 2940 fl

220 2985 400 3053 relinquam
411 2985 567 3054 orphanos
577 3000 586 3051 ,·
598 2985 674 3054 quia
686 2998 800 3054 corpus
812 3000 915 3041 rneum
927 2986 1085 3042 nudabitis.
1099 2988 1214 3042 Pacem
1233 2987 1364 3042 Domini
1375 2988 1460 3042 inter

221 3097 274 3139 vos
292 3084 442 3141 habeatis.
455 3087 502 3139 iiis
514 3087 602 3152 dictis,
624 3086 694 3139 dixit
708 3103 715 3139 ε
736 3087 775 3140 In
787 3101 899 3142 marius
912 3090 992 3156 tuat,
1011 3088 1148 3157 Domine,
1161 3087 1343 3143 commendo
1362 3088 1457 3156 spiri-

223 3186 289 3239 tum
301 3198 414 3238 meum.
428 3186 471 3238 Sic
484 3186 638 3251 exspiravit.
659 3187 882 3260 ingeii‘domini
904 3187 1024 3239 animam
1045 3186 1180 3253 recipiunt
1199 3186 1411 3254 congaudentes
1431 3192 1459 3242 et

222 3290 466 3352 praesentaverunt
487 3291 549 3338 ante
571 3286 693 3339 tribunal
713 3287 822 3339 Christi.
836 3291 939 3340 Tantus
959 3287 1027 3340 odor
1048 3287 1188 3340 suavitatis
1205 3288 1235 3340 in
1247 3287 1309 3342 ioco
1322 3288 1459 3343 remansit

223 3384 333 3453 quando
346 3385 391 3438 ilia
405 3386 524 3451 pretiosa
544 3386 635 3438 anima
654 3398 754 3452 corpus
775 3385 894 3452 reliquit,
917 3386 990 3453 quod
1011 3386 1104 3439 nulius
1123 3390 1216 3453 posset
1236 3388 1377 3454 explicare
1398 3402 1457 3441 ser·
1474 3386 1502 3439 iit

222 3497 314 3539 mone.
328 3484 422 3551 ingeli
435 3484 619 3552 congaudent,
632 3486 724 3537 anima
738 3491 895 3552 coronatur,
909 3485 1007 3538 iratres
1025 3486 1177 3553 tristantur,
1191 3498 1292 3552 corpus
1304 3486 1460 3541 honorifice

224 3584 391 3637 inhumatur.
404 3583 443 3635 rid
453 3585 530 3649 cujus
543 3597 650 3637 sacmm
672 3585 808 3638 tumulum
832 3585 853 3636 si
867 3585 929 3651 quis
941 3584 1039 3638 devote
1051 3584 1206 3652 accesurit,
1220 3585 1315 3651 petitio
1330 3600 1383 3640 sua
1394 3599 1460 3641 con·

188 3661 192 3667 ’
222 3683 348 3749 sequitur
360 3681 497 3751 effectum,
512 3689 667 3750 praestante
681 3684 795 3737 Domino
808 3689 903 3738 nostro
914 3687 980 3737 iesu
992 3685 1108 3750 christo,
1122 3684 1166 3737 cui
1178 3688 1220 3738 est
1232 3684 1321 3739 honor
1332 3691 1362 3739 et
1373 3688 1460 3755 gioria

222 3781 251 3834 in
264 3782 372 3836 saecula
384 3784 566 3837 saeculorum.
578 3784 674 3838 tmen.

700 3951 977 3968 ——v

688 3974 986 3998 —

406 4190 614 4284 GGGXLII.
633 4192 759 4282 (iodea
789 4191 980 4304 signatus
1010 4192 1272 4284 numidii.

256 4409 325 4464 Olim
337 4408 495 4476 Bigotianus
508 4410 565 4476 iii,
579 4406 679 4461 deinde
692 4407 792 4475 Regius
804 4410 832 4460 C.
845 4408 921 4460 iiiii.
933 4411 959 4460 3.

256 4509 393 4563 Foliorum
408 4510 464 4573 tao,
479 4509 546 4560 min.
559 4510 613 4575 (οῦ,
624 4509 657 4560 25
672 4516 697 4565 ><
713 4509 739 4574 0,
754 4509 820 4573 iiiii),
834 4507 915 4559 lineis
928 4506 1027 4573 plenis,
1041 4507 1323 4559 exaratussaeo.ii11.

321 4609 359 4684 1⁰
376 4608 462 4686 Vita
475 4608 597 4687 sancti
619 4606 823 4685 Cuthherti
843 4604 1019 4707 episcopi
1037 4603 1114 4706 (iol.
1138 4604 1277 4705 iiiii).

253 4742 368 4798 Auctore
379 4741 461 4810 Beda,
475 4741 519 4797 ed.
533 4743 599 4799 Act.
613 4741 672 4809 δᾶ,
687 4740 721 4794 ad
733 4741 761 4796 d.
775 4739 1047 4806 aonam.,t0m.1tt,
1066 4752 1093 4803 p.
1105 4737 1211 4792 titio.
1223 4738 1387 4804 Sequuntur
1397 4738 1463 4803 (tol-
