3316 5482
215 308 279 377 152
392 376 397 391 ,
560 319 684 372 carlo.
704 318 1002 373 conn.11aoroon.
1021 318 1105 372 aar.

213 509 278 559 una,
288 494 411 549 Biiletum
423 491 555 558 secunda,
565 490 726 546 cubitorum
735 488 798 543 villa
809 491 898 557 tertia,
905 490 1042 545 biseiacus
1051 495 1159 559 quarta,
1168 492 1332 546 cameracus
1342 493 1428 561 quint

214 601 290 651 sexta
303 591 621 649 ctultimablonslltaldi.
635 593 688 644 llas
697 588 875 644 'theodardus
886 591 928 642 vir
940 590 1138 657 nobilissimus,
1152 597 1281 659 suscepto
1291 595 1428 648 monacha

215 696 320 760 habitu,
345 692 463 748 accrevit
483 691 587 745 dehac
607 691 773 758 quaejuxta
794 690 884 743 locum
905 690 956 743 sita
977 695 1028 757 est,
1050 692 1129 758 cujus
1146 691 1309 746 vocabulum
1332 694 1428 748 solani

211 795 396 863 dicitur,cu1n
416 792 540 861 ejusdem
553 796 642 845 terrae
656 790 846 844 mansionibus
857 790 989 859 quinque.
1004 790 1174 844 childericus
1190 804 1311 860 quoquc,
1332 807 1429 861 praep«

211 903 272 950 tcns
290 909 321 950 ae
333 893 493 963 magnificus
511 892 603 955 homo,
616 889 692 944 dedit
704 895 799 944 sancto
820 890 930 944 Eusicio
951 897 1051 944 terram
1065 904 1128 945 cnm
1148 891 1255 945 duabus
1267 892 1370 945 villulis
1393 908 1427 947 su

210 997 289 1056 titulo
301 995 463 1060 turonensi,
476 1006 593 1061 quarum
606 1005 689 1045 unam
701 990 871 1056 diusculum,
883 990 996 1045 alteram
1009 993 1159 1059 hagionem
1171 992 1321 1060 appellant.

245 1097 300 1151 37.
319 1095 365 1149 llis
377 1094 506 1148 omnibus
527 1090 645 1158 praediis
660 1095 687 1144 et
700 1089 929 1158 possessionibus,
951 1094 981 1143 ut
999 1090 1195 1158 praediximus,
1206 1093 1335 1158 potestati
1358 1105 1428 1146 sanc

212 1198 310 1255 Eusicii
323 1195 413 1250 aviris
423 1192 550 1247 tidelibus
564 1191 711 1255 attributis,
728 1188 802 1242 idem
816 1195 926 1243 sanetus
942 1189 1039 1256 iiiiiieim
1053 1194 1146 1256 postea
1158 1191 1225 1244 vixit
1242 1192 1333 1254 annis,
1347 1205 1429 1260 corpu

212 1315 292 1354 snum
304 1298 438 1367 castigans
450 1293 518 1350 etin
530 1294 687 1348 servitutem
699 1293 837 1373 redigens,
848 1292 962 1359 jejuniis
981 1296 1007 1346 et
1018 1292 1117 1359 vigiliis
1129 1292 1222 1345 multis
1234 1300 1262 1347 et
1273 1294 1429 1348 orationibu

211 1414 311 1456 vacans
322 1397 448 1453 assiduis.
470 1398 583 1448 hemum
596 1407 659 1446 cum
681 1392 783 1445 viribus
795 1392 918 1459 corporis
930 1405 960 1445 sc
980 1393 1095 1444 sentiret
1106 1392 1272 1447 omnimodis
1284 1392 1429 1447 destitutor

212 1506 238 1555 et
250 1498 322 1554 oculi
334 1499 395 1565 ejus
407 1494 524 1562 caligare
536 1493 700 1559 coepissent,
713 1490 809 1544 ridens
829 1489 902 1558 quod
916 1491 1056 1558 regiminis
1077 1504 1147 1545 onus
1156 1492 1211 1558 jam
1233 1492 1370 1547 sustinere
1389 1507 1426 1547 no

213 1605 312 1670 posset,
326 1594 523 1654 convocatisad
537 1608 565 1648 se
577 1593 713 1648 univorsis
725 1592 863 1659 iratribus,
876 1593 1012 1647 allocutus
1023 1598 1064 1646 cst
1074 1607 1120 1647 cos
1133 1593 1283 1660 depascet
1296 1595 1429 1649 concordi

212 1702 284 1754 inter
296 1714 326 1754 se
338 1695 463 1752 habenda
476 1696 549 1749 etde
561 1694 659 1748 ceteris
671 1708 742 1761 quae
763 1693 797 1746 ad
810 1694 964 1746 animarum
977 1707 1089 1747 suarum
1102 1694 1216 1747 salntem
1235 1695 1365 1761 expedire
1378 1696 1430 1750 scie

212 1803 267 1854 bat.
282 1799 367 1853 Finita
380 1809 444 1850 vero
462 1793 651 1848 exhortatione
670 1806 728 1860 sua,
742 1793 879 1846 osculatus
891 1798 931 1844 cst
941 1792 1071 1860 singulos,
1085 1798 1112 1846 et
1132 1793 1300 1847 benedicens
1320 1808 1370 1848 eos
1383 1795 1423 1849 ait

209 1901 293 1967 Eece,
302 1897 432 1966 fratres,
443 1906 572 1950 cursum
583 1905 683 1946 meum
693 1891 918 1959 consummavi,
927 1892 1029 1946 etoties
1038 1894 1240 1948 resolutionis
1249 1906 1337 1948 eneae
1343 1906 1429 1963 prop

210 2002 265 2054 est.
276 1999 365 2052 Nunc
373 2007 455 2062 erpo,
466 1994 542 2046 ditm
551 1990 654 2047 adbuc
663 2004 840 2059 supersum,
852 1990 958 2058 stipite
968 1992 1106 2060 aliquem
1119 1992 1296 2047 cueobiaad
1304 1994 1430 2061 repimet

211 2097 308 2153 vestri
320 2097 474 2157 idoneum,
484 2105 523 2146 ue
534 2093 629 2159 lupus
639 2104 745 2159 rapere
753 2090 934 2158 disparuere
944 2092 1050 2145 valeat
1058 2104 1182 2160 prepem
1192 2105 1282 2160 quem
1291 2093 1428 2148 Dominu

212 2200 302 2254 Iesus
317 2195 457 2252 cbristus
465 2191 522 2246 sub
531 2194 641 2245 nostra
653 2203 732 2245 curo
743 2191 899 2257 inteprum
911 2190 1088 2246 custodivit.
1103 2192 1141 2244 hd
1155 2192 1225 2246 hanc
1236 2204 1333 2246 vocem
1347 2193 1430 2247 tratre

214 2300 268 2352 huc
280 2295 345 2349 illuc
357 2293 483 2362 prostrati
500 2290 643 2357 cadebant,
658 2290 767 2344 ttetibus
779 2296 805 2343 et
825 2303 887 2344 cum
908 2291 1035 2357 suspiriis
1057 2291 1237 2358 deprecantes
1255 2297 1287 2345 ut
1306 2306 1382 2362 oves,
1396 2307 1429 2360 pr

213 2397 313 2466 quibus
326 2401 364 2450 tot
375 2393 532 2463 vigilaverat
542 2395 635 2445 noctes
648 2394 740 2458 totquc
753 2390 860 2444 labores
872 2391 1048 2457 sustinuerat,
1060 2392 1119 2444 sine
1131 2397 1240 2458 pastore
1253 2404 1310 2446 non
1321 2392 1431 2448 deserat

212 2497 262 2551 sed
275 2497 331 2563 ipse
344 2493 429 2562 magis
441 2490 582 2559 provideat
594 2491 637 2544 cui
649 2493 704 2544 beo
718 2489 868 2543 auxiliante
879 2503 988 2559 gregem
1002 2504 1082 2544 sunm
1100 2492 1260 2544 committat.
1280 2495 1358 2547 Tune
1379 2507 1430 2548 san

212 2601 272 2648 ctus
285 2593 381 2647 indixit
394 2589 522 2644 tratribus
534 2588 693 2643 triduanum
707 2589 853 2655 jejunium,
867 2601 985 2642 monens
997 2601 1044 2642 eos
1056 2595 1084 2641 ut
1095 2588 1265 2642 orationibus
1285 2590 1431 2645 insisteren

210 2696 373 2762 hominique
385 2689 598 2746 misericordiam
612 2693 767 2754 exorarent,
780 2689 910 2756 quatinus
922 2687 1053 2742 idoneum
1066 2689 1144 2742 daret
1156 2689 1195 2742 eis
1210 2694 1357 2756 pastorem.
1372 2694 1431 2746 lnte

212 2798 264 2849 rim
277 2800 404 2850 ostensus
416 2796 456 2846 est
468 2791 508 2846 eis
521 2791 550 2844 in
563 2791 668 2843 visione
689 2803 760 2843 unus
772 2801 877 2855 eorum,
892 2789 939 2857 qui
953 2789 1095 2842 dicebatur
1103 2789 1271 2843 Leonardus.
1290 2792 1428 2845 Convocat

213 2897 303 2964 itaque
315 2894 390 2947 omni
403 2898 482 2946 coetu
496 2891 693 2943 monachorum
715 2894 778 2943 ante
791 2894 897 2956 patrem
910 2894 1044 2954 sanctum,
1056 2894 1151 2955 petunt
1162 2903 1259 2943 ornnes
1276 2890 1327 2943 sibi
1340 2891 1401 2945 dari
1415 2892 1431 2945 ir

212 2999 348 3062 pastorem
362 2994 471 3046 tratrem
484 2990 666 3045 leonardum.
680 2993 717 3044 lte
729 3002 784 3057 quo
795 2990 943 3057 plurimum
957 2990 1080 3057 gaudens
1093 2990 1133 3042 vir
1152 2996 1273 3056 sanctus,
1285 2990 1360 3058 quod
1379 3004 1431 3045 una

213 3094 366 3149 nimiterab
376 3092 505 3147 omnibus
514 3096 665 3157 peteretur,
678 3089 858 3142 libentissime
868 3091 1013 3152 concessit,
1023 3090 1103 3156 eique
1113 3091 1237 3157 quamvis
1247 3090 1331 3143 invito
1341 3090 1431 3159 virpan

212 3195 376 3262 pastoralem
398 3191 518 3246 tradidit.
539 3193 685 3257 assumpto
706 3204 770 3244 vero
792 3190 925 3259 regimine
947 3189 1019 3243 idem
1039 3192 1083 3242 bei
1105 3204 1199 3243 servus
1221 3189 1389 3256 leonardus
1417 3191 1432 3243 b

211 3294 340 3348 omnibus
349 3293 417 3359 suis,
427 3291 516 3360 quoad
526 3292 600 3356 vixit,
611 3290 776 3344 venerabilis
787 3291 919 3357 patrissui
930 3291 1017 3344 sancti
1028 3290 1128 3342 Eusicii
1138 3290 1256 3343 imitator
1268 3289 1372 3343 studuit
1384 3303 1432 3344 ess

210 3394 358 3463 perfectus.

245 3492 300 3546 38.
318 3490 481 3544 imminente
502 3487 586 3556 igitur
598 3488 641 3543 die
663 3489 837 3543 dormitionis
850 3488 936 3541 sancti
958 3489 1043 3555 patris
1056 3488 1167 3554 basisti,
1190 3489 1346 3542 convocatis
1366 3487 1432 3542 ads

211 3594 340 3648 iratribus
353 3596 428 3658 rogat
446 3604 475 3643 se
488 3590 522 3643 ab
535 3590 575 3643 eis
597 3590 624 3641 in
638 3589 786 3643 oratorium
808 3589 920 3642 dcicrri.
936 3591 1013 3642 Facta
1034 3594 1125 3641 autem
1139 3589 1176 3641 ibi
1199 3589 1323 3642 oratione
1345 3602 1395 3642 sua
1407 3601 1432 3641 at

211 3692 366 3754 bominum,
378 3691 478 3759 rogavit
490 3695 519 3743 ut
528 3689 562 3742 ad
575 3689 702 3743 cellulam
716 3689 743 3741 in
754 3703 807 3756 qua
820 3690 961 3756 quiescere
971 3689 1075 3742 solebat
1088 3703 1151 3742 oum
1165 3690 1310 3756 referrent,
1320 3696 1347 3743 et
1360 3702 1432 3756 supe:

211 3792 298 3846 solum
312 3789 416 3844 nudum
436 3790 529 3843 cinere
542 3790 694 3855 superjecto
712 3789 749 3842 ibi
762 3802 825 3842 cuni
838 3788 1010 3842 reclinarent.
1026 3788 1169 3842 affuerunt
1189 3794 1280 3842 autern
1299 3802 1334 3843 ex
1346 3790 1432 3842 vicini

212 3892 278 3944 locis
288 3889 396 3957 plurimi
410 3889 540 3955 abbates;
554 3888 608 3942 duo
621 3889 701 3941 etiarn
714 3889 844 3956 episcopi,
858 3901 914 3942 rem
934 3889 1099 3955 ignorantes,
1113 3888 1149 3941 ibi
1163 3894 1359 3942 convenerunt.
1374 3888 1432 3941 Cun

209 3994 300 4044 autem
313 3990 407 4042 horam
426 4002 491 4042 suae
512 3989 675 4056 egressionis
688 3993 764 4054 pater
785 3994 895 4040 sanctus
916 3988 1012 4041 adesse
1044 3989 1167 4048 sentiret,
1187 3987 1281 4041 levatis
1303 3988 1390 4041 oculis
1412 4001 1433 4040 a·

211 4089 339 4142 manibus
351 4102 459 4141 sursum
478 4088 513 4141 ad
535 4089 688 4151 bominum,
712 4089 798 4143 oravit
810 4088 905 4140 (licens
925 4103 931 4140 :
946 4087 1074 4141 Domine
1090 4088 1196 4153 Peter,
1205 4087 1282 4153 jube
1299 4087 1432 4140 aesimon

210 4202 311 4242 meam
324 4189 424 4256 recipi
436 4188 469 4241 iu
477 4201 566 4256 paee.
581 4191 612 4241 ut
624 4203 686 4242 curn
696 4191 748 4243 hoc
760 4188 882 4255 elisisset,
895 4188 1059 4241 obdormivit
1071 4188 1099 4240 in
1111 4189 1236 4242 homino.
1250 4190 1360 4241 Postera
1378 4201 1433 4241 vert

211 4286 265 4354 die,
279 4293 402 4354 quaeest
424 4297 453 4341 ιο
472 4288 601 4341 kalendas
620 4288 783 4355 decembris,
804 4289 901 4341 tratres
922 4301 1020 4354 corpus
1043 4287 1114 4339 beati
1136 4288 1186 4339 viri
1209 4287 1433 4354 incrp·pta‚(1uat

211 4399 383 4455 nunciisque
397 4393 497 4453 manet,
510 4401 572 4440 euni
585 4389 693 4457 hymnis
707 4394 732 4441 et
745 4388 871 4444 laudibus
884 4388 1094 4441 collocaverunt.
