3316 5482
443 390 539 439 nran.
557 387 640 438 rtur.
661 385 779 436 enare.
798 405 844 414 -
860 383 1014 434 nerana.
1035 379 1179 430 110001).
1199 378 1274 427 saer.
1410 361 1473 426 351

237 564 309 616 illoc
319 562 483 614 adventasse
496 573 558 613 cum
576 563 734 611 sanctorum
748 557 919 623 corporibus,
934 553 1040 607 horruit
1058 552 1134 618 quasi
1153 551 1245 615 facies,
1259 554 1287 602 et
1299 549 1381 601 minis
1393 547 1477 601 auda·

238 661 321 715 cibus
341 665 476 727 utquam
497 659 577 712 citius
599 671 614 711 a
640 657 728 723 patria
749 654 910 708 recederent
930 651 1059 719 propulit.
1081 652 1163 715 Cujus
1189 649 1278 701 minas
1302 660 1476 714 nequaquam

239 763 411 824 metuentes,
425 756 473 811 sed
495 757 586 823 potius
607 756 636 807 in
658 754 765 808 bomini
786 752 903 806 ddentes
924 750 1078 815 clementia,
1092 748 1125 802 ad
1139 761 1230 815 regem
1252 747 1354 815 legatos
1367 747 1479 799 mittunt

239 858 440 926 supplicantes,
452 857 500 923 qui
512 856 564 909 sibi
585 855 679 908 sedem
692 859 827 920 peterent,
842 853 871 904 in
883 865 937 918 qua
949 852 1062 916 possent
1078 848 1216 902 dominico
1228 847 1303 914 gregi
1322 852 1387 899 tunc
1404 859 1477 899 erra·

195 963 221 1015 5
240 958 341 1012 bundo
360 960 521 1009 constmcre
540 955 636 1008 aedem
658 964 817 1020 congruam.
831 954 935 1004 ilerum
955 954 1016 1002 vota
1035 961 1082 1001 rex
1104 947 1256 1000 obstinatos
1274 959 1416 1013 spernens,
1430 958 1477 999 ne·

240 1058 320 1126 gavit
331 1056 435 1110 donum
448 1061 476 1107 et
486 1054 576 1106 minas
598 1053 682 1106 auxit.
697 1051 748 1104 Sed
773 1051 865 1118 regina
885 1048 1060 1112 venerabilis,
1073 1059 1157 1112 super
1174 1047 1272 1099 borum
1295 1049 1367 1099 mota
1389 1044 1477 1112 preci-

242 1159 312 1223 bus,
325 1154 396 1223 regis
408 1153 561 1206 advolvitur
578 1152 703 1219 pedibus,
717 1163 800 1204 orans
821 1161 870 1215 pro
888 1148 989 1201 sanctis
1010 1145 1248 1210 iratribus'llujus
1268 1144 1363 1197 itidem
1385 1157 1480 1210 preces

241 1270 298 1310 rex
311 1256 433 1322 ingratus
453 1263 598 1318 respuens,
611 1251 717 1316 alapam
729 1248 806 1302 dedit
819 1249 847 1300 in
861 1247 967 1301 taciem.
980 1246 1033 1299 Sed
1046 1260 1108 1300 mon
1129 1247 1176 1299 liei
1194 1246 1298 1313 judicio
1320 1257 1478 1311 percussus,

241 1329 410 1407 indecenter
419 1349 551 1418 paralysis
570 1348 745 1402 incommodo
763 1347 898 1410 atteritur,
911 1351 1039 1411 terretur,
1052 1345 1190 1412 fatigatur,
1203 1344 1326 1398 omniurn
1345 1343 1478 1397 membro·

187 1457 222 1509 [0
243 1467 312 1507 rum
333 1451 421 1506 otllcio
439 1450 605 1504 destituitur.
619 1449 732 1500 Ducitur
751 1460 839 1513 usque
859 1445 894 1498 ad
913 1447 1056 1499 beatorum
1077 1457 1193 1511 corpora
1213 1450 1364 1510 martyrum
1377 1445 1480 1511 campis

242 1552 404 1621 patentibus
416 1549 554 1617 exposita3
568 1550 774 1615 subsequuntur
786 1560 913 1614 proceres
925 1547 1017 1599 curiae
1029 1560 1091 1599 cum
1104 1546 1208 1614 ingenti
1221 1546 1295 1599 luctu
1306 1551 1333 1599 et
1343 1558 1477 1600 maerore.

241 1651 299 1716 Qui
310 1663 372 1702 cum
383 1651 485 1715 jaceret
497 1647 630 1701 exanimis
643 1653 708 1699 ante
720 1648 876 1698 sanctorum
890 1645 1013 1697 lecticam
1026 1644 1154 1712 ligneam,
1168 1644 1256 1710 coepit
1272 1657 1384 1697 manare
1402 1643 1479 1711 quasi

241 1752 385 1803 humanus
396 1747 480 1801 sudor
491 1761 524 1800 ex
536 1760 579 1812 ea,
593 1751 750 1799 monstrans
761 1745 829 1797 iram
843 1749 870 1797 et
882 1744 1097 1811 indignationem
1110 1756 1192 1809 super
1204 1745 1401 1797 monachorum
1413 1757 1478 1798 con-

242 1852 363 1913 temptu.
377 1847 417 1899 lbi
431 1859 492 1898 cum
506 1846 596 1898 triduo
609 1845 756 1907 laboraret,
771 1847 798 1896 et
809 1842 917 1896 devotio
930 1855 1074 1908 procerum
1097 1844 1125 1895 in
1139 1844 1190 1896 boc
1202 1844 1308 1896 bomini
1322 1844 1480 1909 imploraret

187 1951 222 2003 15
244 1945 435 2012 clementiam,
449 1956 512 1997 mox
532 1942 741 1998 consolidantur
761 1942 850 1995 soluta
863 1954 1011 1994 nervorum
1030 1942 1140 1995 vincula
1163 1947 1190 1995 et
1202 1955 1333 2011 compago
1346 1942 1481 1997 membro·

243 2060 313 2100 rum
324 2047 428 2112 recepit
439 2046 559 2113 vigorem
571 2046 580 2066 '
592 2045 748 2111 pristinum.
761 2045 819 2107 Quo
836 2043 894 2096 viso
912 2041 1054 2109 miraculo,
1068 2055 1164 2096 omnes
1177 2043 1300 2096 tulerunt
1319 2043 1354 2096 ad
1367 2044 1478 2098 aethera
1531 2035 1622 2115 joed.

243 2158 340 2211 voces,
353 2146 408 2197 beo
420 2145 519 2211 gratias
532 2141 691 2196 reddentes.
1516 2116 1642 2173 'wem'

282 2243 316 2295 3.
331 2242 457 2296 Protinus
470 2242 547 2294 illum
560 2242 650 2295 locum
664 2255 713 2294 rex
725 2241 839 2295 llarolus
850 2241 1000 2308 assignavit
1016 2242 1131 2294 bomine
1142 2259 1149 2308 ;
1162 2255 1245 2308 quem
1262 2243 1388 2308 plurimis
1405 2256 1483 2311 prae·

244 2343 359 2396 diorum
379 2341 530 2396 redditibus
550 2341 645 2394 ditarit
663 2347 690 2393 et
712 2354 858 2394 munerum
880 2340 1070 2408 largitionibus
1088 2341 1236 2409 ampliavit,
1250 2343 1384 2396 terminos
1401 2342 1483 2396 etiam

187 2446 219 2499 tt)
243 2441 303 2496 loci
315 2441 398 2506 illius,
411 2445 491 2507 prout
502 2442 628 2493 voluntas
644 2440 844 2493 venerabilium
863 2439 978 2492 fratrum
996 2444 1064 2506 erat,
1078 2439 1174 2494 devote
1192 2441 1317 2494 contulit.
1331 2443 1401 2510 Ergo
1418 2455 1480 2495 cum

247 2553 361 2594 summa
372 2539 506 2593 industria
515 2543 543 2593 et
554 2539 658 2592 sollerti
671 2540 762 2592 studio
773 2537 934 2592 aedificatur
946 2539 1062 2592 ecclesia
1073 2540 1101 2591 10
1112 2540 1183 2593 beati
1193 2540 1353 2608 leodegarii
1364 2542 1483 2609 bonore3

247 2651 324 2706 quae
336 2639 478 2705 bucusque
490 2651 505 2690 a
517 2636 644 2690 fidelibus
664 2637 764 2689 colitur
782 2641 810 2689 et
821 2641 979 2690 veneratur.
992 2637 1053 2700 [lllo
1075 2637 1231 2691 confluebat
1248 2639 1394 2692 multitudo
1407 2639 1485 2693 nobi·

246 2739 321 2791 lium
339 2738 465 2803 maxima,
480 2737 630 2803 praesentis
648 2737 749 2789 saeculi
762 2737 987 2789 oblectamentis·
1000 2741 1028 2789 et
1036 2736 1238 2791 mundanarum
1252 2739 1358 2804 pompis
1374 2740 1485 2792 faculta·
1528 2730 1583 2773 '⁸¹‘
1620 2729 1643 2773 ’ὃ

1535 2788 1593 2832 spre
1627 2812 1633 2823 .

247 2843 312 2891 tum
323 2836 355 2904 ·.]
369 2837 490 2903 lienique
502 2842 644 2903 postquam
654 2836 767 2888 Francia
776 2836 904 2903 quieuita
914 2836 1080 2889 tumultuum
1093 2836 1254 2903 fragoribus,
1267 2836 1360 2904 plures
1374 2840 1484 2905 apatria
1498 2829 1657 2921 'affirm

187 2942 225 2995 25
249 2937 349 2991 exules
361 2937 483 2989 nativum
495 2941 629 3002 expetunt
638 2935 735 3000 solum,
741 2934 891 3003 gaudentes
904 2936 1023 2988 invisere
1036 2936 1140 2988 natales
1153 2949 1216 2989 suos
1229 2941 1256 2989 et
1268 2942 1379 3002 penates
1390 2952 1485 3005 super·
1497 2928 1651 3021 woffo

250 3036 341 3088 stites.
354 3035 430 3100 Quod
442 3039 473 3087 ut
483 3035 679 3088 aduerterunt·
693 3035 819 3087 monachi
832 3035 1013 3101 pictavenses,
1026 3034 1073 3101 qui
1092 3035 1127 3088 ob
1146 3040 1248 3088 metum
1265 3037 1409 3104 gentilium
1426 3051 1484 3092 cor·
1498 3027 1655 3130 111116ῑέ6111

252 3148 322 3202 pora
333 3140 488 3188 sanctorum
501 3133 661 3187 detulerunt
672 3136 834 3199 Arvernum,
848 3134 956 3186 censuit
975 3135 1110 3200 quaedam
1132 3148 1195 3201 pars
1216 3136 1314 3188 reverti
1340 3138 1374 3190 ad
1393 3139 1482 3192 natale
1496 3091 1634 3199 10101ἶο01

250 3236 345 3288 solum
357 3248 419 3287 cum
431 3246 547 3300 corpore
565 3234 636 3286 beati
658 3234 802 3298 llaxentii3
816 3233 901 3285 altera
926 3246 1036 3300 quoque
1057 3235 1157 3285 mansit
1171 3240 1199 3287 et
1211 3248 1299 3302 nsque
1313 3236 1341 3288 in
1354 3251 1486 3302 praesens

251 3339 348 3387 manet
367 3334 476 3387 libroilo
496 3346 558 3386 cum
579 3346 693 3398 corpore
714 3334 799 3385 sancti
820 3332 986 3399 Lecdegarii,
1005 3332 1052 3384 ubi
1074 3334 1248 3399 omnipotens
1267 3337 1336 3388 beus
1360 3345 1488 3391 sanctum

188 3439 229 3491 50
250 3447 336 3487 suum
348 3431 501 3485 mirificavit
515 3438 542 3485 et
554 3433 748 3485 miraculorum
761 3431 979 3484 attestationibus
992 3430 1190 3484 honorificavit.
1204 3432 1268 3485 ldus
1282 3436 1381 3502 martii,
1397 3441 1488 3491 tumu-

251 3533 320 3586 latio
330 3532 404 3585 beati
416 3532 574 3600 leodegarii
587 3533 707 3598 episcopi
720 3537 746 3585 et
759 3532 894 3596 martyris.

287 3634 321 3684 4.
335 3633 365 3684 ln
377 3632 482 3698 capella
493 3636 660 3686 Francorum
674 3633 746 3700 regis
757 3645 830 3684 unus
842 3632 958 3684 babetur
970 3631 1067 3684 oculus
1079 3632 1165 3684 sancti
1179 3633 1305 3700 martyris
1316 3635 1486 3704 Leodegarii,

252 3745 338 3799 quern
351 3731 423 3784 inter
434 3735 592 3784 sanctorum
605 3731 743 3798 reliquias,
757 3744 827 3798 quae
841 3731 879 3783 ibi
900 3734 965 3783 sunt
985 3730 1129 3796 plurimae,
1144 3738 1310 3784 venerantur
1331 3735 1423 3787 cuncti
1441 3733 1487 3786 de·

251 3832 365 3885 votione
379 3831 569 3897 celeberrima,
584 3835 609 3882 el
632 3844 666 3883 ex
685 3831 777 3882 multis
796 3830 921 3896 portibus
942 3830 1084 3882 venientes
1108 3832 1219 3898 aegroti,
1233 3833 1416 3886 restituuntur
1433 3835 1487 3887 lieo

200 3931 744 3996 5500010010011011000111001110111011.
766 3933 834 3983 Ante
855 3931 999 3983 biennium
1021 3943 1105 3997 quarn
1130 3932 1197 3984 baec
1221 3932 1391 3997 scriberem,
1415 3933 1487 3987 tilius

254 4029 396 4096 cuiusdam
413 4029 553 4095 principis,
567 4029 668 4082 odonis
688 4030 811 4094 nomine,
825 4035 966 4095 correptus
987 4034 1028 4081 est
1047 4028 1137 4082 valida
1160 4030 1340 4098 aegritudine.
1354 4033 1397 4084 Sic
1412 4033 1486 4085 enim

254 4129 303 4181 illo
315 4129 421 4195 morbo,
434 4142 516 4195 quem
529 4128 596 4181 Galli
609 4127 733 4182 variola
746 4132 852 4190 vocant,
866 4129 979 4181 omnino
992 4127 1042 4180 fuit
1054 4136 1223 4194 pert‘asusut
1235 4144 1285 4184 nec
1294 4133 1351 4197 lpse
1369 4130 1486 4197 alicuius

253 4227 372 4280 membri
394 4222 542 4279 motionem
562 4232 655 4293 ageret
683 4239 733 4278 nec
754 4226 968 4278 ministrantium
992 4229 1235 4281 contrectationem
1258 4229 1423 4282 admitteret.
1446 4230 1486 4282 ld

253 4338 337 4393 quem
351 4325 505 4378 sanandum
519 4325 610 4377 multis
623 4339 655 4377 ex
668 4326 790 4391 partibus
803 4324 895 4390 plures
909 4325 1006 4377 medici
1025 4335 1216 4381 convenerunt
1228 4346 1235 4394 ;
1249 4328 1296 4380 sed
1314 4297 1411 4394 peritia
1424 4330 1486 4382 illo-

202 4425 234 4476 to
252 4438 314 4477 rum
328 4425 396 4476 artis
406 4423 509 4476 nullam
518 4437 603 4488 puero
613 4437 692 4488 opem
702 4424 828 4476 conterre
838 4424 934 4488 potuit.
945 4424 1178 4491 augmentabatur
1196 4428 1298 4479 etenim
1310 4428 1394 4495 magis
1404 4432 1486 4494 atque

251 4524 338 4591 magis
348 4523 473 4577 morbida
483 4524 569 4588 pestis
578 4529 606 4575 et
614 4524 728 4575 omnino
736 4522 881 4575 claudebat
891 4522 985 4575 oculos
995 4524 1072 4588 pueri
1082 4525 1246 4593 languentis.
1256 4525 1328 4579 Nihil
1338 4527 1420 4593 igitur
1427 4529 1483 4593 jam

250 4622 473 4688 promittentibus
484 4620 609 4689 medicis,
623 4635 687 4675 cum
695 4623 753 4688 jam
772 4621 950 4687 desperarent
967 4628 1093 4687 parentes
1105 4624 1140 4679 de
1153 4626 1239 4678 salute
1252 4625 1310 4692 tilii,
1323 4625 1410 4678 adfuit
1422 4627 1482 4694 qui-
