3316 5482
216 363 283 431 528
561 375 688 427 aaran.
707 374 809 425 oooo.
829 373 1004 425 naaman.
1023 374 1104 426 nar.

210 547 369 615 simattirgo
386 545 479 612 Maria,
499 558 594 598 eorum
605 543 710 611 judicio
730 543 826 610 capitis
846 542 994 596 damnatur
1015 547 1042 595 et
1063 542 1242 596 decollatur:
1265 556 1342 610 quae
1364 544 1448 597 omnia

210 648 311 703 vidisse
323 646 410 699 fertur
422 646 565 712 presbyter
577 644 699 712 quidam,
713 644 826 697 nomine
848 642 1019 697 tredericus.
1042 645 1125 697 Porro
1147 643 1246 696 nullus
1264 643 1341 697 alius
1353 644 1449 699 archic-

210 748 340 814 piscopus
353 745 595 813 ttagdeburgensis
607 750 690 798 notus
702 748 744 796 est
756 743 803 810 qni
816 741 873 796 Odo
888 746 1093 809 nuncuparetur
1105 746 1217 807 praeter
1229 742 1312 795 illum
1325 742 1374 809 qui
1393 756 1447 797 eam

149 890 152 895 .
223 846 304 898 edem
314 844 405 897 tenuit
416 843 451 896 ab
463 855 537 895 anno
551 844 614 896 1517
628 843 662 895 ad
675 855 778 894 annum
795 843 870 894 titii.

308 941 348 1017 i⁰
363 940 429 1043 [De
446 949 579 1019 sancto
597 940 795 1020 Ludovico
810 961 899 1041 rege
914 938 1162 1040 Francorum]
1176 937 1256 1039 (fol.
1274 939 1443 1041 'iil-iil).

243 1077 331 1128 Pauca
342 1073 477 1141 quaedam
490 1073 654 1141 compendio
666 1087 699 1128 ex
712 1074 798 1127 sancti
811 1074 869 1128 Vita
880 1077 1018 1140 excerpta.

681 1265 972 1282 ψ

681 1287 979 1307 m

392 1524 618 1614 obxxvn.
648 1522 773 1611 (lodex
792 1522 984 1633 signatus
1005 1547 1118 1611 num.
1144 1521 1272 1613 5664.

241 1742 311 1795 Olim
322 1742 495 1796 colbertinus
507 1743 582 1809 caat,
596 1740 696 1794 deiude
708 1740 808 1807 Regius
819 1742 848 1793 c.
861 1740 937 1792 titt.
950 1741 976 1791 5.
989 1741 1014 1791 7.

242 1841 379 1896 Foliorum
401 1842 448 1895 tes
481 1841 609 1908 (quorum
630 1840 685 1892 duo
705 1839 794 1906 prima
815 1837 932 1891 insiticia
952 1836 1114 1903 chartacea),
1136 1835 1204 1890 min.
1222 1834 1446 1903 (animosos),

207 1939 289 1994 lineis
301 1940 399 2007 plenis,
413 1945 539 1994 exaratus
551 1952 623 1993 saec.
636 1940 702 1992 11111.
717 1937 847 1992 codicem
859 1937 998 2003 complent

306 2037 488 2116 Miracula
506 2037 772 2117 sanctissimae
789 2035 858 2113 Dei
878 2033 1080 2136 genitricis
1096 2032 1265 2135 Virginis
1281 2031 1437 2110 Mariae.

243 2174 281 2225 be
293 2172 393 2239 quibus
407 2172 509 2225 notavit
521 2174 616 2225 Petrus
638 2171 799 2224 Franciscus
811 2168 928 2234 chifflet,
942 2171 969 2222 S.
980 2170 1017 2231 l.‚
1030 2168 1059 2221 in
1071 2167 1138 2220 sotio
1158 2167 1282 2221 insiticio
1302 2166 1332 2221 in
1355 2166 1441 2233 capite

209 2271 312 2325 codicis
326 2287 332 2322 :
346 2270 384 2323 In
396 2270 452 2324 boc
467 2270 625 2324 voluatine
636 2269 814 2324 continetur
826 2267 918 2321 Liber
929 2268 968 2322 cte
979 2266 1146 2321 miraculis
1156 2265 1380 2321 sanctissimae
1390 2265 1442 2319 bet

207 2369 370 2438 aeuiiriais
382 2369 507 2425 Mariae
518 2369 573 2436 qai
581 2383 602 2423 a
617 2369 765 2424 Caesario
776 2367 1047 2433 [Heisterbaceasi]
1061 2366 1113 2420 lib.
1137 2368 1163 2419 7.
1182 2379 1251 2434 cap.
1274 2369 1322 2420 tt.
1336 2366 1441 2421 lauda·

211 2471 266 2523 tur
276 2468 334 2523 sub
345 2469 471 2523 momine
484 2468 571 2521 Libri
582 2468 813 2522 biirmcutorum
829 2466 1059 2532 Claraevallis;
1077 2465 1265 2533 videturque
1286 2478 1355 2521 esse
1364 2477 1442 2534 pars

210 2566 299 2621 Libri
310 2567 540 2622 biiracularum
553 2578 641 2633 quera
654 2564 728 2633 fecit
740 2566 882 2633 componi
889 2564 1047 2619 lohannes
1059 2563 1156 2619 Prior
1170 2564 1395 2631 claraevallis,
1410 2566 1444 2617 ut

211 2666 352 2736 refertur
364 2667 398 2719 ia
413 2665 560 2721 Chronico
575 2665 823 2720 claraevallensi
834 2665 878 2719 ad
889 2678 942 2718 aa.
952 2664 1032 2719 1178.
1046 2664 1172 2719 Constat
1183 2666 1293 2719 autem
1306 2663 1358 2719 bic
1371 2663 1443 2717 liber·

211 2765 366 2832 capitibus
388 2767 432 2832 ts,
453 2776 585 2831 quoram
602 2763 772 2831 priorali
793 2761 942 2817 describit
968 2761 1145 2816 vmcsrstius
1166 2762 1441 2818 baiocacensium

210 2864 339 2932 &caulo
350 2863 526 2929 Historiati,
539 2863 591 2917 lib.
606 2865 631 2916 7.
642 2875 663 2915 a
675 2874 743 2930 cap.
755 2861 800 2915 st.
808 2862 1025 2928 -Sequaatur
1037 2860 1072 2914 irs
1083 2860 1189 2914 eadem
1198 2861 1363 2916 volumine
1374 2860 1444 2916 labri

209 2963 321 3017 tresde
333 2962 498 3016 miraculis
510 2961 651 3027 dirersis,
666 2963 795 3015 auctore
811 2959 968 3027 Herlerto,
982 2972 1023 3012 ecc
1043 2957 1195 3013 marsaaito
1219 2959 1441 3025 claraevallis,

216 3062 365 3116 turrium
374 3061 541 3115 Sardiniae
552 3060 720 3128 episcopas.

372 3520 617 3611 obxxvtii.
641 3520 767 3609 (lodex
790 3522 979 3634 signatus
1001 3544 1114 3609 num.
1141 3518 1270 3610 5665.

243 3755 313 3808 Olim
325 3757 484 3810 baluzianus
495 3760 554 3824 1100,
568 3758 668 3812 deinde
681 3759 780 3827 Regius
793 3760 822 3811 u.
835 3760 909 3812 1551.
923 3760 949 3810 i.

243 3856 380 3911 Foliorum
395 3860 452 3926 too,
466 3859 532 3912 min.
546 3860 749 3926 (0³‚16><O,tt),
763 3858 844 3912 lineis
856 3859 957 3926 plenis,
971 3864 1101 3912 exaratus
1113 3869 1186 3912 saec.
1202 3859 1256 3911 liv.

244 3958 340 4009 Totum
355 3956 478 4010 codicem
490 3957 630 4024 complent

309 4055 490 4133 Miracula
507 4055 755 4134 beatissimae
771 4057 932 4158 virginis
949 4056 1090 4134 Mariae
1117 4055 1255 4134 matris
1288 4056 1448 4137 Domini

358 4179 481 4258 nostri
500 4179 590 4258 Jesu
610 4180 765 4259 Christi.
1376 4173 1380 4183 ’

686 4388 966 4398 -ς-..ι--ι--ι-
