3316 5482
473 344 567 394 eren.
586 343 670 396 rtur.
689 338 807 393 verus.
825 357 871 368 -
886 338 1040 390 apruno.
1061 338 1108 388 nu
1123 337 1201 388 con.
1220 335 1296 387 saec.
1416 323 1484 389 375

241 527 358 584 quoque
369 520 482 584 propter
494 517 580 570 sancti
594 517 645 572 viri
655 519 843 581 contemptum
858 515 909 567 boc
927 512 978 565 sibi
997 512 1129 578 evenisse,
1143 511 1218 565 venit
1234 510 1269 563 ad
1287 523 1360 575 eum,
1375 510 1481 564 ducens

243 620 383 672 vectorem
395 629 477 670 suum
496 616 586 670 aliena
604 619 670 669 tunc
683 619 794 682 peccata
806 617 970 680 portantem,
984 615 1012 666 et
1022 625 1079 665 rem
1091 618 1194 679 gestam
1207 610 1341 675 reterens,
1355 609 1433 675 petiit
1452 615 1482 663 ut

247 696 413 769 miraculum
425 715 586 782 duplicaret,
601 721 627 769 et
639 728 751 782 equum,
761 726 844 781 quem
856 725 906 780 pro
921 711 1026 779 justitia
1043 709 1253 776 deformaverat,
1267 722 1315 776 pro
1329 709 1480 763 misericor·

247 814 294 867 dia
312 814 486 868 reformaret.
499 815 531 867 itt
551 814 608 881 ille,
621 826 731 880 semper
743 813 867 865 misereri
889 817 1009 877 paratus,
1020 810 1115 865 oculos
1126 809 1191 877 equi
1204 810 1263 863 loco
1282 821 1332 863 suo
1350 809 1479 877 restituit,

212 914 230 966 5
247 926 321 980 aqua
332 913 475 967 benedicta
486 913 616 980 pertudit,
627 912 802 982 ligaminibus
814 911 958 964 adstrinxit
967 912 986 978 ⁶,
1000 915 1027 964 et
1045 909 1159 962 tirmiter
1176 909 1351 963 inhaerentes
1363 909 1476 977 pristina
1504 908 1658 965 ἰᾱειιιιιί

247 1012 371 1066 claritate
391 1011 504 1080 ditavit;
514 1013 618 1079 juveni,
632 1011 666 1067 de
686 1025 716 1065 se
729 1011 842 1066 meliore
864 1011 892 1063 in
911 1010 1049 1076 reliquum
1069 1009 1218 1076 pollicenti,
1232 1007 1476 1075 injuriamcondo·
1568 977 1594 1029 ²·

248 1111 333 1163 navit.

283 1211 333 1263 14.
345 1212 393 1265 De
403 1209 501 1276 lignis
513 1211 741 1277 amentatis.
750 1239 783 1248 -
794 1210 935 1275 birranno,
946 1208 1103 1262 monasterii
1117 1208 1202 1274 ipsius
1215 1207 1381 1274 praeposito,
1392 1206 1479 1259 visum

248 1314 292 1364 est
302 1323 371 1376 opus
382 1309 521 1377 quoddam
534 1311 542 1332 ·
554 1311 584 1364 ln
595 1310 707 1364 basilica
718 1310 790 1365 beati
807 1309 897 1363 Albini
915 1308 1091 1374 contessoris,
1104 1308 1151 1361 ubi
1170 1312 1263 1374 postea
1274 1319 1373 1374 corpus
1390 1307 1477 1360 sancti
1527 1307 1584 1373 ’(ο.
1598 1308 1637 1374 q.)

195 1411 229 1463 to
248 1409 395 1476 Pardulpbi
416 1410 558 1464 humetum
580 1416 630 1475 est,
644 1414 772 1477 oportere
793 1408 863 1463 lieri.
876 1409 984 1463 ltittens
1005 1409 1096 1475 itaque
1108 1407 1238 1476 lignarios
1259 1406 1377 1460 artifices
1390 1407 1418 1459 in
1432 1406 1477 1458 sil·
1522 1386 1550 1441 q·
1564 1387 1590 1429 ⁰·
1604 1376 1629 1427 ²·

246 1521 319 1572 vam,
332 1509 470 1575 praecepit
481 1514 511 1562 ut
522 1509 665 1562 materiam
677 1507 753 1575 operi
767 1520 916 1576 congruam
929 1505 1103 1561 succiderent
1115 1512 1142 1560 et
1154 1505 1305 1560 secundum
1321 1518 1478 1559 mensuram

247 1607 278 1660 in
297 1607 410 1661 ecelesia
431 1614 569 1675 acceptam
589 1608 735 1676 diligenter
756 1611 955 1675 componerent
975 1610 994 1661 ·.
1008 1610 1081 1672 Quae
1101 1610 1194 1674 parata
1215 1609 1242 1659 et
1262 1605 1297 1658 ad
1317 1605 1408 1659 locum
1428 1606 1475 1659 ubi
1504 1602 1650 1670 ‘impone-

246 1705 364 1771 aptanda
376 1710 436 1760 erat
454 1706 554 1773 delata,
564 1721 629 1775 prae
651 1707 736 1760 nimia
755 1707 871 1760 trabium
893 1706 1025 1760 brevitate
1046 1706 1157 1758 inventa
1176 1710 1218 1758 est
1229 1704 1306 1773 operi
1320 1704 1477 1758 nullatenus
1528 1673 1590 1723 ‘⁰¹¹¹
1602 1671 1626 1723 Ξ·

246 1805 403 1858 convenire.
423 1804 500 1859 unde
519 1807 692 1874 praepositus
707 1807 885 1860 vehementer
905 1806 1009 1871 iratus,
1030 1804 1170 1872 operarios
1194 1817 1250 1858 non
1273 1805 1361 1857 solum
1385 1805 1477 1858 verbis

191 1905 228 1956 to
245 1903 381 1956 acerrime
393 1903 552 1972 confutavit,
565 1904 707 1959 sedetiam
720 1904 880 1959 verberibus
897 1903 1026 1970 vapulare
1036 1903 1177 1971 judicavit.
1191 1902 1267 1969 Quod
1290 1904 1405 1958 audiens
1417 1916 1479 1957 san·
1570 1939 1574 1944 -

247 2005 309 2054 ctus
321 2001 502 2070 Perdulpbus,
515 2004 562 2071 qul
575 2008 649 2058 recte
661 2004 834 2070 interpretari
853 2010 941 2070 potest
958 2007 1035 2071 pater
1052 2002 1208 2065 dulcifluus,
1221 2004 1352 2057 accersito
1364 2015 1479 2070 praepo·

244 2101 309 2167 sito,
331 2103 544 2157 commotionem
563 2105 623 2171 ejus
642 2105 732 2158 verbis
753 2104 875 2171 pacificis
895 2105 984 2171 coepit
1006 2104 1102 2172 lenire,
1122 2104 1217 2157 dicens
1230 2118 1237 2154 τ
1250 2104 1353 2171 Aequo
1374 2103 1481 2157 ocimo

242 2201 310 2253 esto
322 2203 340 2267 ·,
353 2201 517 2256 carissime
528 2203 587 2270 fili,
601 2205 631 2257 et
643 2205 680 2256 ιιι
696 2203 820 2257 miseric
832 2203 900 2256 illic
918 2201 1104 2270 bominibus,
1118 2202 1173 2270 qui
1188 2214 1249 2269 per
1261 2201 1475 2269 anraotiam
1521 2199 1603 2255 'orm
1616 2201 1642 2252 ι.

244 2299 455 2369 deisquermrct
469 2301 597 2356 decium
611 2302 718 2370 irasci,
732 2303 812 2357 αιιάι·
830 2302 1027 2369 Scrr'prturom
1047 2302 1199 2356 dicentem
1216 2301 1292 2368 pota
1303 2301 1415 2355 metwr
1432 2303 1478 2355 ert

187 2401 226 2455 Ξθ
245 2399 306 2466 qui
316 2400 413 2454 vineit
433 2400 518 2454 iram
538 2414 633 2469 quom
654 2402 710 2469 qur·
729 2402 815 2468 capit
835 2402 1010 2468 civitatem
1022 2404 1052 2455 et
1072 2401 1222 2455 Dominam
1242 2401 1277 2454 ιιι
1297 2401 1478 2468 evangelio:

247 2515 261 2547 ι
280 2498 339 2558 Qui
349 2499 511 2566 irascitur,
526 2501 637 2569 inquit,
650 2500 752 2568 fratri
763 2514 829 2566 suo,
842 2514 916 2555 reus
928 2501 1117 2567 eritjudicr’o
1130 2480 1164 2568 ,ιι
1179 2502 1211 2554 et
1220 2503 1379 2568 apostotus
1391 2502 1478 2555 Jaco-

243 2595 305 2649 bos
318 2615 327 2651 .·
342 2615 352 2646 ι
367 2598 422 2651 Ira
434 2599 665 2664 oirtjrcrtitiom
684 2600 741 2654 Dei
757 2613 819 2653 ιιοιι
839 2602 998 2666 operatur.
1015 2615 1025 2648 ι
1040 2601 1083 2653 De
1093 2599 1229 2653 materia
1244 2612 1433 2666 veroquam
1445 2603 1480 2653 ιιι

243 2697 388 2766 quereris
400 2698 549 2752 ooobeoe
565 2700 758 2767 provenisse,
770 2713 824 2767 epo
844 2711 916 2753 cum
936 2699 993 2752 Dei
1012 2698 1170 2764 adjutorio
1177 2698 1354 2766 procurabo
1374 2701 1482 2753 ιιιαιιι

244 2797 310 2849 ista
321 2797 412 2850 utilis
433 2798 589 2866 efficiatur
610 2802 669 2855 out
679 2801 748 2854 otio
760 2800 830 2853 sine
841 2803 894 2853 tuo
914 2799 1077 2866 dispendio
1091 2800 1275 2867 diligentius
1300 2800 1478 2867 collevator.

187 2897 223 2949 ιδ
243 2895 295 2948 ilis
306 2900 332 2949 et
343 2898 443 2951 talibus
461 2901 582 2968 mitigato
595 2902 759 2968 praeposito,
774 2900 964 2953 incrastinum
984 2900 1095 2952 inventa
1107 2904 1149 2952 est
1160 2900 1256 2953 eedem
1275 2899 1388 2952 materia
1405 2899 1478 2952 ultra

244 3006 404 3049 mensuram
417 2997 446 3051 in
459 3003 564 3052 tantum
577 3005 692 3053 extensa
704 3005 735 3052 ut
752 3012 815 3066 pars
833 3001 970 3067 supertlua
988 3000 1168 3062 recideretur,
1181 3004 1208 3053 et
1225 2999 1259 3052 ad
1278 3000 1478 3054 monimentum

242 3094 370 3148 miraculi
383 3097 412 3150 in
424 3100 543 3153 oratorio
556 3113 701 3167 suspensa,
716 3101 809 3153 multis
822 3101 830 3119 ⁰
843 3100 1063 3153 febricitantibus
1076 3099 1215 3152 salutifera
1226 3099 1397 3166 probaretur.
1519 3100 1529 3118 ⁰
1542 3111 1600 3153 cm.
1614 3101 1639 3153 ι.

282 3194 330 3247 15.
344 3197 391 3248 De
409 3209 445 3249 eo
465 3198 521 3263 qul
539 3200 676 3252 dolorem
695 3198 837 3252 dentium
857 3198 1055 3264 petiebatur.
1068 3227 1100 3237 -
1116 3199 1239 3265 Quidam,
1261 3188 1374 3252 nomine
1387 3201 1476 3252 Auno·

241 3293 304 3345 rius
317 3296 336 3360 ·,
349 3294 472 3349 dentium
493 3297 588 3352 dolore
608 3299 725 3366 graviter
744 3304 866 3363 vexatus,
880 3298 1015 3351 advirum
1036 3298 1083 3351 liei
1104 3299 1218 3351 accessit
1239 3303 1266 3351 et
1285 3299 1352 3351 tanti
1373 3299 1475 3352 doloris
1492 3301 1637 3355 'bimarus
1650 3312 1658 3342 z

187 3396 223 3449 50
242 3392 371 3447 levamen
382 3396 416 3448 ab
429 3409 462 3450 eo
474 3397 634 3463 suppliciter
645 3399 799 3463 postulavit.
813 3399 895 3464 cujus
907 3411 991 3466 genas
1003 3403 1030 3451 et
1042 3398 1157 3452 lauces·
1175 3403 1285 3452 sanctus
1302 3398 1401 3452 leniter
1411 3412 1474 3452 con·
1490 3400 1499 3419 ·
1510 3398 1551 3453 vir
1559 3400 1633 3454 odd.
1648 3411 1658 3441 2

240 3495 372 3557 trectens,
385 3494 489 3561 aliquid
505 3496 539 3550 de
551 3496 634 3550 saliva
656 3497 712 3549 oris
724 3498 766 3548 sui
780 3497 808 3549 in
830 3509 913 3549 manu
925 3497 1011 3563 ipsius
1027 3496 1166 3563 eliquavit,
1179 3501 1207 3548 et
1218 3501 1249 3548 ut
1266 3495 1380 3564 digitum
1395 3497 1474 3550 intin-

240 3604 312 3659 gens
323 3591 413 3646 locum
425 3594 526 3649 doloris
538 3597 653 3649 interius
665 3598 674 3615 '
687 3595 780 3649 liniret
798 3595 949 3650 admonuit.
963 3599 995 3649 At
1011 3595 1058 3649 ille
1071 3597 1163 3660 miser,
1175 3601 1287 3663 sputum
1299 3597 1387 3650 sancti
1399 3599 1473 3650 velut
1524 3606 1582 3672 ·((1,
1596 3607 1626 3666 ip

240 3690 445 3747 immunditiam
456 3695 619 3762 abborrens,
632 3696 701 3749 clam
715 3695 782 3749 illud
795 3696 823 3747 io
836 3701 937 3749 terram
950 3696 1081 3763 projecit3
1092 3700 1119 3748 et
1130 3696 1177 3762 qui
1191 3709 1240 3762 per
1253 3696 1433 3750 bumilitatem
1444 3702 1473 3750 et
1525 3673 1543 3727 ί·
1557 3672 1584 3726 d·
1598 3676 1623 3727 ²·

241 3789 445 3846 oboedientiam
465 3796 556 3847 sanari
579 3796 719 3861 potuisset,
733 3809 782 3861 per
802 3796 959 3861 superbiam
972 3801 999 3848 et
1018 3794 1250 3848 inoboedientiam
1265 3810 1363 3865 magno
1376 3798 1472 3852 morbo

187 3892 227 3944 bit
244 3891 374 3944 morbum
383 3895 513 3959 majorem
523 3893 707 3962 adjecitltam
717 3908 779 3948 cum
789 3893 823 3948 de
833 3895 1001 3948 monasterio
1012 3892 1472 3962 exisset,equumqueascendisset,

244 4003 391 4058 moreque
404 4000 512 4060 ruente,
526 4008 575 4062 pro
588 3993 672 4047 saliva
685 3996 769 4047 sancti
789 3996 910 4061 projecta
922 3995 981 4061 ipse
993 3998 1034 4047 est
1046 3996 1193 4061 projectus,
1207 4000 1235 4048 et
1246 4008 1313 4049 coxa
1325 3996 1472 4061 contrecta,

243 4090 288 4143 vix
300 4097 361 4158 post
372 4104 477 4146 annum
487 4094 683 4161 qualicumque
695 4095 802 4147 sanitati
815 4101 856 4147 est
869 4095 1018 4147 restitutus.

280 4189 330 4243 1e.
343 4192 389 4243 De
399 4191 536 4245 berctolo
551 4192 708 4245 divinitus
719 4192 857 4258 agitato.
874 4221 903 4230 -
915 4195 1032 4261 Rogatus
1042 4193 1084 4245 vir
1097 4194 1141 4246 liei
1154 4207 1170 4246 a
1182 4195 1299 4260 quodam
1313 4195 1474 4248 bituricensi

242 4295 274 4344 ut
287 4289 371 4343 titium
386 4304 465 4343 suum
477 4291 512 4344 de
525 4304 602 4346 sacro
616 4294 690 4345 tonte
702 4293 863 4358 susciperet,
879 4293 1032 4360 acquievit;
1046 4299 1072 4345 et
1084 4293 1246 4359 baptizatum
1260 4294 1383 4361 albisque
1395 4294 1474 4348 indu·

188 4392 226 4445 to
243 4396 303 4443 tum
316 4388 491 4454 deosculans,
504 4391 664 4457 parentibus
678 4391 856 4444 nutriendum
869 4390 996 4444 reddidit.
1010 4393 1094 4455 Quem
1109 4398 1195 4445 mater
1206 4394 1306 4458 pennis
1320 4393 1472 4447 involutum

240 4493 281 4551 et,
295 4495 324 4541 ut
336 4489 439 4542 rustice
451 4491 557 4556 loquar,
568 4492 596 4543 in
609 4490 729 4544 berciolo
743 4491 915 4556 collocatum,
928 4496 959 4543 ut
972 4490 1102 4543 infantilis
1119 4490 1263 4545 infirmitas
1283 4493 1375 4560 exigit,
1388 4506 1472 4547 manu

239 4588 355 4658 propria
374 4588 492 4656 agitare·
505 4590 600 4658 voluit,
612 4603 663 4642 nec
675 4592 771 4657 potuit.
786 4591 1014 4656 Circumspiciens
1031 4595 1122 4643 utrum
1144 4592 1235 4657 aliqua
1248 4593 1384 4657 corporali
1401 4594 1473 4660 obje·
1495 4593 1652 4660 ‘exagitare
