3316 5482
332 346 396 414 138
672 361 798 412 caran.
817 361 919 411 cono.
938 361 1113 412 anemae.
1131 361 1211 412 nar.

333 530 529 599 confitemini
545 531 683 598 Domino,
696 531 796 598 inquit,
809 533 839 584 et
856 531 997 585 invocate
1015 542 1125 584 nomen
1143 530 1217 595 vaus.
1232 532 1269 584 Et
1280 530 1355 585 iton
1368 548 1377 586 .·
1391 532 1452 593 Qut
1466 533 1559 601 confi·

328 628 408 682 dunt
420 628 454 681 io
466 628 594 683 Domino
609 629 691 683 sieut
707 641 795 684 mons
813 629 894 697 Sion,
909 635 936 682 et
957 635 1055 683 cetera.
1069 630 1109 682 Et
1131 630 1204 683 item
1216 646 1225 684 .·
1237 630 1386 684 Dominus
1398 633 1561 697 protector

328 727 411 781 citae
428 727 643 795 incendeque
662 727 847 794 trepidabo?
869 727 975 781 Secum
997 741 1068 796 ergo
1085 730 1181 782 estote
1200 731 1229 782 et
1241 742 1281 782 ne
1292 728 1481 796 formidetis,
1505 730 1560 783 sed

324 828 490 894 speratam
498 826 637 882 Domino.
645 830 753 882 lnterea
762 828 910 882 discedens
920 835 1030 882 sanetus
1039 830 1080 882 vir
1092 830 1215 884 lluslcius
1227 831 1348 896 perrexit
1360 829 1395 882 ad
1409 830 1560 883 ecclesiam

327 931 354 981 et
365 941 414 994 per
425 932 508 981 totam
524 933 632 982 noctem
653 929 740 982 oravit
752 929 905 982 bominum.
920 933 997 982 blane
1009 934 1100 983 autem
1121 930 1201 996 lacto,
1215 934 1324 995 accepta
1340 931 1410 983 sacri
1434 931 1561 997 corporis
1577 932 1593 983 5

327 1026 415 1079 hostia
427 1031 454 1079 et
465 1026 610 1093 diligenter
623 1028 650 1080 in
664 1027 792 1094 psalterio
804 1028 897 1091 missa,
910 1041 1002 1081 secum
1021 1041 1081 1081 eam
1094 1028 1169 1082 domi
1187 1027 1285 1081 detulit
1297 1034 1324 1082 et
1342 1028 1407 1082 inde
1424 1041 1488 1082 cum
1502 1029 1561 1082 suis

326 1124 456 1176 omnibus
474 1124 651 1189 participavit.
663 1125 739 1189 Quod
760 1130 851 1178 autem
872 1126 1014 1178 residuum
1035 1126 1086 1179 fuit
1106 1139 1168 1179 cum
1190 1124 1243 1180 tide
1263 1127 1390 1193 servavit,
1404 1138 1559 1193 secumque

328 1234 503 1289 quocumque
516 1237 546 1276 se
557 1229 677 1277 verteret
688 1222 841 1278 deferebat.

359 1321 410 1374 10.
423 1321 459 1373 lis
471 1322 562 1389 itaque
574 1324 646 1376 viam
657 1325 860 1391 incipientibus,
875 1325 927 1378 iter
939 1339 1017 1377 suum
1032 1326 1071 1378 sic
1086 1326 1202 1393 agebant
1216 1330 1298 1392 prout
1320 1324 1428 1392 pueruli
1440 1338 1558 1393 pergere

326 1420 461 1473 valebant.
476 1423 633 1477 buosenim
646 1425 774 1490 parvulos
793 1424 862 1478 tilios
881 1425 1001 1478 habebat
1018 1431 1096 1491 pater
1113 1425 1200 1478 sancti
1222 1426 1334 1486 Eusicii,
1347 1438 1417 1492 quos
1430 1425 1470 1478 illi
1485 1439 1557 1496 uror
1576 1428 1608 1479 lb

327 1532 377 1572 sua
388 1518 535 1573 Benedicta
546 1526 611 1574 ante
623 1521 763 1575 modicum
775 1527 883 1589 tempus
896 1528 1037 1591 genuerat.
1049 1527 1109 1576 tam
1128 1525 1186 1576 fere
1200 1523 1345 1577 duodecim
1364 1523 1477 1577 milibus
1485 1524 1559 1577 viam

327 1621 518 1686 carpentesab
538 1621 657 1688 hospitio
679 1636 728 1676 suo
749 1624 873 1688 aberant,
896 1636 959 1676 cum
977 1625 1033 1690 jam
1055 1631 1136 1676 nocte
1156 1625 1319 1677 imminente
1340 1623 1414 1676 inter
1432 1624 1560 1690 veprium

327 1717 490 1772 densitatem
511 1722 637 1774 arborem
658 1722 793 1775 excelsam
818 1735 902 1789 prope
922 1723 1114 1790 conspiciunt;
1138 1721 1172 1775 ad
1194 1735 1275 1789 quam
1298 1721 1460 1789 quiescendi
1471 1723 1559 1790 gratia

328 1815 508 1873 diverterunt.
522 1822 645 1887 cumque
656 1820 694 1874 ibi
707 1822 765 1875 viae
778 1822 872 1876 labore
885 1822 988 1888 fatigati
1001 1835 1109 1875 summo
1120 1835 1183 1875 cum
1196 1821 1306 1874 silentio
1317 1821 1512 1875 accubuissent
1532 1826 1559 1876 et

329 1929 426 1971 somno
437 1919 540 1986 gravati
550 1919 607 1985 jam
620 1926 700 1974 nocte
712 1921 874 1974 imminente
887 1922 1102 1988 requiescerent,
1115 1935 1180 1975 eece
1191 1922 1256 1986 lupa
1265 1934 1328 1974 cum
1339 1919 1448 1974 duabus
1460 1922 1559 1975 catulis
1577 1926 1609 1977 te

329 2015 386 2068 suis
397 2016 431 2069 de
443 2017 510 2070 silva
521 2018 710 2087 progrediens,
733 2020 783 2073 hos
803 2034 873 2087 quos
894 2020 1016 2074 dormire
1025 2022 1108 2074 sentit
1128 2034 1192 2074 cum
1212 2033 1313 2088 magno
1326 2020 1430 2086 impetu
1442 2020 1559 2076 invadit.

328 2115 529 2182 venientesque
541 2115 596 2187 duo
609 2118 691 2170 catuli
700 2118 750 2184 illi,
764 2117 833 2173 duos
846 2121 1081 2186 parvuloslratres
1095 2120 1181 2172 sancti
1194 2118 1293 2172 Eusicii
1307 2124 1468 2183 rapuerunt
1481 2120 1560 2186 Lupa

328 2226 392 2268 vero
404 2220 519 2268 matrem
532 2229 627 2270 eorum
641 2217 789 2272 detrahens
801 2220 830 2271 in
844 2224 945 2272 terram
967 2220 1122 2284 prostravit,
1144 2219 1261 2285 pedibus
1274 2224 1356 2285 atque
1367 2217 1483 2286 ungulis
1495 2231 1560 2271 eam

329 2314 416 2382 magis
429 2316 594 2369 conculcans
605 2330 689 2384 quam
709 2317 840 2372 dentibus
861 2319 978 2372 lanians.
999 2323 1033 2372 nt
1047 2333 1115 2386 puer
1135 2318 1302 2374 venerabilis
1314 2317 1439 2371 Eusicius
1451 2324 1479 2371 et
1490 2321 1559 2371 llar-

328 2412 414 2465 cellus
427 2417 503 2480 pater
514 2416 583 2482 ejus,
597 2430 613 2468 a
625 2430 722 2470 somno
742 2419 924 2486 expergefacti
944 2422 971 2471 et
983 2423 1087 2472 terrore
1103 2418 1242 2482 concussi,
1255 2416 1363 2470 attoniti
1376 2416 1494 2469 stabant.
1506 2417 1558 2470 Ubi
1575 2420 1609 2472 20

329 2516 420 2565 autem
434 2515 557 2567 Eusicius
569 2517 704 2582 comperit
715 2517 933 2571 abessematrem
941 2531 1004 2571 cum
1017 2518 1080 2570 liliis
1092 2519 1158 2583 suis,
1172 2517 1259 2585 surgit
1271 2516 1395 2569 concitus
1404 2521 1431 2570 et
1442 2528 1557 2583 quaerc-

330 2610 376 2663 bat
387 2624 457 2665 eum.
474 2615 507 2665 Et
517 2592 582 2667 ecce
595 2615 666 2667 inter
679 2615 778 2669 fruteta
789 2617 971 2684 conspiciens,
981 2616 1054 2670 videt
1063 2617 1155 2683 lupam
1165 2621 1193 2669 et
1202 2619 1318 2667 matrem
1328 2627 1406 2668 suam
1417 2613 1469 2666 sub
1478 2613 1557 2680 pedi-

328 2709 379 2762 bus
391 2712 451 2777 ejus
465 2713 614 2778 jacentem.
628 2717 659 2767 bt
671 2716 805 2768 accedens
815 2717 978 2783 intrepidus,
989 2713 1173 2782 apprehendit
1189 2715 1281 2780 lupam
1299 2718 1328 2765 et
1344 2723 1414 2765 zona
1426 2724 1485 2777 sua,
1498 2724 1555 2778 qua

328 2810 499 2879 cingebatur,
514 2814 614 2867 collum
628 2816 688 2882 ojus
701 2817 795 2884 vinxit,
807 2823 834 2869 et
852 2816 915 2869 data
928 2829 1011 2868 manu
1023 2816 1111 2868 crexit
1128 2818 1242 2866 matrem
1255 2812 1290 2866 de
1303 2811 1363 2865 loco
1375 2810 1405 2864 ln
1417 2824 1472 2879 quo
1482 2812 1557 2878 jace·

328 2909 383 2976 bat,
398 2912 532 2965 mandans
544 2915 569 2966 ei
582 2920 613 2966 ut
624 2915 661 2967 ibi
674 2916 782 2968 sederet
795 2922 822 2969 et
835 2928 970 2983 nusquam
983 2914 1203 2983 progrederetur.
1217 2914 1250 2964 tlt
1269 2917 1367 2964 tenens
1380 2910 1473 2977 lupam
1497 2911 1557 2963 vin·
1576 2914 1614 2966 25

328 3014 399 3061 ctam
412 3010 440 3062 in
453 3024 546 3080 manu,
560 3015 699 3081 praecepit
719 3017 743 3078 ei
765 3016 917 3069 innomine
938 3015 1044 3068 Domini
1056 3018 1085 3066 ut
1098 3012 1132 3066 ad
1145 3012 1250 3065 catulos
1263 3023 1326 3064 suos
1338 3023 1402 3063 cum
1414 3007 1557 3075 perducat.

327 3109 401 3173 Lupa
414 3122 478 3177 ergo
491 3118 641 3175 praeeunte
662 3117 689 3165 et
710 3126 794 3179 puero
815 3118 958 3180 sequente,
983 3113 1108 3178 pervenit
1120 3111 1154 3164 ad
1166 3111 1255 3164 locum
1268 3108 1317 3162 ubi
1331 3107 1418 3161 illaesi
1427 3107 1559 3174 jacebant

329 3208 446 3273 pueruli,
460 3210 595 3263 stantibus
607 3212 703 3265 catulis
721 3214 796 3278 juxta
809 3226 867 3265 eos.
881 3211 1036 3278 Vidensque
1053 3212 1150 3264 beatus
1162 3209 1286 3262 Eusicius
1299 3220 1399 3275 pueros
1418 3207 1558 3261 dormien-

331 3312 372 3359 tes
388 3313 415 3360 et
427 3309 530 3361 catulos
540 3310 725 3364 custodientes
736 3312 808 3377 illos,
823 3313 923 3379 gratias
935 3325 1019 3379 agens
1031 3311 1146 3364 bomine
1159 3308 1343 3363 benedicebat
1355 3307 1512 3359 bominum.
1527 3310 1559 3360 Et

329 3407 451 3460 excitans
472 3422 581 3475 pueros,
601 3411 712 3464 reduxit
731 3426 779 3464 cos
800 3425 891 3464 secum
913 3413 995 3464 simul
1016 3425 1078 3465 cum
1099 3411 1163 3476 lupa
1185 3415 1211 3463 et
1227 3407 1324 3462 catulis
1337 3409 1404 3473 suis,
1417 3407 1464 3473 qui
1477 3407 1558 3473 quasi
1576 3412 1614 3462 :sb

329 3507 391 3574 agni
405 3509 615 3561 mansuetissimi
629 3518 752 3564 sanctum
766 3525 881 3578 puerum
895 3511 1033 3564 Eusicium
1047 3511 1242 3577 sequebantur.
1252 3510 1375 3574 Cumque
1387 3505 1559 3573 pervenisset

329 3604 363 3658 ad
378 3606 466 3659 locum
479 3593 525 3660 ubi
539 3616 643 3674 patrem
656 3623 737 3663 suum
750 3615 776 3663 et
788 3616 902 3663 matrem
915 3623 992 3663 suam
1004 3610 1154 3674 dimiserat,
1168 3621 1223 3661 non
1236 3607 1342 3660 invenit
1351 3618 1415 3671 eos;
1427 3610 1455 3658 et
1464 3610 1559 3658 mente

329 3712 530 3774 consternatus,
551 3711 617 3776 quid
637 3716 738 3778 ageret,
759 3725 814 3778 quo
836 3724 865 3763 se
885 3715 1004 3764 verteret
1027 3709 1177 3763 nesciebat.
1191 3710 1222 3760 Et
1235 3716 1400 3774 progressus
1412 3703 1557 3770 paululum

328 3807 463 3872 usquead
476 3809 546 3860 viam
568 3823 617 3874 per
638 3823 719 3877 quam
742 3812 795 3863 alia
815 3810 860 3863 die
883 3815 1004 3872 venerat,
1023 3808 1215 3862 animadvertit
1226 3808 1263 3861 ibi
1282 3806 1402 3859 recentia
1414 3803 1558 3858 bominum

328 3907 450 3974 vestigia.
462 3910 521 3960 lam
534 3914 599 3961 tunc
612 3911 686 3961 enim
699 3924 796 3963 aurora
809 3912 890 3963 terris
903 3911 1033 3963 omnibus
1046 3908 1194 3962 eminebat.
1576 3907 1616 3959 be

361 4007 406 4058 11.
421 4010 457 4059 be
469 4009 655 4061 lemovicensi
668 4010 769 4075 quippe
784 4011 924 4075 provincia
936 3983 1084 4062 latrunculi
1101 4007 1205 4075 egressi
1218 4007 1328 4059 fuerant
1340 4004 1374 4058 ad
1388 4001 1559 4070 depraedan-

328 4104 377 4157 das
389 4105 456 4159 alias
470 4107 497 4158 in
511 4107 626 4160 circuitu
648 4110 783 4175 regiones.
797 4112 864 4162 casu
878 4114 970 4162 autem
987 4109 1165 4163 advenientes
1183 4108 1211 4159 in
1224 4106 1294 4158 saltu
1307 4104 1355 4158 illo
1366 4103 1415 4156 ubi
1428 4107 1558 4168 parentes

328 4206 416 4257 saneti
428 4207 527 4259 Eusicii
541 4212 628 4273 erant,
642 4209 671 4259 in
685 4209 791 4261 insidiis
802 4223 887 4276 prope
903 4210 1023 4262 eundem
1037 4209 1127 4262 locum
1145 4206 1320 4260 delituerant.
1335 4204 1461 4267 Quicum
1475 4206 1558 4255 nocte

329 4307 475 4372 praeterita
487 4319 567 4360 voces
580 4313 607 4360 et
618 4308 751 4362 clamores
763 4323 910 4376 puerorum
924 4309 1075 4370 audissent,
1087 4309 1214 4361 exierunt
1226 4306 1319 4359 videre
1331 4304 1463 4372 quidnam
1475 4307 1558 4355 esset.

328 4406 501 4459 invenientes
512 4412 602 4460 autem
616 4409 702 4461 virum
716 4412 859 4463 attonitum
873 4424 936 4463 eum
949 4410 1073 4473 muliere,
1087 4409 1208 4461 vinctum
1222 4420 1284 4459 eum
1298 4405 1439 4457 duxerunt
1450 4414 1557 4466 secum,
1577 4404 1613 4456 tb

328 4506 449 4558 sarcinas
461 4520 524 4559 suas
536 4513 590 4559 tam
603 4510 628 4560 ei
641 4522 723 4575 (guam
736 4510 844 4562 mulieri
858 4511 1028 4575 imponentes
1041 4515 1067 4561 et
1079 4512 1142 4560 ante
1166 4519 1214 4559 eos
1226 4505 1373 4558 minantes.
1386 4505 1456 4555 Puer
1465 4506 1560 4554 autem

329 4604 580 4672 bominibusicius,
593 4606 627 4659 ad
649 4606 871 4675 investigandum
891 4620 940 4661 eos
960 4607 1103 4672 sollicitus,
1125 4619 1188 4659 cum
1199 4604 1264 4670 lupa
1275 4609 1302 4657 et
1314 4602 1422 4667 catulis,
1436 4599 1561 4654 dimissis
