3316 5482
207 331 272 398 190
549 346 675 397 carun.
695 345 798 397 cono.
816 344 991 396 unomen.
1010 344 1091 395 nar.
1195 358 1203 372 ·

200 515 288 583 opud
299 514 466 569 Dominum
472 518 502 569 et
510 518 658 583 parentes
667 516 735 582 ejus
746 514 942 570 veliementer
951 513 1112 570 orbatione
1113 512 1219 582 protis
1230 511 1364 581 seduxi,
1371 512 1451 568 into-

205 615 332 669 terebiii
342 615 448 671 dolore
459 617 733 684 conperniscendos.
745 616 805 671 Sed
818 618 924 671 temen
937 615 1093 671 vobiscum
1106 614 1299 683 proficiscar
1314 615 1348 669 et
1361 616 1448 667 utro·

202 728 335 784 rumque
345 719 523 772 voluntates
535 717 715 786 discutiam,
723 720 897 786 parentum
918 717 1038 772 scilieet
1058 716 1173 782 eteius
1192 716 1247 784 qui
1265 729 1321 770 eos
1340 712 1449 769 adme

125 794 128 799 ¹
203 816 334 870 direxit.
355 820 431 871 'lunc
451 819 566 871 veniens
587 818 668 876 simul
683 832 746 872 cum
759 818 810 883 eis,
834 819 955 885 repperit
972 831 1020 871 eos
1041 816 1181 883 principes
1191 816 1227 870 ob
1247 814 1447 883 nujuscemodi

202 928 312 969 causam
323 929 379 969 una
391 918 562 971 convenisse.
575 919 607 969 Et
618 916 685 971 dum
698 918 767 970 baec
779 918 850 970 intra
863 917 1095 984 eloquerentur,
1108 916 1145 968 ait
1158 918 1235 983 pater
1244 913 1359 982 puellae
1365 913 1447 967 bento
1462 913 1480 965 5

202 1014 321 1069 Gildasio
333 1031 340 1069 z
353 1015 385 1070 Si
395 1029 495 1069 manu
507 1018 562 1069 tua
574 1016 730 1084 receperis
742 1017 845 1085 filiam
858 1029 961 1070 meam
971 1016 1130 1084 tuendum,
1147 1014 1205 1067 tibi
1214 1026 1286 1067 eam
1298 1013 1444 1066 tradam.

203 1114 258 1169 Sin
277 1114 373 1182 olias,
393 1129 593 1182 nequaquam
606 1116 640 1167 id
653 1129 746 1182 apere
751 1128 892 1183 possum.
913 1117 961 1169 cui
976 1117 1072 1169 beatus
1093 1114 1230 1168 Gildasius
1253 1113 1347 1167 dixit:
1362 1110 1447 1167 biiii

204 1225 274 1268 earo
287 1214 388 1279 trade,
401 1216 431 1267 et
442 1228 495 1281 epo
508 1214 565 1268 tibi
576 1227 645 1267 eom
657 1228 771 1268 sonam
783 1218 812 1268 et
824 1215 973 1269 illaesam
985 1214 1023 1268 ab
1035 1214 1122 1268 omni
1130 1212 1333 1280 corruptione
1351 1211 1444 1265 recti·

200 1314 301 1367 tuom.
315 1316 392 1367 ‘lunc
404 1315 543 1380 praelatus
556 1320 689 1381 tyrannus
702 1328 752 1380 per
765 1328 865 1368 manus
886 1313 974 1367 sancti
995 1313 1107 1367 Gildasii
1128 1314 1232 1378 recepit
1251 1325 1314 1365 earn
1334 1312 1367 1363 in
1380 1323 1445 1365 eon·

196 1411 274 1478 jugio
287 1413 339 1466 sibi
352 1413 547 1481 copulandam.
562 1417 661 1467 Beatus
672 1427 737 1467 vero
749 1414 885 1468 Gildasius
898 1414 1044 1468 revertitur
1056 1414 1162 1466 interea
1180 1411 1215 1466 ad
1225 1411 1443 1477 monasterium,
1461 1408 1492 1462 lb

145 1554 149 1560 .
202 1511 573 1579 pollensclarisvirtutibus.

235 1612 286 1666 te.
300 1614 407 1666 interea
420 1613 537 1679 peractis
545 1614 753 1681 nuptiis‚eoepit
766 1619 898 1681 tyrannus
907 1626 1037 1680 sponsam
1052 1615 1144 1667 fovere
1155 1612 1294 1667 dilectam.
1309 1614 1340 1665 Et
1353 1616 1387 1665 ut
1402 1625 1445 1667 co

202 1712 297 1781 guerit
309 1724 369 1765 cam
382 1713 542 1778 concepisse
554 1714 583 1765 in
595 1718 685 1779 utero,
699 1714 827 1781 cogitavit
840 1728 900 1767 eam
914 1712 1040 1768 occidere
1051 1713 1132 1766 solito
1145 1725 1221 1766 more
1231 1730 1239 1777 ;
1249 1711 1299 1765 sed
1310 1712 1444 1778 pertime—

202 1823 283 1865 scens
289 1811 481 1879 jusjurandum
492 1812 565 1879 quod
575 1816 670 1878 pactus
682 1813 771 1866 iuerat
780 1827 843 1865 cum
852 1813 933 1867 beato
943 1812 1073 1878 Gildasio‚
1081 1811 1177 1866 dicens
1186 1825 1242 1866 non
1252 1824 1336 1878 posse
1344 1811 1444 1865 tallere

199 1913 327 1963 sanctum
339 1911 428 1962 virum
441 1911 509 1976 quin
522 1910 672 1964 vindictam
686 1912 789 1965 iaceret
802 1925 886 1979 super
907 1925 1003 1965 necem
1027 1910 1081 1964 sibi
1105 1911 1213 1978 puellae
1231 1909 1368 1964 creditae.
1392 1910 1443 1964 llla
1459 1911 1491 1963 lb

199 2021 265 2063 tero
274 2012 304 2061 ut
316 2009 442 2077 cognorit
455 2009 577 2062 animum
589 2011 649 2076 ejus
661 2010 843 2063 furibundum
856 2018 952 2064 contra
965 2025 994 2065 se
1005 2012 1040 2064 ob
1052 2011 1262 2077 conceptionem
1271 2010 1326 2077 sui,
1340 2011 1443 2064 timore

200 2107 354 2173 perterrita,
368 2107 398 2159 in
411 2107 502 2175 iugem
515 2107 595 2160 citius
607 2107 725 2161 latenter
736 2108 829 2174 elapsa
842 2114 894 2161 cst.
910 2109 985 2173 Quod
999 2115 1028 2161 ut
1041 2109 1168 2176 cognovit
1189 2107 1231 2161 tir
1250 2107 1321 2173 ejus,
1341 2108 1442 2175 maiori

197 2208 255 2274 jam
273 2207 312 2260 ira
326 2220 485 2271 succensus,
500 2208 643 2261 insecutus
655 2214 697 2261 est
709 2221 780 2262 eam.
794 2211 879 2273 Quam
890 2223 953 2262 curn
966 2208 1116 2261 invenisset
1123 2208 1200 2273 juxta
1211 2206 1284 2259 tiam
1305 2205 1443 2261 latentem

200 2307 252 2360 sub
276 2306 422 2360 frondibus
443 2308 618 2360 arbustorum
640 2308 776 2376 fatigatam
802 2309 957 2374 subluere,
979 2313 1106 2373 exempto
1127 2318 1259 2359 mucrone
1282 2306 1438 2373 amputarit

205 2412 286 2472 caput
304 2407 372 2472 eius,
386 2411 415 2459 et
426 2407 466 2459 sic
477 2407 588 2460 demum
601 2419 729 2460 reversus
742 2412 783 2459 est
802 2407 831 2459 in
851 2407 964 2460 domum
987 2419 1075 2459 suam.
1096 2409 1153 2470 Quo
1172 2404 1275 2472 audito,
1286 2408 1368 2471 pater
1379 2407 1441 2472 eius
1457 2408 1486 2460 bb

205 2518 304 2572 magno
316 2508 471 2560 concutitur
479 2507 584 2575 dolore,
598 2519 630 2560 ac
643 2508 694 2561 sub
707 2509 883 2560 festinatione
898 2506 971 2560 misit
984 2505 1018 2560 ad
1028 2508 1138 2559 beatum
1146 2504 1307 2571 Gildasium,
1321 2505 1439 2559 dicens:

204 2605 308 2660 Redde
318 2605 626 2675 mibifiliammcam,
634 2607 849 2675 quiapropter
861 2610 949 2661 tuom
958 2605 1210 2659 intercessionem
1214 2603 1349 2671 perdidi
1357 2617 1440 2659 eam.

205 2706 539 2774 Nunccopnoscequia
560 2708 617 2774 qui
637 2707 780 2776 conjupio
797 2720 867 2762 eam
888 2710 1060 2774 acceleret,
1069 2706 1203 2773 proprio
1223 2704 1334 2772 plodio
1346 2704 1441 2773 jupo-

207 2804 296 2859 iaeit.
310 2806 470 2873 apendice
483 2807 564 2873 quod
584 2809 714 2861 acturus
726 2819 776 2873 ee;
796 2806 870 2874 qoia
891 2808 1106 2860 cmtsummata
1127 2807 1173 2858 est
1184 2804 1311 2858 malitia
1328 2804 1400 2870 ejus
1410 2808 1442 2858 et

206 2916 259 2973 epo
271 2905 399 2960 orbatus
408 2905 537 2961 rnenebo
549 2919 644 2974 super
657 2908 871 2960 termiminos
883 2907 979 2961 beatus
992 2905 1128 2959 Gildasius
1140 2905 1264 2959 concitus
1277 2904 1394 2957 veniens
1406 2905 1441 2958 ad
1457 2905 1494 2957 t

207 3006 438 3059 munitiunculam
450 3007 498 3058 ubi
520 3004 579 3072 ipse
599 3011 732 3072 tyrannus
752 3005 900 3071 residebat,
921 3005 1028 3058 vocavit
1048 3004 1190 3058 ostiarium
1211 3002 1321 3069 domus,
1343 3007 1373 3055 ut
1385 3002 1440 3055 sibi

207 3105 335 3172 aperiret.
349 3105 399 3169 Qui
413 3106 520 3157 nullum
532 3105 557 3157 ci
571 3104 691 3158 reddidit
704 3105 819 3159 verbum
836 3105 1034 3172 responsionis,
1054 3104 1091 3157 ita
1108 3108 1138 3156 ut
1158 3103 1198 3154 ira
1219 3108 1441 3156 commoveretur

207 3205 248 3259 vir
260 3210 381 3269 sanctus,
395 3212 422 3257 et
434 3218 497 3257 eum
509 3204 569 3271 ipsa
590 3204 779 3272 indignatione
798 3205 952 3257 circumivit
972 3217 1081 3258 ornnem
1100 3203 1175 3255 illam
1196 3202 1394 3265 murationem‚
1413 3207 1440 3255 et

207 3309 319 3371 accepto
330 3305 410 3371 pleno
423 3304 526 3372 pugillo
537 3309 627 3358 terrae
640 3305 948 3372 scaturientis‚projecit
960 3318 1042 3371 super
1052 3304 1127 3357 illam
1138 3302 1337 3357 habitationem
1351 3314 1440 3369 :quae

207 3405 298 3458 statim
310 3405 452 3457 submersu
465 3408 505 3457 est
518 3405 547 3456 in
559 3405 686 3471 abyssum
699 3419 760 3457 cum
780 3407 855 3458 omni
877 3405 1021 3473 tyrannide
1042 3404 1221 3458 crudelitatis.
1243 3404 1274 3455 Et
1296 3415 1439 3470 regressus
1455 3400 1494 3455 bt!

207 3505 281 3572 inde,
294 3506 360 3558 abiit
371 3520 460 3571 usquc
480 3505 514 3558 ad
536 3505 626 3558 locum
647 3506 695 3558 ubi
715 3507 841 3559 exanime
857 3506 965 3572 jacebat
986 3505 1102 3558 cadaver
1123 3503 1247 3558 mulieris
1267 3502 1439 3568 interiectae,

208 3604 312 3670 prolem
325 3605 353 3656 in
367 3608 444 3657 utero
458 3605 601 3669 babentis;
615 3609 643 3657 et
654 3610 766 3670 accepto
779 3605 876 3671 capite,
890 3604 1013 3656 adbaesit
1025 3603 1134 3669 corpori
1147 3608 1255 3668 trunco,
1268 3600 1367 3655 dicens
1380 3615 1387 3653 :
1401 3600 1441 3654 let

207 3705 332 3760 nomine
343 3705 469 3758 Domini
484 3705 587 3758 nostri
597 3705 671 3758 Jesu
687 3704 811 3766 Christi,
823 3704 962 3773 imfimo,
977 3703 1033 3756 tibi
1040 3704 1119 3772 dico,
1132 3715 1225 3769 stirpe
1236 3703 1266 3755 et
1277 3703 1329 3754 sia
1339 3713 1442 3769 supra

203 3805 390 3873 pedestrem,
404 3804 552 3858 eiindica
572 3804 652 3857 olibi
671 3805 747 3872 quid
769 3805 896 3858 videris.
918 3804 1011 3857 Atilia
1035 3805 1166 3857 continuo
1188 3802 1310 3855 surrexit
1329 3814 1398 3855 sano
1415 3805 1442 3854 et

209 3904 346 3957 illaesaab
359 3904 433 3957 omni
447 3903 622 3969 corruptione
644 3906 748 3957 mortis.
772 3907 826 3957 lloc
839 3903 967 3970 inquiens
986 3903 1065 3955 beato
1078 3903 1137 3955 viro
1149 3901 1225 3966 dixit,
1240 3900 1305 3966 quia
1317 3912 1394 3952 neore
1404 3900 1440 3951 ui
1455 3897 1487 3950 bi

209 4003 376 4071 interfecta
389 4017 468 4070 sum,
481 4003 624 4070 enpelico
635 4003 835 4057 sustentabar
847 4002 987 4057 vebicoio
999 4001 1093 4069 quasi
1101 3999 1233 4067 ferenda
1242 3998 1443 4064 etjunpenda

210 4102 302 4157 choro
326 4104 589 4169 martyrem-sed
614 4106 669 4157 itta
681 4104 842 4158 vocatione
854 4104 896 4156 od
918 4106 946 4155 te
968 4114 1096 4155 reversa
1114 4114 1184 4153 suro
1195 4117 1204 4167 ‚·
1216 4102 1246 4153 ei
1257 4110 1331 4153 cum
1342 4110 1444 4152 rever·

210 4206 300 4270 terer‚
308 4203 375 4256 vidi
385 4203 546 4258 caminum
559 4201 700 4269 fornacis
712 4217 845 4271 rriopoae
855 4215 1040 4257 succensum
1049 4203 1079 4254 et
1090 4203 1249 4254 auctorem
1259 4210 1348 4252 meae
1358 4198 1444 4252 necis

157 4322 161 4333 ·
211 4303 323 4357 ibidem
330 4303 553 4372 praecipitari.
566 4306 641 4355 Tunc
655 4305 749 4356 beatus
770 4303 907 4356 Gildasius
927 4303 1004 4356 duxit
1024 4315 1085 4354 eam
1107 4302 1176 4367 patri
1200 4311 1260 4365 suo,
1282 4304 1311 4352 et
1333 4303 1444 4365 accepta

211 4416 294 4457 manu
304 4404 363 4469 ejus
375 4403 495 4467 dextera,
509 4402 627 4455 reddidit
639 4402 776 4470 ei‚‹licens
789 4419 796 4453 :
810 4403 885 4457 Ecce
896 4401 1069 4468 depositum
1078 4399 1161 4467 qaod
1173 4397 1253 4452 mibi
1266 4397 1443 4452 tradidisti.
1458 4394 1488 4447 to

215 4502 341 4557 Custodi
348 4514 418 4555 eam
429 4503 464 4554 ut
476 4501 580 4569 filiam
591 4501 734 4568 euticam,⁸
744 4504 774 4554 ct
781 4502 906 4568 prolem
916 4512 1012 4567 quarn
1019 4501 1120 4567 pectet
1129 4498 1165 4551 iat
1172 4501 1261 4551 utero
1273 4496 1444 4564 ditipcriter

211 4599 265 4668 sac
275 4600 522 4655 erttttriredortec
535 4600 578 4654 ad
589 4599 818 4668 inteilipibiiem
828 4599 995 4667 perveniat
1007 4600 1150 4652 aetaterrt.
1163 4595 1251 4648 ltilla
1269 4596 1321 4649 sub
1340 4597 1443 4664 iurelu-
