3316 5482
77 2324 88 2345 ·
99 2321 165 2377 eod,

52 2388 187 2443 invidiae.

220 336 288 404 538
566 355 695 408 osum.
712 355 815 407 conn.
834 355 1009 407 simoen.
1027 354 1108 404 nur.

220 524 279 591 eius
306 527 473 590 extorquens
495 523 604 591 nqueo.
637 524 760 591 lienique
782 527 859 590 patre
883 522 961 590 pueri
994 521 1133 590 perceptis
1164 521 1348 575 sermonibus
1371 518 1444 575 sanci

218 622 348 677 antistitis
360 628 500 677 remeante
512 622 547 677 ad
565 622 663 688 illium,
682 623 802 691 repperit
813 636 876 677 eum
890 623 947 690 iam
965 622 1132 675 exanimem.
1151 622 1341 689 superquam
1366 619 1444 675 adm

219 722 285 776 dum
298 722 345 778 illo
358 722 451 791 dente,
465 723 631 791 nemineque
643 724 703 790 ejus
711 736 866 778 maerorem
878 723 975 776 sedare
985 722 1104 788 valente,
1114 721 1354 788 compatientibus
1364 718 1444 774 amia

220 823 309 890 inquit
322 838 330 876 r
342 825 433 877 Ferte
443 824 581 878 cadaver
591 823 738 878 exanime
748 823 815 878 viro
827 823 892 877 Dei.
909 821 1032 890 Confido
1045 820 1131 876 enim
1143 821 1228 888 qaod
1243 820 1368 888 poterit
1383 832 1443 875 sott-

218 926 285 980 ctus
292 924 348 977 Dei
360 924 526 992 Malanios,
538 924 595 992 poi
600 924 769 992 praedicat
780 936 879 977 unum
887 925 917 977 et
931 935 1038 976 oerum
1044 922 1150 990 Dmm,
1164 921 1363 977 resuscitare
1372 923 1465 975 ml

219 1021 304 1091 quus
320 1022 401 1077 dictis
418 1024 497 1078 amici
518 1029 546 1077 et
565 1024 673 1093 cognati
692 1023 734 1077 sul
760 1029 898 1090 parentes,
915 1022 1076 1077 detulerunt
1093 1024 1121 1075 et
1136 1025 1296 1088 posuerunt
1313 1034 1377 1075 eum
1392 1024 1445 1075 ante

220 1124 304 1190 pedes
317 1124 405 1178 sancti
422 1125 485 1177 riri.
504 1127 581 1177 Tunc
597 1125 706 1191 genitor
724 1125 836 1178 orbatus
853 1129 927 1186 nato,
942 1123 1051 1190 lugubri
1067 1134 1134 1175 uoce
1153 1120 1335 1190 efflagitanda
1352 1128 1379 1175 et
1391 1133 1444 1174 eon·

220 1223 363 1291 querendo
375 1237 457 1290 super
469 1224 609 1278 interitum
626 1223 760 1289 defuncti,
773 1222 941 1290 amplectens
956 1235 1046 1290 genua
1059 1226 1086 1275 et
1103 1221 1272 1275 deosculans
1284 1220 1373 1289 pedes
1384 1221 1445 1288 eius,

221 1324 261 1377 sic
272 1321 422 1390 alloquitur
433 1323 522 1376 virum
542 1323 589 1377 liei
604 1339 610 1377 :
624 1324 734 1378 Saccoe
744 1322 873 1392 Melani,
894 1320 1081 1376 reddemibi
1099 1323 1210 1374 natum
1231 1333 1351 1389 mm,
1368 1332 1447 1389 attan

219 1421 350 1476 abstulit
370 1422 508 1476 crudetis
526 1421 630 1490 bosus,
650 1422 776 1476 invidas
794 1420 859 1475 tuis
873 1420 979 1488 pestis.
1001 1421 1087 1475 Certe
1102 1418 1229 1474 ameris
1254 1419 1334 1487 quoa
1351 1417 1482 1473 satu-tt

220 1523 310 1576 tereus
321 1534 342 1574 a
355 1523 384 1575 te
394 1522 548 1589 recedam,
559 1522 626 1576 nisi
641 1521 819 1576 restitueris
835 1521 949 1590 fliium.
964 1521 1087 1587 cumque
1107 1520 1190 1574 biset
1205 1525 1251 1573 ter
1269 1520 1369 1574 eadem
1381 1531 1448 1587 repe

219 1624 299 1685 teret,
313 1621 354 1673 vir
365 1621 412 1674 bei
425 1621 553 1675 misertus
565 1623 635 1689 ejus,
648 1634 852 1689 conuersusque
864 1619 899 1674 ad
909 1620 1065 1687 bominum,
1077 1619 1119 1672 luis
1127 1618 1219 1672 uerbis
1230 1620 1350 1687 rogabat
1360 1619 1449 1673 illum:

220 1720 301 1774 Deus
311 1721 513 1788 omnipotens,
525 1721 581 1789 qui
591 1722 756 1777 condolens
771 1719 892 1774 bomini
902 1719 1083 1787 sementino
1098 1716 1218 1787 fraude
1237 1718 1376 1789 decepto,
1387 1730 1451 1774 otoo

219 1832 251 1873 es
263 1819 453 1875 immortalis
461 1820 676 1888 etiavisibitis,
685 1821 720 1874 in
729 1819 787 1875 bns
795 1832 966 1874 aerumnas
975 1819 1182 1874 mortalitatis
1190 1819 1301 1873 venire
1308 1818 1452 1887 dopmnus

218 1933 260 1988 es,
272 1917 388 1988 fertior
400 1923 605 1988 peccaturus
622 1934 694 1976 eum
705 1919 786 1989 forti
797 1923 932 1986 omacio,
945 1918 1054 1987 spoliis
1065 1919 1132 1985 ejvus
1144 1918 1280 1986 direptis
1293 1917 1450 1986 annaque
1463 1915 1487 1969 ll

220 2017 345 2086 ablatas,
353 2019 524 2088 pacificato
537 2023 588 2074 tao
601 2020 732 2087 imperio
744 2033 815 2074 cam
829 2017 987 2086 triumpho
999 2018 1037 2071 de
1049 2016 1134 2072 hoste
1153 2016 1289 2085 vipereo,
1299 2019 1375 2084 post
1385 2014 1451 2070 illc·

221 2122 270 2173 tas
281 2121 488 2174 contumelias
507 2123 655 2175 eteruces
667 2133 799 2189 reanum
810 2120 923 2174 subisti
941 2118 1083 2186 sublime,
1095 2118 1276 2173 exaudime
1292 2115 1451 2186 famuliae

222 2220 311 2271 tuum
326 2232 430 2287 prono
442 2221 532 2274 cultu
553 2223 582 2274 te
592 2221 781 2289 ropr'tantem
801 2220 965 2274 interitum
983 2218 1075 2286 hstias
1095 2216 1247 2287 defuncti,
1261 2230 1302 2271 ae
1317 2217 1452 2286 pandat

222 2316 370 2371 inimicus
382 2318 420 2373 de
437 2331 481 2387 eo,
492 2319 548 2386 qai
559 2319 701 2373 incidia'
715 2322 787 2373 tuoe
808 2318 980 2387 ineffabilis
987 2317 1149 2385 potentiae
1167 2317 1304 2371 eoetersit
1314 2316 1452 2369 animam

221 2416 288 2482 ejus
298 2435 307 2483 ,·
319 2419 374 2471 sed
384 2419 480 2472 redde
500 2419 536 2472 ia
547 2418 602 2474 bec
622 2419 807 2487 corpusculo
827 2419 970 2474 animam
981 2419 1014 2471 oi
1034 2415 1228 2485 aequissima
1244 2416 1402 2483 evulsam,
1412 2413 1488 2469 ad!

224 2517 349 2570 taudem
361 2517 531 2583 etaloriam
541 2519 679 2572 nominis
688 2519 745 2585 tui,
753 2521 787 2572 ut
798 2518 1053 2585 omnispoputus,
1064 2516 1119 2584 qui
1127 2515 1327 2583 circumtat,
1337 2514 1451 2581 creda,

223 2617 384 2672 benedicat
394 2620 424 2671 et
437 2619 545 2672 laudet
561 2632 673 2673 nomen
684 2621 776 2672 totum
793 2619 827 2671 in
845 2620 975 2672 saeculo
990 2617 1197 2672 saeculorum.
1211 2617 1245 2669 lit
1261 2616 1331 2669 baec
1349 2614 1451 2679 dicens,

223 2729 373 2770 conuersus
388 2715 422 2770 ad
444 2718 575 2784 populum
597 2718 685 2772 adbuc
703 2717 886 2783 incredulum,
905 2717 961 2769 ait:
983 2715 1062 2775 Quid
1074 2713 1157 2768 coba
1171 2714 1345 2781 prosterno
1374 2714 1454 2768 Verte

225 2817 332 2883 leores,
346 2828 416 2870 cum
428 2816 540 2871 videtis
561 2816 774 2884 hujuscemodi
784 2819 814 2870 et
831 2816 999 2870 simillima
1017 2828 1038 2868 a
1052 2813 1181 2868 marino
1197 2813 1273 2882 pieri
1284 2812 1452 2876 miracuta,

223 2927 402 2983 seraperque
413 2916 683 2983 lapideapereretes
693 2916 1003 2984 cardamomum
1013 2914 1047 2967 irc
1059 2913 1188 2967 Domino
1200 2913 1261 2965 Deo
1270 2925 1355 2978 vero,
1366 2913 1453 2978 cmm
1466 2907 1488 2961 li

223 3014 326 3067 nobile
345 3015 418 3068 estis
434 3017 575 3083 plasma,
596 3016 748 3069 creditis?
765 3016 805 3069 ld
829 3017 907 3082 cujus
926 3027 1020 3068 vocem
1038 3019 1154 3067 cunctus
1174 3012 1296 3079 populus
1315 3011 1454 3079 prolitetur

223 3115 376 3168 accredere
389 3118 443 3168 lleo
456 3128 572 3169 summo.
586 3118 699 3180 ltoxque
714 3116 839 3181 imposita
852 3128 933 3168 cruce
944 3128 960 3167 a
973 3114 1052 3168 beato
1062 3113 1178 3166 delanio
1192 3113 1296 3178 pectori
1310 3111 1452 3165 exanimati

224 3215 374 3279 cadaveris,
388 3217 434 3282 qui
448 3217 534 3282 priua,
549 3221 627 3282 rupto
640 3216 758 3268 stamine
771 3229 923 3283 parcarum,
934 3220 1059 3267 caruerat
1070 3213 1207 3280 praesenti
1220 3219 1248 3264 et
1262 3212 1382 3278 perenni
1392 3211 1451 3272 vita,

224 3328 318 3368 rursus
331 3315 453 3368 redditus
465 3316 593 3369 vitalibus
605 3316 679 3368 auris
696 3315 873 3382 gandetum,
887 3319 948 3381 post
962 3314 1170 3367 dissolutionem
1183 3311 1309 3377 corporis
1322 3312 1452 3378 potiturus

224 3415 350 3468 maxima.
370 3418 425 3469 lloc
441 3429 550 3484 quoque
563 3429 679 3469 cernens
699 3416 824 3482 populus,
838 3416 1005 3480 stupetactus
1021 3414 1157 3467 clamabat
1174 3411 1270 3465 dicens
1289 3428 1297 3463 ε
1318 3411 1451 3478 Diouem
1463 3407 1488 3458 il

223 3518 269 3569 est
279 3515 363 3569 enim
378 3518 413 3568 ut
421 3517 561 3582 populas
573 3515 711 3569 creatori
721 3527 778 3568 sao
796 3514 922 3567 serviat.
936 3517 975 3566 lta
988 3526 1098 3581 quoque
1111 3526 1126 3565 a
1138 3518 1234 3565 sancto
1246 3511 1307 3565 uiro
1320 3510 1452 3565 eradicata

225 3620 300 3681 peste
314 3614 522 3680 incredulitatis,
537 3614 611 3667 nulla
625 3627 702 3683 seges
714 3614 889 3680 postmodum
902 3615 987 3667 crevit
999 3612 1177 3666 infidelitatis.

258 3713 308 3766 15.
322 3712 427 3766 Aliud.
442 3714 611 3766 -Exoritur
631 3714 695 3766 item
708 3713 871 3766 miraculum
892 3714 926 3766 ad
943 3712 1051 3765 laudem
1073 3712 1118 3765 bei
1131 3716 1158 3763 et
1170 3709 1285 3779 gloriam
1299 3716 1452 3764 sanctorum

225 3814 361 3880 praesenti
383 3813 486 3867 mundo
508 3813 681 3880 patefactum.
696 3814 758 3864 Erat
778 3812 898 3879 denique
919 3811 1031 3879 quidam
1052 3824 1101 3864 rex
1121 3810 1311 3863 atrocissimae
1333 3810 1451 3869 feritatis

225 3913 425 3966 britanniarum
437 3913 578 3966 nationum
589 3913 733 3966 sublimem
744 3925 834 3964 arcem
845 3912 945 3965 nobilis
954 3911 1062 3978 imperii
1073 3924 1179 3977 repens,
1191 3911 1305 3964 nomine
1314 3910 1451 3964 Eusebius.
1462 3902 1488 3955 i!

224 4014 272 4066 llic
280 4027 343 4066 cum
353 4012 471 4079 quodam
482 4018 603 4078 tempore
614 4011 804 4079 perlustrando
816 4012 1001 4065 monarchiam
1015 4024 1092 4064 suam
1102 4011 1208 4063 veniret
1218 4010 1248 4062 in
1261 4023 1362 4078 pagum
1374 4013 1450 4063 vene

225 4119 341 4178 tensem,
360 4111 528 4179 pertendens
547 4112 831 4179 Gamlitiacumusque
851 4111 884 4164 ad
898 4111 1000 4176 villam,
1013 4110 1084 4163 eruit
1104 4109 1172 4162 inibi
1192 4108 1289 4163 oculos
1309 4110 1450 4162 multorum

227 4209 368 4263 hominum
388 4222 540 4276 manusque
561 4210 686 4276 abscidit,
701 4209 864 4263 ostentando
885 4223 961 4261 suam
983 4207 1132 4261 saeuitiam.
1146 4208 1229 4273 Cuius
1251 4207 1388 4261 feritatem
1404 4210 1450 4259 ilco

226 4308 334 4363 volente
346 4309 455 4376 sedare,
468 4311 497 4362 in
510 4311 566 4376 ipsa
580 4315 659 4363 nocte
672 4311 763 4376 eoepit
774 4309 857 4363 artari
880 4309 982 4377 ingenti
995 4308 1081 4361 febris
1092 4306 1198 4371 dolore,
1212 4305 1251 4360 ita
1273 4308 1362 4360 utrix
1374 4318 1449 4361 rema·

226 4416 305 4464 neret
316 4410 344 4462 in
359 4422 391 4463 eo
404 4410 512 4462 halitus.
525 4411 574 4463 Cui
592 4423 654 4463 cum
667 4411 726 4475 ejus
739 4408 836 4462 modici
850 4409 956 4461 nullum
970 4409 995 4461 ci
1007 4406 1139 4461 auxillum
1154 4406 1314 4461 medicandi
1326 4407 1448 4474 praebere
1459 4398 1484 4450 ⁴⁰

226 4515 347 4576 possent,
360 4509 452 4562 audita
465 4509 535 4561 lama
555 4510 626 4562 beati
647 4509 765 4575 llclanii,
778 4507 853 4561 misit
865 4509 898 4561 ad
921 4521 983 4561 eum
997 4507 1118 4573 nuntios,
1132 4506 1315 4573 efflagitantes
1327 4513 1357 4560 ut
1368 4506 1448 4573 digna·

227 4617 302 4664 retur
314 4611 408 4664 venire
421 4610 454 4663 ad
468 4623 590 4678 aegrum.
603 4612 688 4675 Quem
701 4609 858 4663 uenientem
876 4608 911 4662 ad
933 4621 963 4662 se
980 4622 1043 4661 cum
1055 4607 1224 4675 quibusdam
1236 4608 1381 4663 monacbis
1397 4602 1449 4658 iecit
