3316 5482
456 349 548 401 aran.
568 344 973 398 unr.rsre1s.—conn.
994 341 1086 406 roser,
1107 340 1199 394 ιιιιιι.
1374 329 1441 397 603

307 522 347 600 40
362 516 429 622 [De
447 518 511 597 SS.
534 516 717 595 Sanctino
737 520 776 593 et
793 514 1001 615 Antonino]
1019 513 1099 603 (fol.
1124 513 1289 614 460-400).

239 657 272 708 Ut
284 655 314 706 in
325 653 385 707 cod.
400 653 466 705 4445
477 652 507 715 4,
521 652 603 726 ν.-
615 647 742 714 sequitur
762 646 819 712 (fol.
833 647 944 710 tonsu)
968 646 1086 713 hymnus
1108 645 1144 699 de
1162 647 1189 698 s.
1203 647 1318 700 nantino
1339 647 1441 702 Bello·

207 754 259 806 tor
270 749 371 805 amois
384 748 477 802 irretit
1346 753 1349 759 ·

306 849 346 925 5⁰
365 846 496 925 Passio
514 843 748 923 sanctissimi
767 842 989 944 Dionysii...
1011 842 1092 930 (fol.
1114 842 1289 938 itV-TBV).

240 985 275 1036 Ut
287 980 353 1035 ibid.
368 982 407 1046 5⁰,
421 978 515 1032 eadem
529 977 716 1044 inscriptione.
729 976 904 1042 -Sequitur
920 975 977 1040 (sol.
992 977 1103 1038 *ior-80¹)
1114 975 1234 1029 officium
1252 975 1327 1028 des.
1342 975 1441 1040 Diony·

204 1082 247 1135 sio
267 1086 294 1134 et
313 1080 394 1133 sociis
412 1079 480 1144 ejus,
494 1082 521 1131 et
533 1077 598 1130 tolio
610 1079 640 1129 81
656 1088 767 1142 prorsus
781 1075 909 1140 lacerato,
929 1074 1039 1128 initium
1052 1075 1168 1128 visionis
1190 1074 1330 1141 stephani,
1344 1072 1441 1126 eadem

205 1179 387 1246 inscriptione
398 1191 430 1231 ac
442 1178 471 1230 in
483 1177 543 1231 cod.
558 1176 616 1236 cit..
630 1176 667 1228 6⁰.

417 1584 560 1674 DVIII.
584 1583 709 1674 (lodex
729 1584 917 1693 signatus
938 1609 1051 1674 num.
1077 1584 1226 1675 10847.

243 1800 313 1853 Olim
326 1799 474 1853 sacerdotis
487 1799 619 1866 compton
631 1799 665 1852 de
679 1801 793 1864 tessun,
807 1797 908 1853 deinde
919 1797 1011 1864 suppl.
1026 1798 1072 1850 lat.
1086 1799 1173 1851 4454.

243 1901 382 1953 Foliorum
394 1901 437 1963 44,
450 1899 518 1952 min.
531 1900 767 1967 (immonis),
780 1899 862 1952 lineis
873 1897 973 1964 plenis,
986 1902 1113 1951 exaratus
1125 1910 1196 1951 saec.
1208 1899 1251 1951 xl.

310 2004 348 2074 40
366 1998 550 2100 [Epistola
567 1999 753 2077 Ludovici
772 1998 830 2076 Pii
857 1997 1106 2099 imperatoris
1129 1997 1180 2074 ad
1198 1997 1440 2098 Hilduinum]

358 2124 435 2224 (fol.
457 2124 575 2221 40-40).
651 2148 654 2155 ·

242 2257 292 2312 Ed.
306 2261 334 2310 P.
347 2261 388 2324 L.,
403 2263 468 2311 torn.
483 2260 544 2326 ow,
559 2272 586 2325 p.
603 2258 721 2311 454648.

309 2357 349 2433 40
368 2357 613 2458 Rescriptum
643 2356 819 2456 ejusdem
841 2349 1046 2464 [Hilduini]
1079 2355 1129 2433 ad
1146 2354 1440 2434 serenissimum

360 2484 700 2584 imperatorem...
723 2481 804 2570 (iol.
824 2481 942 2579 40-60).

244 2615 319 2668 Utin
335 2615 396 2668 cod.
408 2614 475 2668 4445
485 2615 515 2682 A,
525 2616 554 2667 40
565 2614 642 2679 (tom.
656 2616 677 2682 l,
691 2630 717 2681 p.
733 2616 799 2679 448).

311 2710 350 2788 30
368 2712 539 2813 Epistola
556 2712 732 2790 Hilduini
747 2712 900 2791 abbatis
918 2711 1116 2814 indigni...
1137 2711 1213 2812 (iol.
1234 2711 1355 2810 60-70).

244 2847 276 2898 Ut
297 2845 326 2897 in
346 2844 407 2898 cod.
421 2844 565 2910 superiori,
578 2846 615 2897 2⁸.
628 2845 801 2911 -sequitur
817 2845 876 2910 (fol.
889 2845 965 2909 Μ’)
977 2844 1112 2911 hymnus
1133 2844 1197 2897 virt
1217 2843 1437 2899 scelestissimi

208 2946 248 2998 de
260 2944 345 2997 beato
356 2943 504 3009 Dionysio
516 2943 617 3009 (Forte
628 2944 753 3013 fidelem
764 2944 897 2998 militem
913 2944 998 2998 Caeli
1008 2947 1149 2998 secutum
1156 2943 1390 3011 prioctpem...).

309 3040 349 3116 40
367 3040 498 3119 Passio
516 3041 749 3120 sanctissimi
768 3041 1006 3141 Dionysii.
1028 3041 1105 3141 (fol.
1123 3040 1263 3142 80-430).

245 3175 278 3226 Ut
290 3173 319 3224 in
333 3172 394 3226 cod.
406 3175 472 3226 4445
483 3175 515 3237 Α,
528 3174 566 3225 5⁰.

308 3270 348 3345 5⁰
366 3269 561 3349 Revelatio
579 3292 680 3371 quae
699 3278 852 3349 ostensa
883 3281 940 3351 est
965 3278 1100 3350 sancto
1124 3294 1248 3374 papae
1280 3271 1440 3375 Stepha-

384 3416 497 3471 no...
518 3393 595 3493 ιιοι.
616 3393 784 3495 aar-ary.

244 3529 277 3580 ut
291 3526 368 3592 inin,
380 3528 418 3581 60.

437 3937 540 4027 ΒΙΧ.
564 3935 689 4025 (lodex
710 3938 899 4048 signatus
921 3962 1034 4027 num.
1061 3937 1209 4026 10848.

243 4147 312 4199 Oiirn
326 4147 396 4200 Petri
409 4148 513 4201 Pithoei
525 4148 582 4212 (sol.
595 4147 640 4215 ir),
654 4148 756 4202 deinde
770 4149 864 4215 suppl.
879 4149 923 4201 lat.
940 4150 1014 4202 4044.

243 4247 379 4300 Foliorum
394 4250 450 4309 117,
464 4248 531 4300 min.
545 4249 764 4315 (nmmum),
780 4249 967 4316 lineisplenis,
981 4257 1108 4302 exaratus
1120 4261 1192 4303 saec.
1207 4251 1250 4302 lx.

309 4347 347 4422 10
364 4345 538 4447 [Sulpicii
558 4346 688 4425 Severi
706 4348 849 4449 scripta
868 4347 917 4425 de
935 4348 974 4426 S.
987 4347 1162 4449 Martino]
1179 4348 1256 4443 (fol.
1271 4348 1436 4452 404404*

306 4469 347 4545 40
366 4469 654 4571 [Inscriptiones
673 4471 722 4548 de
741 4471 778 4548 S.
801 4470 976 4574 Martino]
995 4471 1076 4574 (fol.
1098 4472 1291 4572 940-940).0

243 4603 373 4670 sequitur
384 4603 441 4669 (ror.
454 4604 578 4667 mocon
592 4605 653 4657 onis
668 4605 770 4674 nrarogr
783 4606 818 4657 nr
832 4605 943 4674 supas
956 4607 1048 4661 seven
1061 4608 1101 4673 (n.
1116 4608 1192 4664 ssu
1206 4607 1285 4677 tnta).
