3316 5482
213 325 281 393 498
558 338 682 389 cartu.
702 338 804 389 copo.
825 337 1000 388 atomon.
1020 338 1100 388 nar.

310 509 349 586 4⁰
366 507 433 608 [De
451 506 593 585 sanctis
612 504 848 607 martyribus
866 505 1062 606 Gergouia
1080 511 1119 582 et
1132 503 1353 606 Dorotheol
1368 502 1431 604 (iol.

364 634 528 734 i3i-ltii).

241 761 348 815 Prolixa
361 759 460 824 oratio,
476 759 620 822 habitant
640 758 759 822 videtur,
772 758 800 809 in
821 756 960 810 Gorziensi
983 755 1149 809 monasterio
1162 759 1333 810 recurrente
1344 760 1437 808 noch·

208 874 269 913 rum
291 865 439 926 martyrum
460 871 551 911 annua
572 858 733 922 testivitate3
747 857 775 909 in
797 869 850 923 qua
873 855 957 907 multo
978 854 1124 908 verborum
1145 861 1250 910 ornatu
1271 855 1437 910 celebrantur

208 967 366 1014 sanctorum
378 964 528 1025 martyrum
542 959 691 1011 certamina
704 956 856 1010 secantium
869 956 1025 1009 Passionem
1047 955 1129 1010 modo
1140 956 1253 1008 citatam
1267 961 1296 1009 el
1317 954 1436 1009 narratio

208 1074 271 1113 nem
285 1059 392 1113 Eusebii
406 1061 566 1125 (interprete
578 1057 697 1122 butino),
711 1057 790 1109 Hist.
804 1057 888 1120 eccl,
904 1055 949 1108 iih.
964 1067 1020 1119 rur,
1033 1068 1092 1121 cap.
1106 1056 1132 1108 6.

240 1162 296 1212 inc.
321 1159 493 1213 saluatoris
513 1156 762 1224 omnipotentiae,
781 1153 902 1223 fratres
922 1155 1132 1220 dilectissimi,
1150 1157 1236 1210 recte
1257 1169 1280 1210 a
1300 1154 1436 1224 fidelibus

208 1257 335 1311 ubinam
346 1270 469 1311 stemma
481 1270 551 1310 cnm
564 1255 738 1310 reverentia
749 1254 973 1309 conlaudando
985 1257 1039 1319 est,
1053 1267 1135 1321 artae
1145 1254 1189 1307 ad
1197 1267 1279 1308 snae
1286 1253 1435 1309 claritatis

209 1358 335 1410 mandem
344 1357 499 1423 simulque
511 1356 657 1409 honorem
669 1354 818 1407 nnrffversa
833 1353 984 1406 distinxit
996 1366 1136 1420 opera...

307 1450 346 1524 5⁰
359 1447 545 1550 [luventio
564 1446 703 1547 eapitis
722 1445 760 1522 S.
778 1444 937 1523 ioannis
951 1445 1156 1548 Baptistae]
1165 1445 1246 1546 (fol.
1267 1444 1432 1536 tir-ihi.

244 1571 352 1624 Scilicet
364 1574 393 1635 a)
405 1570 532 1636 Epistola
549 1569 680 1637 Dionysii,
693 1569 737 1622 cd.
751 1568 816 1621 Act.
829 1567 885 1634 SS,
899 1573 966 1621 tom.
984 1569 1017 1620 lv
1029 1570 1113 1635 lunii,
1127 1584 1155 1636 p.
1175 1573 1283 1635 rat-22,
1298 1584 1373 1625 num.
1388 1572 1437 1624 tos

211 1673 256 1736 553
268 1671 294 1735 b)
303 1670 406 1724 Relatio
418 1672 623 1734 Emesanorum,
635 1669 678 1722 ed.
690 1667 769 1731 ibin,
781 1681 806 1733 p.
819 1669 1127 1736 transnanti-3183
1141 1672 1168 1735 c)
1181 1671 1324 1738 hpparitio
1335 1672 1437 1725 &loen

212 1769 255 1822 nis
269 1768 393 1821 iiareello
415 1768 583 1834 presbytero,
602 1766 647 1820 ed.
659 1765 737 1831 ibin,
751 1780 778 1832 p.
791 1766 894 1831 rit-ao,
908 1779 983 1818 num.
1002 1768 1094 1820 libis
1114 1769 1292 1837 mitiusque
1312 1768 1345 1824 ad
1365 1769 1437 1823 rerba

211 1866 265 1920 emi
275 1866 360 1920 omit
370 1865 550 1933 Stephanus
558 1864 738 1932 presbyter).

244 1968 402 2032 Sequuntur
413 1966 468 2026 (tol.
481 1968 523 2040 iii)
534 1966 627 2030 hymni
639 1965 693 2018 dno
706 1964 740 2017 tle
754 1965 781 2017 S.
796 1962 961 2030 radegunde
976 1964 1068 2031 regina
1089 1965 1155 2030 (ine.
1167 1966 1252 2021 Mira
1264 1970 1435 2023 mmmmm

211 2066 329 2118 sator...
343 2070 370 2117 et
387 2066 421 2117 Ut
437 2064 579 2119 Christtm
590 2067 720 2118 stemma
732 2062 911 2130 cirpinnm).

310 2155 348 2232 6⁰
366 2155 449 2233 Vita
467 2155 587 2232 sanati
607 2153 804 2254 Rigomeri
823 2152 1042 2253 presbyteri
1057 2164 1095 2234 et
1108 2155 1350 2237 confessoris
1364 2156 1433 2258 (iol.

362 2276 528 2377 aar-am.

242 2402 357 2455 huctore
371 2405 448 2455 Petro
467 2403 513 2456 illo
534 2403 668 2455 monacho
690 2401 872 2468 malleacensi,
894 2406 941 2471 qui
962 2404 1119 2458 Goderanni
1141 2403 1251 2457 abbatis
1270 2405 1354 2469 jussu
1372 2403 1435 2456 cira

214 2501 332 2553 mettium
346 2501 485 2554 saeculum
510 2502 542 2553 xi
564 2500 705 2554 historiam
719 2503 761 2557 sui
784 2503 908 2557 coenobii
930 2504 1094 2569 conseripsit
1114 2501 1169 2567 (ed.
1191 2514 1237 2568 ap.
1252 2503 1357 2567 babbe,
1370 2500 1437 2556 Non.

215 2599 295 2653 Ribl.
309 2599 390 2666 Mss,
402 2607 466 2654 tom.
480 2602 514 2666 ll,
528 2616 554 2667 p.
568 2602 679 2668 aii-sm
693 2603 813 2658 elerici.
827 2605 883 2671 SS,
893 2604 928 2657 ati
940 2602 968 2656 d.
981 2605 1015 2656 at
1024 2605 1102 2671 hug,
1115 2607 1182 2656 tom.
1195 2603 1239 2664 lv,
1254 2617 1281 2669 p.
1296 2603 1357 2664 786,
1369 2614 1438 2654 num.

213 2701 262 2762 lb).
276 2702 301 2753 is
314 2713 412 2767 nempe
425 2701 452 2753 in
465 2701 546 2767 hujus
560 2701 687 2755 historiae
699 2703 810 2757 exordio
832 2702 966 2771 signitieat
978 2717 1007 2756 se
1025 2703 1124 2756 vitam
1146 2705 1300 2769 actusque
1321 2711 1439 2755 vertera·

211 2797 283 2851 bilis
295 2797 483 2864 confessoris
495 2797 653 2865 Ripomeri
663 2801 706 2853 ad
717 2802 834 2855 ecttcem
847 2814 943 2867 nsque
949 2813 1010 2868 pro
1028 2813 1119 2867 posse
1142 2799 1357 2864 correpsisset
1369 2796 1442 2865 Atqui

211 2895 268 2947 Vita
281 2896 427 2962 litgomeri,
439 2909 521 2962 quarn
534 2897 643 2949 exhibet
656 2897 743 2951 codex
765 2904 868 2963 noster,
895 2897 984 2950 eidem
1006 2898 1169 2951 Goderamro
1193 2897 1285 2951 abbati
1307 2897 1397 2950 dicata
1408 2899 1444 2949 est

211 2994 272 3061 (cir.
287 2994 369 3060 inira,
384 2995 465 3060 prot,
480 3008 556 3047 num.
571 2998 595 3060 b)
608 3002 635 3049 et
647 2998 789 3061 profitetur
801 2999 918 3064 scriptor
934 2997 1023 3062 (thio,
1037 3011 1113 3050 num.
1126 2998 1151 3057 tt
1173 2997 1281 3053 salins
1295 2998 1348 3050 sibi
1361 2998 1443 3052 visum

211 3104 277 3144 esse
296 3094 385 3145 aetna
398 3092 470 3156 jam
487 3092 632 3161 praefati
647 3095 761 3161 patris,
776 3095 852 3149 olim
874 3096 989 3148 litteris
1007 3095 1150 3161 insertos,
1164 3095 1287 3161 expolire
1307 3109 1359 3149 seu
1381 3108 1442 3149 rem

210 3193 373 3259 antiquam
385 3193 512 3258 recenti,
525 3196 560 3245 nt
572 3194 672 3260 atnnt,
688 3195 801 3248 incende
812 3208 972 3249 renovare.
987 3197 1111 3248 attamen
1133 3208 1256 3248 asserere
1280 3208 1338 3248 non
1358 3197 1442 3248 ausim

211 3292 295 3342 vitam
309 3291 381 3343 illam
394 3290 586 3357 antiquiorem,
600 3307 682 3358 quam
695 3307 759 3359 prae
771 3294 857 3347 oeulis
871 3295 965 3346 habuit
977 3295 1082 3358 Petrus,
1095 3306 1157 3345 eam
1177 3294 1265 3358 ipsam
1283 3307 1346 3348 esse
1363 3306 1442 3361 quarn

210 3390 294 3443 etiitiit
305 3394 425 3443 loannes
440 3391 531 3443 Pinius
545 3399 638 3444 noster
650 3394 723 3456 (het.
737 3394 794 3453 SS„
810 3399 874 3446 torn.
889 3394 946 3456 cit,
963 3408 988 3458 p.
1003 3394 1126 3456 itio-883:
1142 3405 1206 3444 nam
1220 3393 1284 3444 huic
1296 3400 1374 3446 certe
1388 3405 1443 3445 non

209 3490 337 3541 convenit
349 3489 422 3555 quoti
435 3488 469 3541 tic
483 3489 528 3541 ilia
541 3490 643 3543 indicat
656 3494 760 3556 Petrus,
777 3492 908 3543 nimirum
921 3492 1009 3556 ipsam
1028 3495 1082 3543 tam
1105 3490 1221 3542 barbaro
1244 3490 1309 3545 stilo
1328 3492 1448 3545 conscri-

212 3593 285 3654 ptam
297 3600 357 3639 esse
370 3593 399 3639 ut
420 3599 530 3640 necesse
544 3589 626 3640 fucrit
639 3602 698 3641 cam
720 3602 736 3642 e
753 3602 848 3642 caeno
859 3588 1050 3655 abjectionis,
1064 3601 1158 3654 quarn
1178 3591 1237 3641 aut
1256 3589 1390 3644 inscitia
1407 3590 1449 3642 rti-

211 3688 327 3741 ctantis
339 3690 394 3740 ant
407 3687 533 3741 incuria
545 3690 716 3755 emceptoris
727 3691 873 3755 incurrit,
883 3690 1064 3744 abstrahere
1073 3691 1369 3755 sermurrtqaenimic
1383 3703 1449 3745 eon·

211 3786 333 3855 sasione
341 3787 500 3839 irretitam
508 3788 669 3842 elucidare
677 3792 957 3857 atpteepropalare.
965 3787 1132 3842 crediderim
1144 3789 1234 3855 potius
1242 3794 1271 3842 et
1280 3803 1452 3858 anonymum

212 3887 288 3939 illurn
301 3900 316 3939 a
330 3887 405 3938 Pinio
422 3887 556 3951 prolatum
570 3893 596 3939 et
609 3891 717 3940 Petrum
732 3890 855 3942 hausisse
875 3903 908 3942 ex
929 3889 1069 3941 communi
1091 3888 1176 3952 tonte,
1191 3888 1248 3940 tlita
1261 3889 1370 3942 seilicet
1383 3892 1451 3944 anti·

212 3986 311 4051 quiori,
325 3997 394 4050 qnae
407 3984 496 4037 adhuc
508 3986 581 4038 latet.
595 3987 688 4053 ltaque
702 4001 753 4040 nco
766 3989 836 4041 Petri
852 3988 1080 4051 lucubrationem,
1096 3989 1227 4041 hactenus
1246 3989 1396 4057 ineditam,
1411 3993 1452 4043 hie

211 4085 239 4136 iu
261 4085 350 4136 lucem
364 4083 430 4136 dare
444 4085 556 4151 pigebit.
573 4085 630 4136 titi.
645 4085 770 4152 lipperti.

314 4175 352 4249 7⁰
373 4167 440 4278 [De
457 4184 590 4252 saneto
610 4176 794 4278 Hubertol
811 4176 888 4277 (fol.
910 4177 1079 4277 3if-35l).

246 4298 375 4362 Superest
397 4303 500 4349 tantum
522 4312 598 4351 num.
611 4301 627 4352 9
640 4300 701 4352 iibri
721 4300 800 4366 primi
820 4303 1028 4366 miraculorum,
1044 4301 1087 4354 ed.
1101 4303 1165 4354 Aet.
1178 4302 1238 4368 SS„
1253 4302 1287 4355 ad
1302 4306 1332 4357 tl.
1346 4310 1364 4358 b
1376 4310 1454 4371 Nota,

214 4401 280 4450 tom.
295 4398 315 4462 i,
328 4411 352 4461 p.
365 4398 423 4449 ehi.

310 4486 350 4562 8⁰
369 4486 499 4564 Passio
518 4496 742 4567 sanctorum
762 4501 979 4591 martyrum
1003 4491 1168 4569 Victoris
1199 4501 1238 4569 et
1272 4493 1456 4576 Coronae

360 4609 437 4709 (fol.
459 4611 627 4711 hil-lii).

247 4732 294 4786 Ed.
308 4734 372 4788 Act.
386 4734 444 4801 SS,
458 4733 491 4787 ad
504 4734 532 4790 d.
548 4738 578 4791 tt
590 4737 661 4803 hait,
677 4741 744 4793 torn.
758 4740 804 4806 iii,
818 4755 845 4806 p.
859 4741 966 4795 iiiiii.
