3278 5482
206 344 274 411 352
549 358 675 410 caran.
695 358 795 410 cono.
811 358 988 409 naotocn.
1007 358 1089 410 nar.

205 531 269 583 dam
281 529 406 593 clericus,
420 528 466 593 qui
479 527 513 579 ad
526 528 643 580 eundem
663 527 814 595 principem
828 528 934 581 lcrebat
945 528 981 581 de
998 534 1075 595 parte
1097 529 1168 596 regis
1180 530 1316 597 quandam
1327 529 1401 597 legata
1468 548 1475 559 ·

205 644 280 684 nem.
293 633 318 683 ls
330 630 462 683 maerentl
477 630 593 696 principi
606 631 740 695 persuasit
758 635 789 683 ut
803 635 950 696 quaereret
968 628 1102 683 auxilium
1119 631 1207 683 sancti
1224 630 1403 699 Leodegarii3i

204 731 228 782 si
240 733 332 796 posset
343 741 358 782 a
371 742 434 797 rege
446 730 592 795 impetrare
605 734 635 781 ut
646 730 757 782 oculum
770 730 856 782 sancti
870 729 996 797 martyris
1008 729 1089 782 vellet
1102 729 1154 783 sibi
1173 730 1292 797 mittere,
1304 743 1350 796 per
1358 729 1405 783 illiti

204 836 305 884 tactum
318 831 386 883 dixit
398 829 433 882 ad
454 830 588 897 integram
609 831 752 883 sanitatem
775 843 856 896 posse
877 831 968 884 redire
988 843 1115 897 puerum.
1128 831 1225 884 Statim
1246 827 1406 897 pater,salru't

205 927 253 982 lilii
266 929 392 996 cupidus,
406 929 510 997 legatos
523 929 597 980 misit
619 930 653 982 ad
675 942 776 996 regern,
798 931 845 996 qui
866 931 936 983 sicut
957 929 1073 983 clericus
1096 935 1242 984 monuerat
1259 929 1329 997 apud
1345 926 1426 997 ragmi

205 1029 416 1083 intercederent.
433 1028 535 1092 Quibus
556 1029 681 1094 reversis,
702 1029 876 1095 consignatus
897 1034 938 1081 est
959 1042 1026 1096 puer
1044 1029 1124 1083 oculo
1145 1031 1232 1083 sancti
1256 1028 1409 1097 martyrium

35 1133 110 1201 ἐῶ,
125 1135 183 1201 lep.
206 1130 297 1183 statim
319 1132 380 1195 post
400 1128 581 1195 signaculum,
595 1132 735 1194 tamquam
757 1128 955 1181 redeuntibus'
968 1129 1100 1196 squamis,
1113 1129 1206 1195 coepit
1225 1126 1409 1195 oculosaperite

10 1200 244 1295 recidentibus²et,
257 1227 449 1297 quoddiunon
458 1231 571 1293 poterat,
586 1227 614 1279 in
623 1228 740 1280 alterum
751 1227 821 1280 latus
833 1229 893 1281 sine
905 1228 1008 1282 auxilio
1018 1227 1201 1282 ministrantis
1218 1241 1281 1282 sese
1290 1225 1409 1283 convent

208 1330 255 1383 bie
270 1340 335 1382 vero
347 1327 431 1380 altera
445 1328 567 1381 omnium
581 1328 767 1380 membrorum
779 1341 842 1380 curn
854 1328 1041 1382 incolumitate
1054 1329 1174 1395 suscepit
1185 1328 1284 1384 officia.

241 1428 273 1482 5.
284 1426 389 1481 Aliud.
403 1455 433 1466 -
446 1429 493 1480 llic
505 1440 569 1481 vero
582 1427 710 1495 quadarn,
724 1426 790 1480 dum
803 1427 958 1494 praedictus
973 1442 1022 1482 rex
1041 1434 1132 1497 ageret
1144 1429 1327 1493 venationem,
1339 1420 1440 1481 amitiit

207 1531 237 1581 ut
248 1541 334 1581 unum
346 1541 380 1580 ex
392 1527 533 1591 militibus,
546 1533 702 1580 currentem
714 1541 763 1594 pcr
784 1527 880 1580 silvam
901 1528 1092 1591 inconsultius,
1106 1541 1200 1581 ramus
1220 1528 1333 1596 quidam
1351 1524 1415 1580 sicit

207 1627 288 1681 oculo
302 1629 490 1681 reverberaret
501 1632 531 1680 ut
544 1627 572 1678 in
591 1626 688 1680 eodem
700 1627 780 1680 oculo
793 1640 856 1693 pars
869 1640 966 1694 magna
978 1627 1051 1681 illius
1064 1627 1115 1681 ilia
1127 1634 1294 1682 remaneret.
1306 1630 1373 1693 Quae
1385 1635 1417 1678 rut

206 1739 332 1794 magnam
344 1726 579 1780 contristationem
601 1725 657 1793 regi
670 1731 696 1779 et
719 1726 889 1792 principibus
909 1727 1009 1780 attulit.
1023 1729 1085 1779 lirat
1097 1727 1172 1780 euim
1185 1728 1246 1794 ipse
1266 1727 1343 1781 miles
1359 1722 1419 1779 valde

208 1825 318 1891 nobilis,
331 1829 359 1877 et
371 1824 509 1890 percussio
521 1823 665 1877 videbatur
676 1823 806 1877 omnibus
819 1825 900 1878 modo
922 1826 1095 1880 insanabilis.
1109 1827 1178 1880 cum
1191 1831 1284 1881 autem
1296 1826 1340 1880 die
1354 1824 1422 1879 alten

208 1927 410 1977 reverterentur
429 1937 445 1976 a
464 1923 620 1987 venatione,
632 1924 713 1990 iussit
725 1937 771 1976 rer
790 1924 841 1990 ipsi
861 1925 939 1977 militi
957 1930 987 1978 ut
1004 1925 1082 1979 illurn
1099 1925 1221 1991 oculum,
1234 1926 1314 1992 cujus
1331 1918 1457 1991 penitutl!

207 2023 350 2076 videbatur
361 2022 485 2074 amisisse
497 2020 625 2085 odicium,
635 2022 808 2090 consignaret
820 2023 900 2076 oculo
910 2024 997 2076 sancti
1010 2024 1177 2093 leodegarii.
1187 2023 1265 2088 Quod
1277 2036 1340 2078 cum
1352 2034 1426 2077 saoce

207 2121 258 2175 dos
269 2121 380 2189 quidam
399 2121 553 2188 peregisset,
568 2121 668 2185 statim,
683 2121 773 2188 lugeto
794 2120 900 2189 dolore,
913 2122 993 2175 rediit
1012 2123 1106 2176 lumen
1126 2123 1270 2178 vulnerato
1283 2123 1362 2178 oculo
1376 2134 1430 2176 cum

208 2222 333 2274 sanitate.

242 2320 273 2373 Β.
287 2322 375 2372 Item.
384 2348 415 2358 -
425 2322 488 2372 Erat
503 2321 531 2371 in
544 2319 732 2372 aurelianensi
745 2319 852 2372 civitate
864 2319 999 2387 quaedam
1011 2320 1110 2373 nobilis
1122 2324 1259 2388 matrona,
1272 2321 1351 2388 cujus
1362 2322 1434 2386 caput

66 2423 153 2478 'cod
207 2417 348 2484 cujusdam
360 2418 500 2471 vermiculi
515 2430 618 2482 morsu,
632 2431 712 2483 quern
726 2430 854 2471 araneam
867 2421 876 2439 ⁶
889 2422 996 2483 vocant,
1011 2419 1171 2472 mirabiliter
1193 2422 1352 2485 tumuerat3
1364 2419 1435 2484 cnjus
1445 2414 1471 2468 tt

52 2502 164 2545 aranea·
208 2517 363 2571 immanitas
376 2518 491 2570 tumoris
504 2519 591 2568 visum
604 2524 631 2568 ct
651 2517 773 2569 auditum
787 2517 826 2569 illi
846 2518 1005 2571 abstulerat.
1020 2519 1087 2571 lluic
1104 2525 1196 2571 autem
1208 2532 1274 2570 cum
1286 2517 1434 2572 medicinae

209 2617 315 2682 species
327 2627 384 2668 non
396 2614 498 2667 valeret
511 2628 681 2680 succurrere,
695 2615 785 2680 coepit
796 2616 927 2668 auxilium
939 2617 1025 2669 sancti
1037 2615 1195 2684 leodegarii
1208 2614 1369 2682 implorare.
1378 2619 1435 2670 ora·

208 2715 256 2768 bat
276 2719 365 2768 autem
387 2714 479 2766 multis
501 2714 628 2779 precibus
643 2719 674 2765 ut
694 2715 772 2767 oculo
794 2716 878 2767 sancti
899 2715 1056 2783 leodegarii
1078 2715 1203 2782 martyris
1220 2716 1436 2783 consignaretur.

209 2815 285 2879 Quod
297 2827 359 2867 cum
372 2812 459 2878 fleret,
472 2814 617 2866 sinemuro
631 2818 720 2866 tumor
732 2814 778 2866 ille
791 2814 857 2866 abiit
870 2819 898 2867 et
910 2815 1040 2880 pristinae
1053 2814 1156 2867 formae
1168 2813 1253 2868 decor
1265 2814 1358 2868 rediit.

242 2915 273 2966 7.
287 2915 374 2965 Item.
385 2940 418 2951 -
431 2915 476 2965 Est
488 2910 598 2978 quidam
611 2912 687 2964 locus
699 2911 839 2965 infinibus
851 2913 966 2967 alsatiae
978 2914 1112 2981 ctVosagi
1125 2914 1203 2980 situs,
1217 2914 1329 2967 llorbac
1340 2913 1438 2977 dictus,
1453 2912 1475 2966 fl

208 3013 256 3067 ubi
271 3013 412 3066 collocavit
424 3012 555 3064 Dominus
567 3012 653 3064 sancti
667 3013 791 3078 martyris
804 3017 885 3080 caput
897 3013 987 3067 fertile
999 3014 1155 3080 virtutibus,
1165 3014 1245 3082 quasi
1270 3014 1300 3067 in
1312 3014 1442 3068 umbilico

209 3113 385 3168 terraeillius
397 3112 501 3166 scilicet
521 3112 665 3165 caelestem
686 3114 852 3179 gemmulam
872 3113 1016 3166 includens
1038 3114 1067 3166 in
1087 3126 1198 3166 auream
1217 3114 1366 3167 concham.
1379 3115 1443 3166 llam

210 3212 381 3279 pinguissimi
403 3212 496 3277 colles,
510 3210 624 3263 vinifera
646 3211 730 3263 latera
751 3211 929 3277 applicantes,
951 3211 1073 3265 efficiunt
1093 3212 1247 3278 florigeram
1267 3211 1371 3265 vallem
1395 3224 1444 3265 ceu

211 3313 366 3378 paradisum
379 3311 562 3364 aemulantem
579 3314 606 3363 et
618 3310 754 3364 baccbaeo
776 3312 909 3379 sanguine
927 3313 1123 3366 abundantem.
1137 3314 1168 3364 ln
1189 3313 1349 3366 summitate
1371 3312 1444 3365 illius

211 3410 289 3463 vallis
301 3412 329 3463 in
342 3410 408 3463 locis
419 3410 587 3462 silvestribus
599 3410 772 3477 congregatio
785 3411 991 3479 peregrinorum
1012 3412 1128 3464 excubat
1146 3424 1229 3477 super
1246 3415 1332 3478 caput
1343 3411 1445 3477 pretio·
1458 3410 1475 3462 il

211 3523 282 3563 sum.
295 3512 341 3561 Est
353 3509 426 3563 enim
439 3508 610 3562 consuetudo
623 3522 658 3561 cx
671 3514 792 3574 tempore
811 3510 924 3575 antiquo
942 3515 972 3563 ut
992 3511 1021 3562 in
1039 3511 1235 3578 rogationibus,
1249 3522 1322 3576 quas
1339 3509 1445 3564 invenit

210 3615 320 3663 sanctus
332 3612 478 3661 llamertus
489 3610 652 3661 viennensis
664 3609 819 3675 episcopus,
832 3608 959 3662 videlicet
980 3611 1009 3662 in
1020 3609 1111 3678 vigilia
1133 3609 1313 3662 ascensionis
1328 3609 1446 3663 domini

211 3721 268 3773 cae,
282 3709 458 3762 extrahantur
470 3707 503 3761 de
517 3708 635 3761 latibulis
648 3721 744 3762 omnes
755 3709 888 3775 reliquiae
902 3715 928 3762 et
948 3708 1127 3775 deportentur
1140 3709 1168 3760 in
1190 3709 1381 3775 supradictam
1395 3710 1447 3763 val·

212 3808 267 3862 lem
279 3809 307 3860 in
328 3808 476 3874 speciosam
498 3807 649 3873 planitiem.
663 3807 791 3862 lloderno
812 3807 903 3875 itaque
924 3813 1055 3874 tempore,
1068 3808 1171 3861 scilicet
1191 3809 1243 3862 sub
1264 3809 1447 3864 lieberbardo

211 3910 333 3975 ipsorum
355 3907 561 3974 peregrinorum
582 3908 689 3974 abbate,
703 3908 749 3974 qui
768 3908 853 3973 ipsius
874 3908 1001 3973 martyris
1021 3908 1103 3962 vitam
1123 3907 1263 3974 perlucide
1275 3909 1365 3974 jussit
1382 3911 1475 3965 eno-i

14 4019 187 4074 qumana
208 4006 341 4069 cleare,...
355 4005 532 4057 ‘Excaecatio
553 4017 663 4070 quoque
675 4004 860 4071 gloriosissimi
883 4005 1175 4072 martvrisbeodegarii
1197 4017 1229 4058 ac
1256 4004 1450 4076 lapidatioquc

36 4084 178 4207 mm?
212 4104 285 4158 beati
297 4103 411 4169 Gayreni
425 4109 467 4156 est
478 4104 533 4155 vill
546 4102 676 4156 kalendas
688 4103 860 4169 septembris.

362 4302 447 4380 Vrrn
464 4315 498 4380 S.
520 4315 650 4380 Frncnrr
666 4333 840 4381 anamma
858 4313 939 4400 (Cir.
959 4334 1069 4399 supra,
1089 4335 1122 4400 p.
1142 4314 1222 4393 349,
1242 4315 1306 4407 5⁰).

244 4501 270 4551 1.
284 4498 423 4552 Gloriosus
435 4503 516 4565 atque
529 4499 705 4552 beatissimus
718 4500 850 4564 Flauius,
869 4499 983 4551 eremita
1001 4496 1170 4565 magnificus,
1190 4496 1225 4550 de
1237 4499 1377 4557 llibernia
1390 4507 1454 4560 Sco

211 4602 303 4652 torum
314 4605 340 4653 et
352 4599 484 4667 sanguine
498 4600 582 4668 regali
595 4602 714 4668 genitus,
729 4616 777 4667 pro
798 4613 892 4654 amore
910 4602 974 4653 iesu
989 4599 1088 4652 curisti
1111 4608 1209 4653 cuncta
1227 4600 1403 4675 despiciens,
1426 4620 1475 4661 εει
