<?xml version="1.0" encoding="UTF-8"?>
<!DOCTYPE html PUBLIC "-//W3C//DTD XHTML 1.0 Transitional//EN"
    "http://www.w3.org/TR/xhtml1/DTD/xhtml1-transitional.dtd">
<html xmlns="http://www.w3.org/1999/xhtml" xml:lang="en" lang="en">
 <head>
  <title>
</title>
<meta http-equiv="Content-Type" content="text/html;charset=utf-8" />
  <meta name='ocr-system' content='tesseract 3.04.00' />
  <meta name='ocr-capabilities' content='ocr_page ocr_carea ocr_par ocr_line ocrx_word'/>
</head>
<body>
  <div class='ocr_page' id='page_1' title='image "./cataloguscodicu02manugoog_0565.png"; bbox 0 0 3316 5482; ppageno 0'>
   <div class='ocr_carea' id='block_1_1' title="bbox 26 620 213 771">
    <p class='ocr_par' dir='ltr' id='par_1_1' title="bbox 26 620 213 771">
     <span class='ocr_line' id='line_1_1' title="bbox 26 620 180 697; baseline -0.019 0"><span class='ocrx_word' id='word_1_1' title='bbox 26 620 30 626; x_wconf 40' lang='lat'>¹</span> <span class='ocrx_word' id='word_1_2' title='bbox 93 641 180 697; x_wconf 74' lang='lat' dir='ltr'>&#39;cod</span> 
     </span>
     <span class='ocr_line' id='line_1_2' title="bbox 68 709 213 771; baseline -0.007 -7"><span class='ocrx_word' id='word_1_3' title='bbox 68 709 213 771; x_wconf 75' lang='lat' dir='ltr'>subvectis.</span> 
     </span>
    </p>
   </div>
   <div class='ocr_carea' id='block_1_2' title="bbox 238 314 1126 410">
    <p class='ocr_par' dir='ltr' id='par_1_2' title="bbox 238 314 1126 410">
     <span class='ocr_line' id='line_1_3' title="bbox 238 314 1126 410; baseline -0.006 0"><span class='ocrx_word' id='word_1_4' title='bbox 238 344 306 410; x_wconf 81' lang='lat'>540</span> <span class='ocrx_word' id='word_1_5' title='bbox 584 357 708 409; x_wconf 72' lang='lat' dir='ltr'>carm.</span> <span class='ocrx_word' id='word_1_6' title='bbox 727 358 831 409; x_wconf 87' lang='lat' dir='ltr'>cono.</span> <span class='ocrx_word' id='word_1_7' title='bbox 849 314 1126 408; x_wconf 68' lang='lat' dir='ltr'>usercencis.</span> 
     </span>
    </p>
   </div>
   <div class='ocr_carea' id='block_1_3' title="bbox 237 530 1513 2098">
    <p class='ocr_par' dir='ltr' id='par_1_3' title="bbox 237 530 1513 1599">
     <span class='ocr_line' id='line_1_4' title="bbox 237 530 1459 601; baseline -0.002 -14"><span class='ocrx_word' id='word_1_8' title='bbox 237 545 312 587; x_wconf 87' lang='lat' dir='ltr'>ream</span> <span class='ocrx_word' id='word_1_9' title='bbox 324 544 434 586; x_wconf 89' lang='lat' dir='ltr'>omnem</span> <span class='ocrx_word' id='word_1_10' title='bbox 456 537 620 600; x_wconf 85' lang='lat' dir='ltr'>creaturam,</span> <span class='ocrx_word' id='word_1_11' title='bbox 633 535 685 588; x_wconf 91' lang='lat' dir='ltr'>sub</span> <span class='ocrx_word' id='word_1_12' title='bbox 706 547 736 588; x_wconf 86' lang='lat' dir='ltr'>se</span> <span class='ocrx_word' id='word_1_13' title='bbox 754 534 925 601; x_wconf 85' lang='lat' dir='ltr'>relinquens,</span> <span class='ocrx_word' id='word_1_14' title='bbox 938 533 973 587; x_wconf 91' lang='lat' dir='ltr'>ad</span> <span class='ocrx_word' id='word_1_15' title='bbox 985 531 1143 599; x_wconf 75' lang='lat' dir='ltr'>praecelsae</span> <span class='ocrx_word' id='word_1_16' title='bbox 1158 530 1305 585; x_wconf 74' lang='lat' dir='ltr'><strong>Trinitatis</strong></span> <span class='ocrx_word' id='word_1_17' title='bbox 1327 532 1459 601; x_wconf 58' lang='lat' dir='ltr'>mniuibu</span> 
     </span>
     <span class='ocr_line' id='line_1_5' title="bbox 237 630 1459 701; baseline 0.002 -17"><span class='ocrx_word' id='word_1_18' title='bbox 237 632 400 687; x_wconf 83' lang='lat' dir='ltr'>subvectus·</span> <span class='ocrx_word' id='word_1_19' title='bbox 413 633 544 701; x_wconf 80' lang='lat' dir='ltr'>angelicis</span> <span class='ocrx_word' id='word_1_20' title='bbox 557 634 682 700; x_wconf 91' lang='lat' dir='ltr'>pervenit</span> <span class='ocrx_word' id='word_1_21' title='bbox 701 635 831 688; x_wconf 80' lang='lat' dir='ltr'><strong>thronum</strong></span> <span class='ocrx_word' id='word_1_22' title='bbox 843 649 851 699; x_wconf 83' lang='lat'>3</span> <span class='ocrx_word' id='word_1_23' title='bbox 864 632 912 687; x_wconf 90' lang='lat' dir='ltr'>ubi</span> <span class='ocrx_word' id='word_1_24' title='bbox 933 630 1084 686; x_wconf 90' lang='lat' dir='ltr'>eorundem</span> <span class='ocrx_word' id='word_1_25' title='bbox 1105 631 1251 700; x_wconf 90' lang='lat' dir='ltr'>agminum</span> <span class='ocrx_word' id='word_1_26' title='bbox 1263 637 1459 698; x_wconf 78' lang='lat' dir='ltr'>sanctorumque</span> 
     </span>
     <span class='ocr_line' id='line_1_6' title="bbox 240 731 1460 799; baseline -0.001 -13"><span class='ocrx_word' id='word_1_27' title='bbox 240 733 364 787; x_wconf 92' lang='lat' dir='ltr'>omnium</span> <span class='ocrx_word' id='word_1_28' title='bbox 376 733 466 786; x_wconf 85' lang='lat' dir='ltr'>eboris</span> <span class='ocrx_word' id='word_1_29' title='bbox 479 733 590 799; x_wconf 87' lang='lat' dir='ltr'>sociata,</span> <span class='ocrx_word' id='word_1_30' title='bbox 603 734 696 787; x_wconf 91' lang='lat' dir='ltr'>inclita</span> <span class='ocrx_word' id='word_1_31' title='bbox 716 734 841 788; x_wconf 89' lang='lat' dir='ltr'>caelestis</span> <span class='ocrx_word' id='word_1_32' title='bbox 864 733 1033 786; x_wconf 78' lang='lat' dir='ltr'><strong>Hierusalem</strong></span> <span class='ocrx_word' id='word_1_33' title='bbox 1055 731 1187 786; x_wconf 81' lang='lat' dir='ltr'>felicitate</span> <span class='ocrx_word' id='word_1_34' title='bbox 1211 731 1403 799; x_wconf 51' lang='lat' dir='ltr'>perfruitura</span> <span class='ocrx_word' id='word_1_35' title='bbox 1420 742 1460 798; x_wconf 81' lang='lat' dir='ltr'>gua</span> 
     </span>
     <span class='ocr_line' id='line_1_7' title="bbox 238 829 1513 901; baseline -0.002 -16"><span class='ocrx_word' id='word_1_36' title='bbox 238 831 329 885; x_wconf 93' lang='lat' dir='ltr'>omnis</span> <span class='ocrx_word' id='word_1_37' title='bbox 340 829 419 886; x_wconf 90' lang='lat' dir='ltr'>dolor</span> <span class='ocrx_word' id='word_1_38' title='bbox 430 832 538 886; x_wconf 87' lang='lat' dir='ltr'>alicnus</span> <span class='ocrx_word' id='word_1_39' title='bbox 550 836 577 885; x_wconf 91' lang='lat' dir='ltr'>et</span> <span class='ocrx_word' id='word_1_40' title='bbox 588 832 696 885; x_wconf 73' lang='lat' dir='ltr'>tristitia</span> <span class='ocrx_word' id='word_1_41' title='bbox 716 837 744 885; x_wconf 94' lang='lat' dir='ltr'>et</span> <span class='ocrx_word' id='word_1_42' title='bbox 763 833 881 900; x_wconf 80' lang='lat' dir='ltr'>gemitus</span> <span class='ocrx_word' id='word_1_43' title='bbox 894 837 944 897; x_wconf 89' lang='lat' dir='ltr'>est,</span> <span class='ocrx_word' id='word_1_44' title='bbox 957 830 1036 897; x_wconf 76' lang='lat' dir='ltr'>cuius</span> <span class='ocrx_word' id='word_1_45' title='bbox 1053 830 1140 897; x_wconf 90' lang='lat' dir='ltr'>gloria</span> <span class='ocrx_word' id='word_1_46' title='bbox 1158 829 1267 884; x_wconf 89' lang='lat' dir='ltr'>nullius</span> <span class='ocrx_word' id='word_1_47' title='bbox 1288 842 1305 883; x_wconf 88' lang='lat' dir='ltr'>a</span> <span class='ocrx_word' id='word_1_48' title='bbox 1327 829 1462 883; x_wconf 72' lang='lat' dir='ltr'>mortalium</span> <span class='ocrx_word' id='word_1_49' title='bbox 1511 890 1513 901; x_wconf 40' lang='grc' dir='ltr'>Ι</span> 
     </span>
     <span class='ocr_line' id='line_1_8' title="bbox 237 904 1513 1000; baseline -0.004 -14"><span class='ocrx_word' id='word_1_50' title='bbox 237 933 479 998; x_wconf 79' lang='lat' dir='ltr'>comprehenditur</span> <span class='ocrx_word' id='word_1_51' title='bbox 498 932 663 999; x_wconf 82' lang='lat' dir='ltr'>eloquentia.</span> <span class='ocrx_word' id='word_1_52' title='bbox 676 933 716 986; x_wconf 90' lang='lat' dir='ltr'>lbi</span> <span class='ocrx_word' id='word_1_53' title='bbox 738 932 913 1000; x_wconf 84' lang='lat' dir='ltr'>splendorem</span> <span class='ocrx_word' id='word_1_54' title='bbox 925 931 1001 985; x_wconf 92' lang='lat' dir='ltr'>nullo</span> <span class='ocrx_word' id='word_1_55' title='bbox 1013 929 1187 985; x_wconf 76' lang='lat' dir='ltr'>deficientem</span> <span class='ocrx_word' id='word_1_56' title='bbox 1200 936 1333 998; x_wconf 90' lang='lat' dir='ltr'>tempore</span> <span class='ocrx_word' id='word_1_57' title='bbox 1348 930 1485 989; x_wconf 69' lang='lat' dir='ltr'>intuenti</span> <span class='ocrx_word' id='word_1_58' title='bbox 1509 904 1513 949; x_wconf 69' lang='lat'><em>⁴</em></span> 
     </span>
     <span class='ocr_line' id='line_1_9' title="bbox 238 1028 1465 1098; baseline -0.002 -15"><span class='ocrx_word' id='word_1_59' title='bbox 238 1030 285 1083; x_wconf 84' lang='lat' dir='ltr'>lux</span> <span class='ocrx_word' id='word_1_60' title='bbox 292 1031 353 1098; x_wconf 88' lang='lat' dir='ltr'>ista,</span> <span class='ocrx_word' id='word_1_61' title='bbox 362 1031 589 1098; x_wconf 85' lang='lat' dir='ltr'>quaevisibilibus</span> <span class='ocrx_word' id='word_1_62' title='bbox 596 1031 719 1084; x_wconf 85' lang='lat' dir='ltr'>cernitur</span> <span class='ocrx_word' id='word_1_63' title='bbox 728 1031 877 1097; x_wconf 87' lang='lat' dir='ltr'>obtutibus,</span> <span class='ocrx_word' id='word_1_64' title='bbox 886 1029 930 1083; x_wconf 91' lang='lat' dir='ltr'>cui</span> <span class='ocrx_word' id='word_1_65' title='bbox 938 1034 1103 1096; x_wconf 86' lang='lat' dir='ltr'>comparata,</span> <span class='ocrx_word' id='word_1_66' title='bbox 1111 1029 1202 1096; x_wconf 90' lang='lat' dir='ltr'>potius</span> <span class='ocrx_word' id='word_1_67' title='bbox 1209 1030 1393 1083; x_wconf 84' lang='lat' dir='ltr'>tenebrarum</span> <span class='ocrx_word' id='word_1_68' title='bbox 1404 1028 1465 1095; x_wconf 86' lang='lat' dir='ltr'>iungi</span> 
     </span>
     <span class='ocr_line' id='line_1_10' title="bbox 238 1127 1465 1198; baseline -0.003 -14"><span class='ocrx_word' id='word_1_69' title='bbox 238 1131 370 1185; x_wconf 86' lang='lat' dir='ltr'>vocabulo</span> <span class='ocrx_word' id='word_1_70' title='bbox 382 1131 576 1197; x_wconf 88' lang='lat' dir='ltr'>comprobatur</span> <span class='ocrx_word' id='word_1_71' title='bbox 595 1144 678 1198; x_wconf 83' lang='lat' dir='ltr'>quam</span> <span class='ocrx_word' id='word_1_72' title='bbox 698 1131 789 1184; x_wconf 91' lang='lat' dir='ltr'>lucis:</span> <span class='ocrx_word' id='word_1_73' title='bbox 808 1143 899 1197; x_wconf 83' lang='lat' dir='ltr'>neque</span> <span class='ocrx_word' id='word_1_74' title='bbox 919 1130 993 1183; x_wconf 91' lang='lat' dir='ltr'>enim</span> <span class='ocrx_word' id='word_1_75' title='bbox 1014 1129 1060 1182; x_wconf 90' lang='lat' dir='ltr'>iiia</span> <span class='ocrx_word' id='word_1_76' title='bbox 1072 1134 1166 1182; x_wconf 90' lang='lat' dir='ltr'>sancta</span> <span class='ocrx_word' id='word_1_77' title='bbox 1177 1129 1276 1184; x_wconf 85' lang='lat' dir='ltr'>civitas</span> <span class='ocrx_word' id='word_1_78' title='bbox 1288 1129 1396 1183; x_wconf 90' lang='lat' dir='ltr'>lumine</span> <span class='ocrx_word' id='word_1_79' title='bbox 1412 1127 1465 1183; x_wconf 87' lang='lat' dir='ltr'>solis</span> 
     </span>
     <span class='ocr_line' id='line_1_11' title="bbox 240 1227 1468 1298; baseline -0.003 -15"><span class='ocrx_word' id='word_1_80' title='bbox 240 1234 287 1283; x_wconf 91' lang='lat' dir='ltr'>aut</span> <span class='ocrx_word' id='word_1_81' title='bbox 298 1230 380 1282; x_wconf 88' lang='lat' dir='ltr'>lunae</span> <span class='ocrx_word' id='word_1_82' title='bbox 392 1228 504 1298; x_wconf 81' lang='lat' dir='ltr'>indiget,</span> <span class='ocrx_word' id='word_1_83' title='bbox 518 1243 600 1296; x_wconf 86' lang='lat' dir='ltr'>quam</span> <span class='ocrx_word' id='word_1_84' title='bbox 621 1230 795 1297; x_wconf 88' lang='lat' dir='ltr'>omnipotens</span> <span class='ocrx_word' id='word_1_85' title='bbox 816 1233 889 1283; x_wconf 88' lang='lat' dir='ltr'>beus</span> <span class='ocrx_word' id='word_1_86' title='bbox 909 1242 959 1282; x_wconf 89' lang='lat' dir='ltr'>suo</span> <span class='ocrx_word' id='word_1_87' title='bbox 974 1227 1090 1281; x_wconf 90' lang='lat' dir='ltr'>illustrat</span> <span class='ocrx_word' id='word_1_88' title='bbox 1104 1227 1208 1281; x_wconf 90' lang='lat' dir='ltr'>iumine</span> <span class='ocrx_word' id='word_1_89' title='bbox 1221 1235 1250 1281; x_wconf 90' lang='lat' dir='ltr'>et</span> <span class='ocrx_word' id='word_1_90' title='bbox 1270 1230 1356 1295; x_wconf 76' lang='lat' dir='ltr'>cuius</span> <span class='ocrx_word' id='word_1_91' title='bbox 1371 1227 1468 1282; x_wconf 77' lang='lat' dir='ltr'>lucerna</span> 
     </span>
     <span class='ocr_line' id='line_1_12' title="bbox 239 1326 1469 1400; baseline -0.004 -16"><span class='ocrx_word' id='word_1_92' title='bbox 239 1335 387 1398; x_wconf 89' lang='lat' dir='ltr'>estaguus.</span> <span class='ocrx_word' id='word_1_93' title='bbox 407 1330 446 1383; x_wconf 91' lang='lat' dir='ltr'>ibi</span> <span class='ocrx_word' id='word_1_94' title='bbox 459 1336 488 1383; x_wconf 94' lang='lat' dir='ltr'>ut</span> <span class='ocrx_word' id='word_1_95' title='bbox 502 1330 580 1383; x_wconf 91' lang='lat' dir='ltr'>stella</span> <span class='ocrx_word' id='word_1_96' title='bbox 602 1330 687 1400; x_wconf 78' lang='lat' dir='ltr'>bulgot</span> <span class='ocrx_word' id='word_1_97' title='bbox 699 1331 728 1383; x_wconf 93' lang='lat' dir='ltr'>in</span> <span class='ocrx_word' id='word_1_98' title='bbox 749 1337 894 1398; x_wconf 90' lang='lat' dir='ltr'>perpetuas</span> <span class='ocrx_word' id='word_1_99' title='bbox 915 1330 1091 1383; x_wconf 81' lang='lat' dir='ltr'>aeternitates</span> <span class='ocrx_word' id='word_1_100' title='bbox 1113 1328 1222 1382; x_wconf 89' lang='lat' dir='ltr'>etsicut</span> <span class='ocrx_word' id='word_1_101' title='bbox 1244 1328 1381 1395; x_wconf 89' lang='lat' dir='ltr'>splendor</span> <span class='ocrx_word' id='word_1_102' title='bbox 1392 1326 1469 1381; x_wconf 83' lang='lat' dir='ltr'>firma</span> 
     </span>
     <span class='ocr_line' id='line_1_13' title="bbox 242 1427 1503 1499; baseline -0.004 -15"><span class='ocrx_word' id='word_1_103' title='bbox 242 1431 399 1498; x_wconf 67' lang='lat' dir='ltr'>mentioni</span> <span class='ocrx_word' id='word_1_104' title='bbox 420 1431 453 1484; x_wconf 94' lang='lat' dir='ltr'>ad</span> <span class='ocrx_word' id='word_1_105' title='bbox 464 1429 620 1499; x_wconf 87' lang='lat' dir='ltr'>justitia[m]</span> <span class='ocrx_word' id='word_1_106' title='bbox 641 1429 759 1484; x_wconf 87' lang='lat' dir='ltr'>erudivit</span> <span class='ocrx_word' id='word_1_107' title='bbox 780 1431 898 1497; x_wconf 89' lang='lat' dir='ltr'>multos;</span> <span class='ocrx_word' id='word_1_108' title='bbox 911 1442 1059 1499; x_wconf 84' lang='lat' dir='ltr'>regemque</span> <span class='ocrx_word' id='word_1_109' title='bbox 1080 1430 1109 1482; x_wconf 94' lang='lat' dir='ltr'>in</span> <span class='ocrx_word' id='word_1_110' title='bbox 1122 1442 1172 1483; x_wconf 92' lang='lat' dir='ltr'>suo</span> <span class='ocrx_word' id='word_1_111' title='bbox 1188 1429 1292 1483; x_wconf 88' lang='lat' dir='ltr'>decore</span> <span class='ocrx_word' id='word_1_112' title='bbox 1304 1442 1432 1492; x_wconf 86' lang='lat' dir='ltr'>cernens,</span> <span class='ocrx_word' id='word_1_113' title='bbox 1442 1427 1470 1480; x_wconf 88' lang='lat' dir='ltr'>de</span> <span class='ocrx_word' id='word_1_114' title='bbox 1481 1427 1503 1479; x_wconf 88' lang='lat' dir='ltr'>it</span> 
     </span>
     <span class='ocr_line' id='line_1_14' title="bbox 241 1527 1218 1599; baseline -0.005 -14"><span class='ocrx_word' id='word_1_115' title='bbox 241 1544 291 1585; x_wconf 90' lang='lat' dir='ltr'>sua</span> <span class='ocrx_word' id='word_1_116' title='bbox 300 1533 358 1598; x_wconf 82' lang='lat' dir='ltr'>jam</span> <span class='ocrx_word' id='word_1_117' title='bbox 370 1530 501 1599; x_wconf 87' lang='lat' dir='ltr'>regnandi</span> <span class='ocrx_word' id='word_1_118' title='bbox 514 1529 614 1583; x_wconf 85' lang='lat' dir='ltr'>fiducia</span> <span class='ocrx_word' id='word_1_119' title='bbox 626 1543 750 1595; x_wconf 86' lang='lat' dir='ltr'>securus,</span> <span class='ocrx_word' id='word_1_120' title='bbox 764 1534 857 1583; x_wconf 87' lang='lat' dir='ltr'>nostra</span> <span class='ocrx_word' id='word_1_121' title='bbox 869 1534 960 1583; x_wconf 87' lang='lat' dir='ltr'>exstat</span> <span class='ocrx_word' id='word_1_122' title='bbox 972 1528 1062 1582; x_wconf 91' lang='lat' dir='ltr'>adbuc</span> <span class='ocrx_word' id='word_1_123' title='bbox 1074 1527 1218 1582; x_wconf 89' lang='lat' dir='ltr'>sollicitus.</span> 
     </span>
    </p>

    <p class='ocr_par' dir='ltr' id='par_1_4' title="bbox 240 1627 1508 2098">
     <span class='ocr_line' id='line_1_15' title="bbox 277 1627 1471 1697; baseline -0.003 -14"><span class='ocrx_word' id='word_1_124' title='bbox 277 1629 329 1684; x_wconf 83' lang='grc'>18.</span> <span class='ocrx_word' id='word_1_125' title='bbox 344 1632 461 1697; x_wconf 88' lang='lat' dir='ltr'>interca,</span> <span class='ocrx_word' id='word_1_126' title='bbox 474 1643 510 1684; x_wconf 94' lang='lat' dir='ltr'>ue</span> <span class='ocrx_word' id='word_1_127' title='bbox 522 1631 582 1684; x_wconf 89' lang='lat' dir='ltr'>sine</span> <span class='ocrx_word' id='word_1_128' title='bbox 593 1630 730 1684; x_wconf 91' lang='lat' dir='ltr'>bonorum</span> <span class='ocrx_word' id='word_1_129' title='bbox 751 1629 882 1683; x_wconf 89' lang='lat' dir='ltr'>transitus</span> <span class='ocrx_word' id='word_1_130' title='bbox 894 1630 980 1683; x_wconf 88' lang='lat' dir='ltr'>sancti</span> <span class='ocrx_word' id='word_1_131' title='bbox 993 1628 1146 1697; x_wconf 90' lang='lat' dir='ltr'>praeseutia</span> <span class='ocrx_word' id='word_1_132' title='bbox 1158 1627 1237 1682; x_wconf 87' lang='lat' dir='ltr'>fieret</span> <span class='ocrx_word' id='word_1_133' title='bbox 1249 1628 1387 1695; x_wconf 88' lang='lat' dir='ltr'>virorum,</span> <span class='ocrx_word' id='word_1_134' title='bbox 1400 1639 1471 1695; x_wconf 85' lang='lat' dir='ltr'>ange·</span> 
     </span>
     <span class='ocr_line' id='line_1_16' title="bbox 240 1725 1472 1797; baseline -0.003 -13"><span class='ocrx_word' id='word_1_135' title='bbox 240 1731 293 1784; x_wconf 93' lang='lat' dir='ltr'>lico</span> <span class='ocrx_word' id='word_1_136' title='bbox 306 1731 482 1796; x_wconf 91' lang='lat' dir='ltr'>suprascripti</span> <span class='ocrx_word' id='word_1_137' title='bbox 494 1728 660 1797; x_wconf 82' lang='lat' dir='ltr'>sacerdotes,</span> <span class='ocrx_word' id='word_1_138' title='bbox 673 1729 789 1784; x_wconf 77' lang='lat' dir='ltr'>Albinus</span> <span class='ocrx_word' id='word_1_139' title='bbox 801 1728 915 1796; x_wconf 92' lang='lat' dir='ltr'>scilicet,</span> <span class='ocrx_word' id='word_1_140' title='bbox 924 1732 1034 1783; x_wconf 81' lang='lat' dir='ltr'>bannus</span> <span class='ocrx_word' id='word_1_141' title='bbox 1052 1733 1079 1782; x_wconf 90' lang='lat' dir='ltr'>et</span> <span class='ocrx_word' id='word_1_142' title='bbox 1090 1728 1188 1795; x_wconf 88' lang='lat' dir='ltr'>iiicior,</span> <span class='ocrx_word' id='word_1_143' title='bbox 1202 1735 1402 1782; x_wconf 90' lang='lat' dir='ltr'>ammonentur</span> <span class='ocrx_word' id='word_1_144' title='bbox 1420 1725 1472 1780; x_wconf 83' lang='lat' dir='ltr'>aila</span> 
     </span>
     <span class='ocr_line' id='line_1_17' title="bbox 241 1828 1472 1898; baseline -0.003 -15"><span class='ocrx_word' id='word_1_145' title='bbox 241 1831 327 1896; x_wconf 85' lang='lat' dir='ltr'>minc,</span> <span class='ocrx_word' id='word_1_146' title='bbox 341 1843 450 1884; x_wconf 91' lang='lat' dir='ltr'>necnon</span> <span class='ocrx_word' id='word_1_147' title='bbox 464 1835 490 1883; x_wconf 90' lang='lat' dir='ltr'>et</span> <span class='ocrx_word' id='word_1_148' title='bbox 501 1833 614 1895; x_wconf 86' lang='lat' dir='ltr'>tiarsus,</span> <span class='ocrx_word' id='word_1_149' title='bbox 627 1830 675 1897; x_wconf 85' lang='lat' dir='ltr'>qui</span> <span class='ocrx_word' id='word_1_150' title='bbox 687 1843 702 1882; x_wconf 89' lang='lat' dir='ltr'>a</span> <span class='ocrx_word' id='word_1_151' title='bbox 713 1829 822 1898; x_wconf 89' lang='lat' dir='ltr'>cingulo</span> <span class='ocrx_word' id='word_1_152' title='bbox 834 1829 970 1896; x_wconf 89' lang='lat' dir='ltr'>serpentis</span> <span class='ocrx_word' id='word_1_153' title='bbox 982 1828 1072 1882; x_wconf 84' lang='lat' dir='ltr'>iuerat</span> <span class='ocrx_word' id='word_1_154' title='bbox 1083 1828 1226 1893; x_wconf 88' lang='lat' dir='ltr'>liberatus,</span> <span class='ocrx_word' id='word_1_155' title='bbox 1237 1831 1271 1879; x_wconf 93' lang='lat' dir='ltr'>ut</span> <span class='ocrx_word' id='word_1_156' title='bbox 1282 1828 1390 1895; x_wconf 84' lang='lat' dir='ltr'>absque</span> <span class='ocrx_word' id='word_1_157' title='bbox 1404 1839 1472 1880; x_wconf 88' lang='lat' dir='ltr'>nora</span> 
     </span>
     <span class='ocr_line' id='line_1_18' title="bbox 242 1923 1508 1997; baseline -0.005 -15"><span class='ocrx_word' id='word_1_158' title='bbox 242 1930 349 1983; x_wconf 88' lang='lat' dir='ltr'>itineris</span> <span class='ocrx_word' id='word_1_159' title='bbox 361 1928 452 1997; x_wconf 82' lang='lat' dir='ltr'>aliqua</span> <span class='ocrx_word' id='word_1_160' title='bbox 467 1929 501 1982; x_wconf 91' lang='lat' dir='ltr'>ad</span> <span class='ocrx_word' id='word_1_161' title='bbox 514 1929 622 1996; x_wconf 82' lang='lat' dir='ltr'>corpori</span> <span class='ocrx_word' id='word_1_162' title='bbox 636 1929 764 1982; x_wconf 89' lang='lat' dir='ltr'>ultimum</span> <span class='ocrx_word' id='word_1_163' title='bbox 777 1928 960 1982; x_wconf 90' lang='lat' dir='ltr'>sacratissimo</span> <span class='ocrx_word' id='word_1_164' title='bbox 973 1926 1134 1981; x_wconf 78' lang='lat' dir='ltr'>famulatum</span> <span class='ocrx_word' id='word_1_165' title='bbox 1143 1925 1392 1993; x_wconf 80' lang='lat' dir='ltr'>proficiscerentur</span> <span class='ocrx_word' id='word_1_166' title='bbox 1402 1926 1472 1980; x_wconf 67' lang='lat' dir='ltr'>aeia</span> <span class='ocrx_word' id='word_1_167' title='bbox 1485 1923 1508 1976; x_wconf 83' lang='lat' dir='ltr'>ii</span> 
     </span>
     <span class='ocr_line' id='line_1_19' title="bbox 242 2027 1472 2098; baseline -0.005 -13"><span class='ocrx_word' id='word_1_168' title='bbox 242 2032 280 2085; x_wconf 92' lang='lat' dir='ltr'>nii</span> <span class='ocrx_word' id='word_1_169' title='bbox 292 2031 491 2098; x_wconf 87' lang='lat' dir='ltr'>praebendum.</span> <span class='ocrx_word' id='word_1_170' title='bbox 505 2034 601 2085; x_wconf 81' lang='lat' dir='ltr'>Fertur</span> <span class='ocrx_word' id='word_1_171' title='bbox 613 2031 733 2098; x_wconf 82' lang='lat' dir='ltr'>denique</span> <span class='ocrx_word' id='word_1_172' title='bbox 744 2029 820 2097; x_wconf 83' lang='lat' dir='ltr'>quod</span> <span class='ocrx_word' id='word_1_173' title='bbox 832 2042 847 2082; x_wconf 92' lang='lat' dir='ltr'>a</span> <span class='ocrx_word' id='word_1_174' title='bbox 859 2028 997 2082; x_wconf 90' lang='lat' dir='ltr'>caelicolis</span> <span class='ocrx_word' id='word_1_175' title='bbox 1014 2028 1106 2081; x_wconf 90' lang='lat' dir='ltr'>anima</span> <span class='ocrx_word' id='word_1_176' title='bbox 1127 2033 1280 2094; x_wconf 88' lang='lat' dir='ltr'>assumpta,</span> <span class='ocrx_word' id='word_1_177' title='bbox 1294 2040 1354 2082; x_wconf 91' lang='lat' dir='ltr'>non</span> <span class='ocrx_word' id='word_1_178' title='bbox 1366 2027 1472 2080; x_wconf 76' lang='lat' dir='ltr'>minium</span> 
     </span>
    </p>
   </div>
   <div class='ocr_carea' id='block_1_4' title="bbox 146 2124 1472 2197">
    <p class='ocr_par' dir='ltr' id='par_1_5' title="bbox 146 2124 1472 2197">
     <span class='ocr_line' id='line_1_20' title="bbox 146 2124 1472 2197; baseline -0.004 -14"><span class='ocrx_word' id='word_1_179' title='bbox 146 2129 177 2184; x_wconf 79' lang='lat'>⁶.</span> <span class='ocrx_word' id='word_1_180' title='bbox 239 2131 293 2184; x_wconf 91' lang='lat' dir='ltr'>litis</span> <span class='ocrx_word' id='word_1_181' title='bbox 310 2134 320 2152; x_wconf 73' lang='lat'>⁸</span> <span class='ocrx_word' id='word_1_182' title='bbox 338 2131 411 2184; x_wconf 90' lang='lat' dir='ltr'>iuter</span> <span class='ocrx_word' id='word_1_183' title='bbox 430 2132 597 2185; x_wconf 81' lang='lat' dir='ltr'>venetenses</span> <span class='ocrx_word' id='word_1_184' title='bbox 619 2129 852 2197; x_wconf 82' lang='lat' dir='ltr'>Redoneuscsque</span> <span class='ocrx_word' id='word_1_185' title='bbox 876 2129 949 2182; x_wconf 91' lang='lat' dir='ltr'>viros</span> <span class='ocrx_word' id='word_1_186' title='bbox 974 2126 1125 2181; x_wconf 86' lang='lat' dir='ltr'>surrexerit</span> <span class='ocrx_word' id='word_1_187' title='bbox 1146 2124 1274 2193; x_wconf 87' lang='lat' dir='ltr'>corporis</span> <span class='ocrx_word' id='word_1_188' title='bbox 1298 2125 1472 2180; x_wconf 85' lang='lat' dir='ltr'>contentione</span> 
     </span>
    </p>
   </div>
   <div class='ocr_carea' id='block_1_5' title="bbox 238 2225 1508 4696">
    <p class='ocr_par' dir='ltr' id='par_1_6' title="bbox 238 2225 1508 3394">
     <span class='ocr_line' id='line_1_21' title="bbox 240 2225 1471 2298; baseline -0.006 -15"><span class='ocrx_word' id='word_1_189' title='bbox 240 2229 358 2285; x_wconf 85' lang='lat' dir='ltr'>terendi.</span> <span class='ocrx_word' id='word_1_190' title='bbox 372 2232 418 2284; x_wconf 91' lang='lat' dir='ltr'>isti</span> <span class='ocrx_word' id='word_1_191' title='bbox 437 2244 486 2298; x_wconf 92' lang='lat' dir='ltr'>pro</span> <span class='ocrx_word' id='word_1_192' title='bbox 499 2243 514 2283; x_wconf 93' lang='lat' dir='ltr'>a</span> <span class='ocrx_word' id='word_1_193' title='bbox 529 2244 558 2284; x_wconf 91' lang='lat' dir='ltr'>sc</span> <span class='ocrx_word' id='word_1_194' title='bbox 570 2235 697 2297; x_wconf 83' lang='lat' dir='ltr'>acceptae</span> <span class='ocrx_word' id='word_1_195' title='bbox 709 2229 801 2283; x_wconf 92' lang='lat' dir='ltr'>carnis</span> <span class='ocrx_word' id='word_1_196' title='bbox 814 2228 953 2282; x_wconf 84' lang='lat' dir='ltr'>nativitate</span> <span class='ocrx_word' id='word_1_197' title='bbox 965 2240 995 2280; x_wconf 90' lang='lat' dir='ltr'>se</span> <span class='ocrx_word' id='word_1_198' title='bbox 1014 2231 1120 2280; x_wconf 89' lang='lat' dir='ltr'>tantum</span> <span class='ocrx_word' id='word_1_199' title='bbox 1140 2225 1303 2293; x_wconf 89' lang='lat' dir='ltr'>possidendi</span> <span class='ocrx_word' id='word_1_200' title='bbox 1315 2227 1471 2279; x_wconf 86' lang='lat' dir='ltr'>tbesaurun</span> 
     </span>
     <span class='ocr_line' id='line_1_22' title="bbox 239 2324 1471 2400; baseline -0.006 -16"><span class='ocrx_word' id='word_1_201' title='bbox 239 2331 336 2400; x_wconf 83' lang='lat' dir='ltr'>dignos</span> <span class='ocrx_word' id='word_1_202' title='bbox 348 2329 475 2385; x_wconf 89' lang='lat' dir='ltr'>iacultate</span> <span class='ocrx_word' id='word_1_203' title='bbox 487 2331 651 2396; x_wconf 81' lang='lat' dir='ltr'>censebaut3</span> <span class='ocrx_word' id='word_1_204' title='bbox 662 2330 701 2382; x_wconf 93' lang='lat' dir='ltr'>illi</span> <span class='ocrx_word' id='word_1_205' title='bbox 715 2342 763 2396; x_wconf 95' lang='lat' dir='ltr'>pro</span> <span class='ocrx_word' id='word_1_206' title='bbox 775 2327 904 2395; x_wconf 85' lang='lat' dir='ltr'>pastorali</span> <span class='ocrx_word' id='word_1_207' title='bbox 916 2327 1077 2381; x_wconf 86' lang='lat' dir='ltr'>auctoritate</span> <span class='ocrx_word' id='word_1_208' title='bbox 1089 2327 1163 2379; x_wconf 87' lang='lat' dir='ltr'>bunc</span> <span class='ocrx_word' id='word_1_209' title='bbox 1177 2324 1211 2379; x_wconf 90' lang='lat' dir='ltr'>ad</span> <span class='ocrx_word' id='word_1_210' title='bbox 1224 2325 1326 2379; x_wconf 90' lang='lat' dir='ltr'>urbem</span> <span class='ocrx_word' id='word_1_211' title='bbox 1336 2325 1471 2393; x_wconf 87' lang='lat' dir='ltr'>proprian</span> 
     </span>
     <span class='ocr_line' id='line_1_23' title="bbox 240 2421 1508 2492; baseline -0.009 -9"><span class='ocrx_word' id='word_1_212' title='bbox 240 2430 341 2484; x_wconf 91' lang='lat' dir='ltr'>rectius</span> <span class='ocrx_word' id='word_1_213' title='bbox 352 2430 481 2484; x_wconf 90' lang='lat' dir='ltr'>dicebant</span> <span class='ocrx_word' id='word_1_214' title='bbox 500 2429 559 2483; x_wconf 85' lang='lat' dir='ltr'>fore</span> <span class='ocrx_word' id='word_1_215' title='bbox 577 2429 768 2482; x_wconf 82' lang='lat' dir='ltr'>deserendum.</span> <span class='ocrx_word' id='word_1_216' title='bbox 782 2427 831 2492; x_wconf 83' lang='lat' dir='ltr'>Qui</span> <span class='ocrx_word' id='word_1_217' title='bbox 852 2440 914 2480; x_wconf 83' lang='lat' dir='ltr'>curn</span> <span class='ocrx_word' id='word_1_218' title='bbox 937 2426 1033 2480; x_wconf 90' lang='lat' dir='ltr'>beatos</span> <span class='ocrx_word' id='word_1_219' title='bbox 1053 2423 1215 2479; x_wconf 82' lang='lat' dir='ltr'>adventasse</span> <span class='ocrx_word' id='word_1_220' title='bbox 1233 2421 1508 2490; x_wconf 77' lang='lat' dir='ltr'>pontificesvidis-it</span> 
     </span>
     <span class='ocr_line' id='line_1_24' title="bbox 241 2521 1471 2596; baseline -0.008 -12"><span class='ocrx_word' id='word_1_221' title='bbox 241 2536 312 2596; x_wconf 91' lang='lat' dir='ltr'>sent,</span> <span class='ocrx_word' id='word_1_222' title='bbox 335 2530 370 2584; x_wconf 86' lang='lat' dir='ltr'>ad</span> <span class='ocrx_word' id='word_1_223' title='bbox 391 2531 502 2584; x_wconf 86' lang='lat' dir='ltr'>illorum</span> <span class='ocrx_word' id='word_1_224' title='bbox 523 2530 685 2582; x_wconf 90' lang='lat' dir='ltr'>sententiam</span> <span class='ocrx_word' id='word_1_225' title='bbox 707 2529 842 2582; x_wconf 86' lang='lat' dir='ltr'>diciorum</span> <span class='ocrx_word' id='word_1_226' title='bbox 863 2539 975 2580; x_wconf 89' lang='lat' dir='ltr'>suorum</span> <span class='ocrx_word' id='word_1_227' title='bbox 994 2529 1187 2579; x_wconf 87' lang='lat' dir='ltr'>converterunt</span> <span class='ocrx_word' id='word_1_228' title='bbox 1207 2536 1365 2577; x_wconf 89' lang='lat' dir='ltr'>assensum.</span> <span class='ocrx_word' id='word_1_229' title='bbox 1386 2521 1471 2577; x_wconf 83' lang='lat' dir='ltr'>sancti</span> 
     </span>
     <span class='ocr_line' id='line_1_25' title="bbox 241 2623 1470 2699; baseline -0.007 -15"><span class='ocrx_word' id='word_1_230' title='bbox 241 2630 389 2699; x_wconf 85' lang='lat' dir='ltr'>siquidem,</span> <span class='ocrx_word' id='word_1_231' title='bbox 402 2630 566 2697; x_wconf 86' lang='lat' dir='ltr'>populorum</span> <span class='ocrx_word' id='word_1_232' title='bbox 585 2642 697 2696; x_wconf 90' lang='lat' dir='ltr'>prorsus</span> <span class='ocrx_word' id='word_1_233' title='bbox 715 2629 830 2681; x_wconf 91' lang='lat' dir='ltr'>vitantes</span> <span class='ocrx_word' id='word_1_234' title='bbox 850 2625 1020 2689; x_wconf 85' lang='lat' dir='ltr'>scandalum,</span> <span class='ocrx_word' id='word_1_235' title='bbox 1033 2625 1062 2677; x_wconf 92' lang='lat' dir='ltr'>in</span> <span class='ocrx_word' id='word_1_236' title='bbox 1082 2624 1248 2678; x_wconf 84' lang='lat' dir='ltr'>Viccnoniac</span> <span class='ocrx_word' id='word_1_237' title='bbox 1268 2623 1391 2688; x_wconf 85' lang='lat' dir='ltr'>alveum,</span> <span class='ocrx_word' id='word_1_238' title='bbox 1406 2634 1470 2690; x_wconf 78' lang='lat' dir='ltr'>quac</span> 
     </span>
     <span class='ocr_line' id='line_1_26' title="bbox 238 2723 1473 2799; baseline -0.009 -14"><span class='ocrx_word' id='word_1_239' title='bbox 238 2732 315 2799; x_wconf 77' lang='lat' dir='ltr'>Juxta</span> <span class='ocrx_word' id='word_1_240' title='bbox 326 2743 381 2798; x_wconf 86' lang='lat' dir='ltr'>quo</span> <span class='ocrx_word' id='word_1_241' title='bbox 394 2731 435 2784; x_wconf 90' lang='lat' dir='ltr'>vir</span> <span class='ocrx_word' id='word_1_242' title='bbox 447 2730 493 2783; x_wconf 88' lang='lat' dir='ltr'>bei</span> <span class='ocrx_word' id='word_1_243' title='bbox 506 2729 609 2783; x_wconf 91' lang='lat' dir='ltr'>obierat</span> <span class='ocrx_word' id='word_1_244' title='bbox 621 2728 742 2782; x_wconf 87' lang='lat' dir='ltr'>decurrit</span> <span class='ocrx_word' id='word_1_245' title='bbox 755 2727 856 2793; x_wconf 86' lang='lat' dir='ltr'>locum,</span> <span class='ocrx_word' id='word_1_246' title='bbox 866 2738 965 2792; x_wconf 91' lang='lat' dir='ltr'>corpus</span> <span class='ocrx_word' id='word_1_247' title='bbox 978 2724 1101 2778; x_wconf 89' lang='lat' dir='ltr'>navicula</span> <span class='ocrx_word' id='word_1_248' title='bbox 1114 2723 1280 2790; x_wconf 87' lang='lat' dir='ltr'>portandum</span> <span class='ocrx_word' id='word_1_249' title='bbox 1292 2724 1364 2776; x_wconf 91' lang='lat' dir='ltr'>mitti</span> <span class='ocrx_word' id='word_1_250' title='bbox 1375 2723 1473 2776; x_wconf 87' lang='lat' dir='ltr'>debere</span> 
     </span>
     <span class='ocr_line' id='line_1_27' title="bbox 241 2823 1472 2897; baseline -0.009 -14"><span class='ocrx_word' id='word_1_251' title='bbox 241 2831 378 2897; x_wconf 82' lang='lat' dir='ltr'>dixerunt,</span> <span class='ocrx_word' id='word_1_252' title='bbox 399 2830 528 2896; x_wconf 87' lang='lat' dir='ltr'>quatinus</span> <span class='ocrx_word' id='word_1_253' title='bbox 548 2841 724 2896; x_wconf 83' lang='lat' dir='ltr'>quocumque</span> <span class='ocrx_word' id='word_1_254' title='bbox 737 2827 909 2894; x_wconf 88' lang='lat' dir='ltr'>beusvellet‚</span> <span class='ocrx_word' id='word_1_255' title='bbox 923 2826 1001 2878; x_wconf 92' lang='lat' dir='ltr'>iilum</span> <span class='ocrx_word' id='word_1_256' title='bbox 1023 2825 1219 2895; x_wconf 83' lang='lat' dir='ltr'>transmitteret</span> <span class='ocrx_word' id='word_1_257' title='bbox 1240 2823 1423 2877; x_wconf 83' lang='lat' dir='ltr'>humandum.</span> <span class='ocrx_word' id='word_1_258' title='bbox 1446 2823 1472 2873; x_wconf 90' lang='lat' dir='ltr'>in</span> 
     </span>
     <span class='ocr_line' id='line_1_28' title="bbox 241 2917 1507 2998; baseline -0.012 -14"><span class='ocrx_word' id='word_1_259' title='bbox 241 2943 295 2998; x_wconf 86' lang='lat' dir='ltr'>qua</span> <span class='ocrx_word' id='word_1_260' title='bbox 308 2943 370 2983; x_wconf 92' lang='lat' dir='ltr'>cum</span> <span class='ocrx_word' id='word_1_261' title='bbox 389 2930 485 2983; x_wconf 92' lang='lat' dir='ltr'>eodem</span> <span class='ocrx_word' id='word_1_262' title='bbox 506 2929 636 2982; x_wconf 82' lang='lat' dir='ltr'>defuncto</span> <span class='ocrx_word' id='word_1_263' title='bbox 657 2929 698 2981; x_wconf 93' lang='lat' dir='ltr'>sui</span> <span class='ocrx_word' id='word_1_264' title='bbox 720 2928 874 2994; x_wconf 89' lang='lat' dir='ltr'>coepiscopi</span> <span class='ocrx_word' id='word_1_265' title='bbox 896 2937 1010 2992; x_wconf 88' lang='lat' dir='ltr'>corpore</span> <span class='ocrx_word' id='word_1_266' title='bbox 1030 2924 1221 2989; x_wconf 88' lang='lat' dir='ltr'>ascendentes,</span> <span class='ocrx_word' id='word_1_267' title='bbox 1235 2923 1344 2991; x_wconf 84' lang='lat' dir='ltr'>absque</span> <span class='ocrx_word' id='word_1_268' title='bbox 1365 2917 1507 2974; x_wconf 75' lang='lat' dir='ltr'>bumanill</span> 
     </span>
     <span class='ocr_line' id='line_1_29' title="bbox 239 3021 1468 3097; baseline -0.009 -15"><span class='ocrx_word' id='word_1_269' title='bbox 239 3029 379 3096; x_wconf 90' lang='lat' dir='ltr'>juvamine</span> <span class='ocrx_word' id='word_1_270' title='bbox 391 3028 569 3097; x_wconf 79' lang='lat' dir='ltr'>gubernaculi</span> <span class='ocrx_word' id='word_1_271' title='bbox 580 3027 771 3080; x_wconf 82' lang='lat' dir='ltr'>Redonensem</span> <span class='ocrx_word' id='word_1_272' title='bbox 783 3024 962 3079; x_wconf 86' lang='lat' dir='ltr'>veneruntad</span> <span class='ocrx_word' id='word_1_273' title='bbox 974 3026 1082 3078; x_wconf 88' lang='lat' dir='ltr'>urbem.</span> <span class='ocrx_word' id='word_1_274' title='bbox 1090 3023 1143 3076; x_wconf 87' lang='lat' dir='ltr'>sed</span> <span class='ocrx_word' id='word_1_275' title='bbox 1152 3021 1283 3089; x_wconf 90' lang='lat' dir='ltr'>opinione</span> <span class='ocrx_word' id='word_1_276' title='bbox 1296 3021 1384 3088; x_wconf 86' lang='lat' dir='ltr'>magis</span> <span class='ocrx_word' id='word_1_277' title='bbox 1393 3032 1468 3087; x_wconf 81' lang='lat' dir='ltr'>quam</span> 
     </span>
     <span class='ocr_line' id='line_1_30' title="bbox 242 3121 1470 3196; baseline -0.007 -14"><span class='ocrx_word' id='word_1_278' title='bbox 242 3129 333 3196; x_wconf 86' lang='lat' dir='ltr'>aliqua</span> <span class='ocrx_word' id='word_1_279' title='bbox 354 3130 460 3182; x_wconf 88' lang='lat' dir='ltr'>ratione</span> <span class='ocrx_word' id='word_1_280' title='bbox 482 3128 559 3180; x_wconf 88' lang='lat' dir='ltr'>ilrma</span> <span class='ocrx_word' id='word_1_281' title='bbox 572 3128 693 3195; x_wconf 86' lang='lat' dir='ltr'>agnitum</span> <span class='ocrx_word' id='word_1_282' title='bbox 708 3127 785 3179; x_wconf 90' lang='lat' dir='ltr'>nullo</span> <span class='ocrx_word' id='word_1_283' title='bbox 804 3126 894 3193; x_wconf 87' lang='lat' dir='ltr'>modo,</span> <span class='ocrx_word' id='word_1_284' title='bbox 908 3126 971 3178; x_wconf 88' lang='lat' dir='ltr'>lieet</span> <span class='ocrx_word' id='word_1_285' title='bbox 983 3126 1051 3178; x_wconf 91' lang='lat' dir='ltr'>nibil</span> <span class='ocrx_word' id='word_1_286' title='bbox 1064 3122 1225 3177; x_wconf 83' lang='lat' dir='ltr'>incredibile</span> <span class='ocrx_word' id='word_1_287' title='bbox 1244 3122 1327 3175; x_wconf 89' lang='lat' dir='ltr'>nobis</span> <span class='ocrx_word' id='word_1_288' title='bbox 1341 3121 1470 3174; x_wconf 88' lang='lat' dir='ltr'>videatur.</span> 
     </span>
     <span class='ocr_line' id='line_1_31' title="bbox 242 3221 1469 3294; baseline -0.007 -13"><span class='ocrx_word' id='word_1_289' title='bbox 242 3228 379 3282; x_wconf 87' lang='lat' dir='ltr'>aiiirmare</span> <span class='ocrx_word' id='word_1_290' title='bbox 397 3229 613 3294; x_wconf 89' lang='lat' dir='ltr'>praesumimus;</span> <span class='ocrx_word' id='word_1_291' title='bbox 627 3228 661 3280; x_wconf 91' lang='lat' dir='ltr'>de</span> <span class='ocrx_word' id='word_1_292' title='bbox 674 3233 764 3280; x_wconf 87' lang='lat' dir='ltr'>cetero</span> <span class='ocrx_word' id='word_1_293' title='bbox 776 3228 849 3293; x_wconf 84' lang='lat' dir='ltr'>quod</span> <span class='ocrx_word' id='word_1_294' title='bbox 871 3226 995 3293; x_wconf 84' lang='lat' dir='ltr'>sequitur</span> <span class='ocrx_word' id='word_1_295' title='bbox 1013 3231 1109 3278; x_wconf 91' lang='lat' dir='ltr'>cuncta</span> <span class='ocrx_word' id='word_1_296' title='bbox 1130 3221 1341 3288; x_wconf 87' lang='lat' dir='ltr'>scrupulositate</span> <span class='ocrx_word' id='word_1_297' title='bbox 1358 3222 1469 3288; x_wconf 81' lang='lat' dir='ltr'>abjecta.</span> 
     </span>
     <span class='ocr_line' id='line_1_32' title="bbox 242 3327 677 3394; baseline 0 -16"><span class='ocrx_word' id='word_1_298' title='bbox 242 3340 291 3394; x_wconf 90' lang='lat' dir='ltr'>pro</span> <span class='ocrx_word' id='word_1_299' title='bbox 305 3332 378 3380; x_wconf 88' lang='lat' dir='ltr'>certo</span> <span class='ocrx_word' id='word_1_300' title='bbox 392 3333 499 3380; x_wconf 88' lang='lat' dir='ltr'>constat</span> <span class='ocrx_word' id='word_1_301' title='bbox 511 3327 677 3379; x_wconf 87' lang='lat' dir='ltr'>babendum.</span> 
     </span>
    </p>

    <p class='ocr_par' dir='ltr' id='par_1_7' title="bbox 238 3415 1507 4291">
     <span class='ocr_line' id='line_1_33' title="bbox 276 3415 1507 3493; baseline -0.011 -14"><span class='ocrx_word' id='word_1_302' title='bbox 276 3428 326 3479; x_wconf 78' lang='lat'>19.</span> <span class='ocrx_word' id='word_1_303' title='bbox 340 3429 407 3480; x_wconf 89' lang='lat' dir='ltr'>Cum</span> <span class='ocrx_word' id='word_1_304' title='bbox 421 3440 551 3493; x_wconf 88' lang='lat' dir='ltr'>prospero</span> <span class='ocrx_word' id='word_1_305' title='bbox 563 3440 646 3479; x_wconf 91' lang='lat' dir='ltr'>cursu</span> <span class='ocrx_word' id='word_1_306' title='bbox 668 3426 842 3478; x_wconf 85' lang='lat' dir='ltr'>sacratissimi</span> <span class='ocrx_word' id='word_1_307' title='bbox 860 3424 1001 3492; x_wconf 87' lang='lat' dir='ltr'>praesules</span> <span class='ocrx_word' id='word_1_308' title='bbox 1015 3425 1091 3491; x_wconf 83' lang='lat' dir='ltr'>juxta</span> <span class='ocrx_word' id='word_1_309' title='bbox 1109 3422 1298 3475; x_wconf 81' lang='lat' dir='ltr'>[lodonensem</span> <span class='ocrx_word' id='word_1_310' title='bbox 1312 3418 1470 3487; x_wconf 82' lang='lat' dir='ltr'>navigabant</span> <span class='ocrx_word' id='word_1_311' title='bbox 1484 3415 1507 3465; x_wconf 78' lang='lat' dir='ltr'>ii</span> 
     </span>
     <span class='ocr_line' id='line_1_34' title="bbox 241 3517 1470 3595; baseline -0.01 -15"><span class='ocrx_word' id='word_1_312' title='bbox 241 3528 385 3595; x_wconf 87' lang='lat' dir='ltr'>civitatem,</span> <span class='ocrx_word' id='word_1_313' title='bbox 401 3528 547 3593; x_wconf 87' lang='lat' dir='ltr'>omnisque</span> <span class='ocrx_word' id='word_1_314' title='bbox 565 3540 649 3580; x_wconf 90' lang='lat' dir='ltr'>ovans</span> <span class='ocrx_word' id='word_1_315' title='bbox 668 3525 784 3591; x_wconf 89' lang='lat' dir='ltr'>populus</span> <span class='ocrx_word' id='word_1_316' title='bbox 803 3527 941 3592; x_wconf 89' lang='lat' dir='ltr'>proprium</span> <span class='ocrx_word' id='word_1_317' title='bbox 960 3524 1111 3589; x_wconf 87' lang='lat' dir='ltr'>excipiebat</span> <span class='ocrx_word' id='word_1_318' title='bbox 1131 3527 1290 3588; x_wconf 83' lang='lat' dir='ltr'>patronum,</span> <span class='ocrx_word' id='word_1_319' title='bbox 1303 3534 1367 3572; x_wconf 88' lang='lat' dir='ltr'>cum</span> <span class='ocrx_word' id='word_1_320' title='bbox 1387 3517 1470 3570; x_wconf 88' lang='lat' dir='ltr'>subito</span> 
     </span>
     <span class='ocr_line' id='line_1_35' title="bbox 242 3617 1471 3693; baseline -0.011 -13"><span class='ocrx_word' id='word_1_321' title='bbox 242 3626 385 3680; x_wconf 91' lang='lat' dir='ltr'>duodecim</span> <span class='ocrx_word' id='word_1_322' title='bbox 398 3627 489 3692; x_wconf 88' lang='lat' dir='ltr'>vincti,</span> <span class='ocrx_word' id='word_1_323' title='bbox 501 3627 547 3693; x_wconf 83' lang='lat' dir='ltr'>qui</span> <span class='ocrx_word' id='word_1_324' title='bbox 561 3626 661 3678; x_wconf 89' lang='lat' dir='ltr'>ibidem</span> <span class='ocrx_word' id='word_1_325' title='bbox 676 3625 817 3680; x_wconf 88' lang='lat' dir='ltr'>obstaculo</span> <span class='ocrx_word' id='word_1_326' title='bbox 831 3626 995 3678; x_wconf 89' lang='lat' dir='ltr'>tenebantur</span> <span class='ocrx_word' id='word_1_327' title='bbox 1007 3624 1125 3677; x_wconf 89' lang='lat' dir='ltr'>carceris</span> <span class='ocrx_word' id='word_1_328' title='bbox 1137 3621 1246 3686; x_wconf 86' lang='lat' dir='ltr'>inclusi,</span> <span class='ocrx_word' id='word_1_329' title='bbox 1261 3634 1276 3673; x_wconf 88' lang='lat' dir='ltr'>a</span> <span class='ocrx_word' id='word_1_330' title='bbox 1289 3624 1385 3673; x_wconf 89' lang='lat' dir='ltr'>sancto</span> <span class='ocrx_word' id='word_1_331' title='bbox 1402 3617 1471 3671; x_wconf 82' lang='lat' dir='ltr'>aun--</span> 
     </span>
     <span class='ocr_line' id='line_1_36' title="bbox 243 3719 1469 3793; baseline -0.01 -14"><span class='ocrx_word' id='word_1_332' title='bbox 243 3727 310 3779; x_wconf 91' lang='lat' dir='ltr'>lium</span> <span class='ocrx_word' id='word_1_333' title='bbox 333 3728 471 3793; x_wconf 80' lang='lat' dir='ltr'>expetiere</span> <span class='ocrx_word' id='word_1_334' title='bbox 490 3727 624 3791; x_wconf 68' lang='lat' dir='ltr'>melanio,</span> <span class='ocrx_word' id='word_1_335' title='bbox 642 3726 741 3779; x_wconf 88' lang='lat' dir='ltr'>talibus</span> <span class='ocrx_word' id='word_1_336' title='bbox 762 3731 871 3778; x_wconf 90' lang='lat' dir='ltr'>utentes</span> <span class='ocrx_word' id='word_1_337' title='bbox 892 3724 988 3776; x_wconf 91' lang='lat' dir='ltr'>dictis:</span> <span class='ocrx_word' id='word_1_338' title='bbox 1008 3724 1030 3775; x_wconf 90' lang='grc'><strong>0</strong></span> <span class='ocrx_word' id='word_1_339' title='bbox 1047 3724 1153 3776; x_wconf 76' lang='lat' dir='ltr'>sancte</span> <span class='ocrx_word' id='word_1_340' title='bbox 1172 3719 1403 3788; x_wconf 54' lang='lat' dir='ltr'>Melaniccgjus</span> <span class='ocrx_word' id='word_1_341' title='bbox 1418 3727 1469 3768; x_wconf 70' lang='lat' dir='ltr'>sne</span> 
     </span>
     <span class='ocr_line' id='line_1_37' title="bbox 240 3818 1467 3894; baseline -0.01 -14"><span class='ocrx_word' id='word_1_342' title='bbox 240 3827 306 3880; x_wconf 78' lang='lat' dir='ltr'>rita</span> <span class='ocrx_word' id='word_1_343' title='bbox 320 3827 492 3894; x_wconf 81' lang='lat' dir='ltr'>praeclaro</span> <span class='ocrx_word' id='word_1_344' title='bbox 504 3828 598 3892; x_wconf 80' lang='lat' dir='ltr'>cique</span> <span class='ocrx_word' id='word_1_345' title='bbox 610 3825 771 3892; x_wconf 62' lang='lat' dir='ltr'>[immunia</span> <span class='ocrx_word' id='word_1_346' title='bbox 783 3839 802 3877; x_wconf 87' lang='lat' dir='ltr'>c</span> <span class='ocrx_word' id='word_1_347' title='bbox 818 3823 937 3878; x_wconf 77' lang='lat' dir='ltr'>Christo</span> <span class='ocrx_word' id='word_1_348' title='bbox 949 3835 1160 3891; x_wconf 80' lang='lat' dir='ltr'>quoecumque</span> <span class='ocrx_word' id='word_1_349' title='bbox 1168 3820 1326 3889; x_wconf 78' lang='lat' dir='ltr'>petierint</span> <span class='ocrx_word' id='word_1_350' title='bbox 1338 3818 1467 3873; x_wconf 83' lang='lat' dir='ltr'>obtinere</span> 
     </span>
     <span class='ocr_line' id='line_1_38' title="bbox 239 3906 1501 3993; baseline -0.009 -16"><span class='ocrx_word' id='word_1_351' title='bbox 239 3928 364 3993; x_wconf 78' lang='lat' dir='ltr'>queunt,</span> <span class='ocrx_word' id='word_1_352' title='bbox 378 3926 437 3979; x_wconf 82' lang='lat' dir='ltr'>iilo</span> <span class='ocrx_word' id='word_1_353' title='bbox 456 3928 555 3979; x_wconf 82' lang='lat' dir='ltr'>motus</span> <span class='ocrx_word' id='word_1_354' title='bbox 567 3939 629 3991; x_wconf 81' lang='lat' dir='ltr'>quo</span> <span class='ocrx_word' id='word_1_355' title='bbox 648 3937 722 3976; x_wconf 75' lang='lat' dir='ltr'>ustas</span> <span class='ocrx_word' id='word_1_356' title='bbox 739 3937 771 3977; x_wconf 86' lang='lat' dir='ltr'>es</span> <span class='ocrx_word' id='word_1_357' title='bbox 784 3924 904 3989; x_wconf 79' lang='lat' dir='ltr'>pietate</span> <span class='ocrx_word' id='word_1_358' title='bbox 924 3922 999 3976; x_wconf 80' lang='lat' dir='ltr'>duct</span> <span class='ocrx_word' id='word_1_359' title='bbox 1017 3921 1180 3989; x_wconf 83' lang='lat' dir='ltr'>praesenti</span> <span class='ocrx_word' id='word_1_360' title='bbox 1191 3918 1356 3986; x_wconf 76' lang='lat' dir='ltr'>frtacbort&#39;a</span> <span class='ocrx_word' id='word_1_361' title='bbox 1376 3906 1501 3978; x_wconf 65' lang='lat' dir='ltr'>auroli</span> 
     </span>
     <span class='ocr_line' id='line_1_39' title="bbox 238 4013 1467 4091; baseline -0.007 -14"><span class='ocrx_word' id='word_1_362' title='bbox 238 4038 385 4079; x_wconf 80' lang='lat' dir='ltr'>succurre</span> <span class='ocrx_word' id='word_1_363' title='bbox 403 4024 498 4091; x_wconf 80' lang='lat' dir='ltr'>cobis,</span> <span class='ocrx_word' id='word_1_364' title='bbox 515 4027 551 4077; x_wconf 85' lang='lat' dir='ltr'>ut</span> <span class='ocrx_word' id='word_1_365' title='bbox 562 4023 703 4077; x_wconf 77' lang='lat' dir='ltr'>tenebras</span> <span class='ocrx_word' id='word_1_366' title='bbox 716 4023 809 4076; x_wconf 79' lang='lat' dir='ltr'>istius</span> <span class='ocrx_word' id='word_1_367' title='bbox 821 4023 982 4076; x_wconf 81' lang='lat' dir='ltr'>eoadercies</span> <span class='ocrx_word' id='word_1_368' title='bbox 1002 4021 1152 4087; x_wconf 81' lang='lat' dir='ltr'>carceris,</span> <span class='ocrx_word' id='word_1_369' title='bbox 1167 4032 1229 4086; x_wconf 82' lang='lat' dir='ltr'>pro</span> <span class='ocrx_word' id='word_1_370' title='bbox 1247 4018 1391 4072; x_wconf 79' lang='lat' dir='ltr'>libertate</span> <span class='ocrx_word' id='word_1_371' title='bbox 1410 4013 1467 4069; x_wconf 83' lang='lat' dir='ltr'>red·</span> 
     </span>
     <span class='ocr_line' id='line_1_40' title="bbox 240 4107 1464 4191; baseline -0.008 -13"><span class='ocrx_word' id='word_1_372' title='bbox 240 4107 309 4178; x_wconf 80' lang='lat' dir='ltr'>dito</span> <span class='ocrx_word' id='word_1_373' title='bbox 321 4123 543 4191; x_wconf 68' lang='lat' dir='ltr'>cuocbbotentc&#39;</span> <span class='ocrx_word' id='word_1_374' title='bbox 551 4125 611 4178; x_wconf 84' lang='lat' dir='ltr'>Deo</span> <span class='ocrx_word' id='word_1_375' title='bbox 621 4124 745 4191; x_wconf 75' lang='lat' dir='ltr'>gratioe</span> <span class='ocrx_word' id='word_1_376' title='bbox 756 4121 943 4190; x_wconf 82' lang='lat' dir='ltr'>referamus.</span> <span class='ocrx_word' id='word_1_377' title='bbox 955 4123 1003 4173; x_wconf 82' lang='lat' dir='ltr'>Vix</span> <span class='ocrx_word' id='word_1_378' title='bbox 1016 4122 1081 4174; x_wconf 86' lang='lat' dir='ltr'>baec</span> <span class='ocrx_word' id='word_1_379' title='bbox 1093 4121 1175 4173; x_wconf 82' lang='lat' dir='ltr'>verba</span> <span class='ocrx_word' id='word_1_380' title='bbox 1187 4119 1393 4184; x_wconf 89' lang='lat' dir='ltr'>compleverant</span> <span class='ocrx_word' id='word_1_381' title='bbox 1402 4128 1464 4169; x_wconf 83' lang='lat' dir='ltr'>cun.</span> 
     </span>
     <span class='ocr_line' id='line_1_41' title="bbox 241 4219 1437 4291; baseline -0.009 -14"><span class='ocrx_word' id='word_1_382' title='bbox 241 4225 371 4291; x_wconf 86' lang='lat' dir='ltr'>dispersis</span> <span class='ocrx_word' id='word_1_383' title='bbox 383 4224 538 4276; x_wconf 87' lang='lat' dir='ltr'>incircuitu</span> <span class='ocrx_word' id='word_1_384' title='bbox 551 4222 688 4289; x_wconf 91' lang='lat' dir='ltr'>lapidibus</span> <span class='ocrx_word' id='word_1_385' title='bbox 700 4223 829 4286; x_wconf 81' lang='lat' dir='ltr'>carceris,</span> <span class='ocrx_word' id='word_1_386' title='bbox 843 4223 975 4287; x_wconf 80' lang='lat' dir='ltr'>patefacto</span> <span class='ocrx_word' id='word_1_387' title='bbox 989 4221 1072 4274; x_wconf 92' lang='lat' dir='ltr'>cundi</span> <span class='ocrx_word' id='word_1_388' title='bbox 1086 4219 1176 4286; x_wconf 88' lang='lat' dir='ltr'>adepti</span> <span class='ocrx_word' id='word_1_389' title='bbox 1189 4224 1255 4271; x_wconf 92' lang='lat' dir='ltr'>sunt</span> <span class='ocrx_word' id='word_1_390' title='bbox 1267 4223 1437 4284; x_wconf 90' lang='lat' dir='ltr'>potestatem.</span> 
     </span>
    </p>

    <p class='ocr_par' dir='ltr' id='par_1_8' title="bbox 243 4312 1500 4696">
     <span class='ocr_line' id='line_1_42' title="bbox 277 4312 1464 4387; baseline -0.01 -12"><span class='ocrx_word' id='word_1_391' title='bbox 277 4323 332 4375; x_wconf 81' lang='lat'>20.</span> <span class='ocrx_word' id='word_1_392' title='bbox 356 4324 446 4375; x_wconf 89' lang='lat' dir='ltr'>Sancti</span> <span class='ocrx_word' id='word_1_393' title='bbox 470 4335 534 4374; x_wconf 83' lang='lat' dir='ltr'>vero</span> <span class='ocrx_word' id='word_1_394' title='bbox 556 4322 697 4375; x_wconf 87' lang='lat' dir='ltr'>reverendi</span> <span class='ocrx_word' id='word_1_395' title='bbox 727 4320 869 4387; x_wconf 83' lang='lat' dir='ltr'>pontifices</span> <span class='ocrx_word' id='word_1_396' title='bbox 896 4319 1053 4372; x_wconf 85' lang='lat' dir='ltr'>deserentes</span> <span class='ocrx_word' id='word_1_397' title='bbox 1074 4317 1279 4383; x_wconf 81' lang='lat' dir='ltr'>corpusculum.</span> <span class='ocrx_word' id='word_1_398' title='bbox 1299 4319 1377 4383; x_wconf 82' lang='lat' dir='ltr'>juxta</span> <span class='ocrx_word' id='word_1_399' title='bbox 1403 4312 1464 4367; x_wconf 85' lang='lat' dir='ltr'>beati</span> 
     </span>
     <span class='ocr_line' id='line_1_43' title="bbox 244 4409 1500 4484; baseline -0.014 -8"><span class='ocrx_word' id='word_1_400' title='bbox 244 4423 376 4476; x_wconf 80' lang='lat' dir='ltr'>lobannis</span> <span class='ocrx_word' id='word_1_401' title='bbox 394 4422 553 4484; x_wconf 76' lang='lat' dir='ltr'>oratorium,</span> <span class='ocrx_word' id='word_1_402' title='bbox 567 4422 613 4473; x_wconf 92' lang='lat' dir='ltr'>ubi</span> <span class='ocrx_word' id='word_1_403' title='bbox 627 4421 776 4474; x_wconf 81' lang='lat' dir='ltr'>monachus</span> <span class='ocrx_word' id='word_1_404' title='bbox 797 4419 902 4472; x_wconf 90' lang='lat' dir='ltr'>dudum</span> <span class='ocrx_word' id='word_1_405' title='bbox 914 4417 1025 4472; x_wconf 84' lang='lat' dir='ltr'>effectus</span> <span class='ocrx_word' id='word_1_406' title='bbox 1041 4419 1139 4480; x_wconf 87' lang='lat' dir='ltr'>iuerat,</span> <span class='ocrx_word' id='word_1_407' title='bbox 1160 4422 1323 4482; x_wconf 80' lang='lat' dir='ltr'>posuerunt,</span> <span class='ocrx_word' id='word_1_408' title='bbox 1344 4429 1398 4468; x_wconf 90' lang='lat' dir='ltr'>nou</span> <span class='ocrx_word' id='word_1_409' title='bbox 1416 4409 1500 4465; x_wconf 82' lang='lat' dir='ltr'>sineit</span> 
     </span>
     <span class='ocr_line' id='line_1_44' title="bbox 243 4510 1464 4587; baseline -0.011 -13"><span class='ocrx_word' id='word_1_410' title='bbox 243 4524 374 4575; x_wconf 88' lang='lat' dir='ltr'>virtutum</span> <span class='ocrx_word' id='word_1_411' title='bbox 386 4533 469 4587; x_wconf 86' lang='lat' dir='ltr'>opere</span> <span class='ocrx_word' id='word_1_412' title='bbox 479 4519 706 4586; x_wconf 80' lang='lat' dir='ltr'>miraculior]um.</span> <span class='ocrx_word' id='word_1_413' title='bbox 719 4522 784 4571; x_wconf 81' lang='lat' dir='ltr'>liam</span> <span class='ocrx_word' id='word_1_414' title='bbox 799 4519 834 4571; x_wconf 91' lang='lat' dir='ltr'>ibi</span> <span class='ocrx_word' id='word_1_415' title='bbox 848 4517 925 4570; x_wconf 86' lang='lat' dir='ltr'>multi</span> <span class='ocrx_word' id='word_1_416' title='bbox 941 4519 1017 4586; x_wconf 90' lang='lat' dir='ltr'>prius</span> <span class='ocrx_word' id='word_1_417' title='bbox 1031 4517 1172 4570; x_wconf 87' lang='lat' dir='ltr'>oculorum</span> <span class='ocrx_word' id='word_1_418' title='bbox 1185 4516 1369 4583; x_wconf 88' lang='lat' dir='ltr'>prosperitate</span> <span class='ocrx_word' id='word_1_419' title='bbox 1382 4510 1464 4579; x_wconf 81' lang='lat' dir='ltr'>privati</span> 
     </span>
     <span class='ocr_line' id='line_1_45' title="bbox 245 4608 1464 4696; baseline -0.011 -19"><span class='ocrx_word' id='word_1_420' title='bbox 245 4627 407 4696; x_wconf 84' lang='lat' dir='ltr'>receperunt</span> <span class='ocrx_word' id='word_1_421' title='bbox 418 4621 518 4687; x_wconf 88' lang='lat' dir='ltr'>visum,</span> <span class='ocrx_word' id='word_1_422' title='bbox 532 4620 620 4673; x_wconf 89' lang='lat' dir='ltr'>claudi</span> <span class='ocrx_word' id='word_1_423' title='bbox 635 4618 735 4692; x_wconf 88' lang='lat' dir='ltr'>pedum</span> <span class='ocrx_word' id='word_1_424' title='bbox 754 4617 868 4674; x_wconf 85' lang='lat' dir='ltr'>omnino</span> <span class='ocrx_word' id='word_1_425' title='bbox 881 4617 969 4675; x_wconf 85' lang='lat' dir='ltr'>oillcio</span> <span class='ocrx_word' id='word_1_426' title='bbox 988 4621 1112 4673; x_wconf 89' lang='lat' dir='ltr'>carentes</span> <span class='ocrx_word' id='word_1_427' title='bbox 1125 4616 1286 4672; x_wconf 87' lang='lat' dir='ltr'>ambulandi</span> <span class='ocrx_word' id='word_1_428' title='bbox 1307 4629 1395 4681; x_wconf 76' lang='lat' dir='ltr'>usum,</span> <span class='ocrx_word' id='word_1_429' title='bbox 1408 4608 1464 4665; x_wconf 88' lang='lat' dir='ltr'>muti</span> 
     </span>
    </p>
   </div>
   <div class='ocr_carea' id='block_1_6' title="bbox 0 0 1664 5482">
    <p class='ocr_par' dir='ltr' id='par_1_9' title="bbox 0 0 1664 5482">
     <span class='ocr_line' id='line_1_46' title="bbox 0 0 1664 5482; baseline 0 0"><span class='ocrx_word' id='word_1_430' title='bbox 0 0 1664 5482; x_wconf 95' lang='lat' dir='ltr'> </span> 
     </span>
    </p>
   </div>
  </div>
 </body>
</html>
