3278 5482
361 351 454 400 amu.
473 349 557 400 uir.
575 348 693 401 rums.
711 368 757 379 -
773 348 928 398 nermo.
946 348 994 398 Ao
1011 348 1089 398 coo.
1108 345 1184 398 sarr.
1327 332 1390 399 137

179 522 320 589 respondit:
339 521 421 580 Quid
433 520 468 573 iu
485 521 611 575 uomim
627 521 761 588 Domini,
771 533 855 587 puer
871 519 955 585 boue,
968 531 1024 574 uos
1041 519 1190 585 conjures
1202 519 1215 571 t
1227 518 1308 571 Num
1325 517 1393 586 ipse

182 619 401 675 mitteremus
421 618 527 673 omma
544 632 644 685 repuo
656 618 777 671 muudi.
791 619 877 672 istud
901 630 1018 685 quoque
1039 617 1125 670 uobis
1146 618 1256 670 datum
1275 618 1321 670 est
1341 613 1390 670 bo·

185 720 297 788 cpitium,
310 719 392 786 quod
412 731 433 772 α
451 717 538 772 bouis
555 717 696 772 omuibus
710 717 885 770 invenimus
897 729 1040 770 vacuum.
1054 719 1129 769 Tunc
1147 715 1215 767 dixit
1232 715 1257 768 ei
1279 719 1391 767 sanctus

188 833 239 886 puer
254 819 372 872 llusicius
394 834 401 871 :
424 818 486 872 Eur·
506 818 576 885 cito,
593 818 730 884 pessime
749 818 890 883 daemon,
913 817 1096 882 coniuratus
1116 815 1154 869 ab
1174 827 1209 869 eo
1230 815 1284 882 qui
1305 817 1335 867 te
1357 815 1391 867 iu

177 919 305 985 moyseum
324 918 413 973 misit
433 917 558 986 quaudo
572 920 705 986 propter
720 917 900 985 superbiam
919 919 1006 970 tuum
1024 916 1164 971 decocto
1185 914 1342 981 corruisti,
1361 917 1390 968 et

191 1030 283 1086 appare
291 1030 397 1072 corum
417 1017 504 1072 uobis
525 1019 559 1071 iu
572 1018 632 1071 tali
643 1016 743 1085 effipia
760 1018 796 1069 iu
817 1030 879 1085 qua
898 1016 1002 1070 uideri
1018 1015 1057 1069 ab
1079 1014 1257 1069 bominibus
1273 1014 1387 1081 possis.

192 1117 228 1179 dui
240 1118 316 1170 statim
335 1118 442 1183 exiens,
455 1117 532 1184 quasi
551 1116 630 1170 simia
642 1117 739 1183 iactus,
757 1117 842 1184 niger,
856 1122 997 1181 cornutus,
1018 1116 1097 1169 uncis
1120 1115 1244 1180 naribus,
1267 1119 1341 1167 stans
1360 1115 1389 1167 in

191 1215 279 1281 pedibus
288 1229 367 1283 supra
388 1221 506 1281 erectus,
519 1229 617 1269 manus
629 1219 660 1268 ut
671 1216 753 1268 bomo
766 1216 879 1281 babens,
893 1215 941 1268 sed
962 1228 1067 1282 ungues
1088 1218 1181 1268 acutas
1202 1214 1279 1280 quasi
1298 1214 1388 1280 aquila

192 1327 270 1369 emas.
279 1316 349 1369 oculi
362 1317 421 1382 ejus
435 1321 513 1368 erant
533 1316 612 1383 quasi
634 1316 767 1368 carbones
781 1316 850 1383 ignis
871 1315 1008 1382 ardentes,
1022 1328 1052 1367 os
1071 1316 1129 1380 ejus
1143 1315 1300 1378 maximum,
1314 1320 1387 1367 exte·

177 1412 234 1465 llius
248 1413 348 1481 quidem
368 1416 551 1480 teterrimum,
567 1414 640 1466 intus
662 1415 724 1482 igne
746 1414 942 1480 rubicundius;
956 1415 1075 1482 linguam
1090 1415 1161 1467 ioras
1174 1426 1262 1480 ‚saepe
1276 1413 1387 1465 trahens

193 1512 251 1565 uiuis
261 1515 361 1583 longam
372 1515 449 1568 velut
460 1516 590 1582 equinam
609 1520 636 1567 et
654 1515 802 1580 bicipitem,
815 1527 886 1581 quae
904 1519 934 1566 ut
946 1514 1047 1567 serrum
1061 1513 1260 1581 darnmigerum
1274 1526 1337 1565 mox
1351 1511 1386 1566 de

192 1611 275 1666 tornaco
284 1619 433 1668 extractum
448 1614 579 1668 scintillas
597 1613 725 1667 ardentes
737 1615 951 1681 circumquaque
971 1614 1118 1666 emittebat.
1134 1617 1214 1666 Fetcr
1230 1613 1305 1665 illius
1317 1613 1386 1666 into·

192 1711 290 1777 leubilis,
303 1718 428 1780 aspectus
440 1712 499 1779 ejus
511 1713 638 1766 omnibus
652 1726 734 1780 supra
747 1713 857 1767 modum
872 1714 1012 1766 terribilis.
1026 1716 1096 1766 Puer
1110 1725 1174 1780 ergo
1187 1718 1298 1766 sanctus
1311 1712 1386 1765 Eusi-

193 1813 234 1865 cius
245 1815 413 1884 interrogavit
431 1814 594 1869 daemonem
612 1815 687 1868 undo
707 1815 772 1868 illuc
793 1814 956 1868 advenisset.
976 1814 1024 1867 Cui
1046 1814 1162 1868 daemon
1183 1815 1247 1867 :De
1265 1811 1385 1881 Africa,

177 1911 263 1978 linquit,
275 1914 330 1969 buc
342 1915 466 1968 adveni.
477 1916 515 1969 Et
525 1915 651 1982 quidem
664 1918 760 1969 totam
776 1915 934 1982 repiouem
952 1914 1044 1967 ilium
1061 1915 1117 1967 diu
1134 1914 1169 1967 iu
1184 1926 1267 1982 poce
1282 1926 1386 1981 posse·
1455 1915 1458 1920 ’

192 2010 288 2079 ierom
298 2015 351 2067 sed
362 2014 492 2082 quidum
504 2015 560 2068 Dei
570 2027 678 2068 seroces
690 2014 807 2068 similis
820 2015 875 2080 tui,
890 2015 1006 2080 Heiyas
1019 2013 1152 2079 nomine,
1162 2025 1222 2080 per
1239 2012 1385 2066 uirtutem

192 2109 424 2165 utnmaumem
436 2111 493 2166 Dei
503 2113 554 2165 sui
567 2113 640 2166 iude
649 2112 838 2179 ureeupuiit.
852 2114 889 2166 Et
902 2125 985 2166 uuue
995 2125 1064 2166 eum
1077 2111 1149 2167 biue
1162 2112 1275 2176 abiero,
1286 2123 1386 2164 reuer-

193 2207 307 2277 turillae,
323 2211 396 2280 quia
407 2212 451 2265 ibi
461 2212 613 2278 mojorem
619 2215 804 2280 potestatem
818 2212 914 2266 bubui
925 2227 1019 2280 quom
1031 2213 1066 2265 iu
1079 2214 1142 2267 ioco
1158 2212 1226 2266 isto.
1237 2211 1388 2277 Respondit

192 2312 424 2365 unctusliusieius:
443 2313 512 2366 Nou
529 2312 590 2366 erit
606 2312 688 2366 sieut
706 2315 741 2365 tu
756 2313 804 2366 vie
815 2331 822 2379 ;
835 2313 889 2367 sed
898 2315 970 2379 jum
990 2314 1025 2366 iu
1038 2312 1161 2366 uomiue
1178 2311 1303 2365 Domini
1314 2311 1387 2364 iesu

177 2411 180 2449 t
192 2403 278 2460 itristi
286 2411 399 2475 recede,
403 2411 540 2478 pessime
550 2411 691 2475 doemon,
700 2412 738 2464 cte
749 2413 835 2465 cmm
847 2415 934 2466 terro
946 2412 979 2465 iu
988 2426 1050 2479 quo
1060 2413 1140 2465 Deus
1152 2410 1277 2489 entitur,
1289 2412 1320 2463 et
1331 2408 1385 2462 ubi

191 2515 272 2560 teum
286 2508 349 2574 qius
369 2509 535 2564 iuvoeotur
555 2524 594 2564 ue
614 2511 752 2578 amplius
772 2512 893 2565 audeus
915 2511 1055 2566 introire.
1075 2512 1122 2564 llis
1142 2510 1231 2577 dietis,
1254 2509 1384 2562 continuo

190 2602 248 2657 celeri
257 2608 338 2661 volatu
355 2622 404 2675 per
421 2622 484 2662 aera
501 2609 620 2663 daemon
638 2612 779 2664 excutiens
796 2612 853 2664 alas
876 2612 980 2679 sugite
998 2611 1099 2677 quibus
1118 2611 1221 2662 scilicet
1239 2608 1289 2661 alls
1306 2607 1384 2675 quasi

190 2701 303 2760 retenens
313 2708 446 2775 quaedam
461 2709 562 2762 nebula
574 2710 787 2778 circumquaque
799 2709 1011 2777 diffundebatur,
1023 2711 1097 2763 unde
1116 2709 1185 2762 miro
1204 2709 1284 2762 modo
1302 2721 1385 2772 super

191 2811 260 2856 onnes
271 2807 389 2860 homines
401 2810 449 2874 qui
467 2822 497 2861 se
514 2810 602 2861 crucis
615 2810 755 2877 signaculo
769 2824 823 2864 non
838 2811 997 2863 munierunt
1009 2811 1092 2877 pestis
1104 2810 1198 2876 iniqua
1215 2808 1322 2873 cecidit,
1336 2805 1383 2858 sed

177 2895 280 2969 iusuper
290 2907 390 2961 bestias
402 2914 429 2961 el
441 2916 546 2976 segetes
558 2916 585 2963 et
597 2924 680 2977 super
692 2913 831 2965 nascentia
850 2919 948 2965 terrac.

212 2998 406 3074 ⁰-llloquoque
424 3009 453 3059 in
472 3014 595 3075 tempore
615 2996 688 3063 terra
707 3012 762 3077 illa,
777 3012 804 3063 in
827 3026 880 3078 qua
902 3012 972 3064 istud
994 3013 1117 3078 contigit,
1131 3012 1211 3064 annis
1231 3010 1340 3062 duobus
1353 2993 1384 3061 ‘ot

191 3101 298 3157 messibus
308 3105 392 3158 ierme
405 3107 493 3160 tribus
505 3109 604 3161 sterilis
618 3112 765 3174 permansit
778 3117 804 3162 ct
816 3111 905 3176 pluvia
919 3124 1001 3176 super
1014 3124 1074 3163 eam
1089 3125 1143 3164 non
1156 3110 1306 3163 descendit.
1316 3109 1385 3162 bed·

189 3195 251 3253 ciente
261 3217 319 3271 erpo
328 3205 429 3258 cotidie
443 3208 558 3273 singulis
571 3209 701 3262 alimonia
714 3214 740 3262 ct
750 3211 936 3263 invalescente
948 3210 1038 3263 inedia
1052 3224 1116 3276 prae
1129 3210 1271 3263 sterilitato
1284 3209 1383 3272 terrac,

188 3301 246 3350 ttacti
262 3309 321 3356 sunt
333 3310 388 3356 tam
407 3306 513 3358 nobiles
526 3321 608 3372 quam
628 3309 760 3376 ignobiles
779 3323 827 3374 por
847 3317 992 3362 extraneas
1013 3311 1161 3377 confugero
1176 3310 1312 3369 nationes,
1325 3309 1384 3362 ubi·

187 3404 273 3466 tumque
283 3404 412 3457 alimenta
424 3406 544 3471 reperire
554 3409 716 3473 potuissent.
727 3412 802 3462 Tunc
814 3410 907 3463 villula
920 3410 975 3473 illa,
986 3423 1056 3476 quac
1069 3410 1182 3462 Gornilia
1197 3414 1382 3475 nuncupatur,

186 3492 328 3565 bagricolis
349 3509 375 3555 et
393 3504 590 3558 habitatoribus
608 3508 665 3559 suis
679 3516 800 3568 caetrata,
815 3509 962 3560 defuerunt
980 3510 1026 3574 qui
1046 3507 1179 3561 beneficia
1191 3508 1317 3560 solebant
1336 3509 1384 3558 im·

185 3597 276 3651 undere
285 3600 365 3653 beato
375 3601 482 3655 busicio
493 3608 519 3655 et
530 3605 689 3670 parentibus
699 3607 870 3671 ejusvidens
880 3608 971 3672 ltaque
981 3606 1134 3665 llarcellus,
1142 3612 1217 3672 pater
1226 3606 1275 3658 viri
1286 3607 1382 3666 sancti,

181 3695 311 3753 duodena
324 3700 369 3752 illa
382 3701 491 3754 redacta
501 3710 573 3756 esset
583 3705 611 3756 in
622 3705 808 3769 solitudinem,
818 3706 950 3772 dispersis
963 3708 1176 3773 circumquaque
1186 3707 1382 3759 habitatoribus

179 3792 229 3856 iltis
241 3803 266 3849 et
277 3800 341 3864 quia
359 3811 416 3853 non
431 3802 543 3855 baberet
556 3804 629 3856 unde
645 3818 722 3857 suam
736 3819 903 3872 suorumque
916 3807 997 3859 vitam
1016 3813 1169 3859 sustentare
1189 3807 1300 3870 valeret,
1314 3805 1383 3857 dixit

177 3890 198 3943 td
207 3908 265 3948 suos
279 3914 286 3948 :
303 3898 383 3956 Quid
394 3898 556 3966 facimus?
574 3904 726 3962 Quourodo
736 3918 791 3959 uos
804 3905 854 3959 bic
872 3920 1000 3959 mouere
1006 3907 1181 3973 poterimus
1192 3908 1204 3960 i
1217 3908 1327 3959 Fames
1340 3905 1383 3956 iu·

177 3993 257 4046 *elicit
267 4011 276 4059 ,·
287 4008 355 4049 eece
365 3998 453 4052 uobis
465 4000 647 4068 defecerunt
657 4021 665 4068 ;
679 4003 729 4056 bie
741 3980 830 4058 uitro
842 4018 970 4059 ruauere
981 4019 1043 4059 uou
1051 4019 1230 4072 possumus.
1241 4006 1297 4058 Sed
1307 4005 1381 4072 quid

177 4091 305 4147 faciemus
316 4097 329 4148 ,²
341 4097 416 4152 Eece
427 4100 510 4152 euim
524 4102 593 4168 tupi
604 4105 776 4157 sueuieutes
788 4104 861 4157 biue
880 4105 953 4156 iude
970 4104 1164 4173 discurrunt,
1180 4108 1210 4158 et
1229 4102 1314 4173 sueto
1327 4105 1381 4156 im·

177 4193 389 4247 circumerant
401 4210 474 4263 quos
489 4203 632 4264 possunt.
648 4203 709 4254 Nos
728 4204 833 4256 eutem
856 4204 1117 4271 iuerruessumus,
1131 4207 1160 4256 et
1181 4205 1234 4270 qiu?
1255 4218 1310 4258 nos
1332 4206 1379 4257 de·

177 4292 261 4346 ndat
273 4306 336 4346 non
355 4293 509 4349 babemus.
524 4299 670 4363 Ceterum,
686 4315 724 4354 ue
736 4302 921 4370 deficiemus
934 4304 967 4356 iu
986 4303 1046 4370 oio,
1060 4317 1147 4357 esces
1158 4304 1283 4370 eupedit
1294 4304 1380 4372 serre

177 4395 388 4461 iquas,·quus
401 4399 503 4451 tameu
515 4399 544 4451 si
564 4401 766 4455 detulerimus
786 4407 815 4456 et
832 4404 952 4457 irruenti
968 4404 1122 4472 fuerimus
1134 4405 1172 4457 nb
1190 4405 1274 4472 otiis,
1294 4405 1380 4459 nobis

177 4493 349 4561 yferentur,
363 4498 391 4547 et
408 4509 464 4549 uos
483 4497 691 4553 nibilominus
708 4502 907 4568 disperutium
919 4502 1016 4570 foricis
1036 4504 1380 4557 sustiuebiums.Videu·

177 4608 213 4648 us
225 4605 304 4660 erpo
316 4599 480 4662 quopoue
490 4597 672 4666 coufupium
680 4604 785 4668 petere
797 4604 966 4657 valeamus.
978 4604 1017 4656 td
1033 4604 1100 4656 baec
1112 4609 1221 4657 sanctus
1233 4604 1356 4657 Eusicius
1370 4620 1376 4657 :
