3316 5482
442 111 537 162 eran.
556 110 639 163 nor.
658 110 775 161 rums.
793 131 839 142 -
854 109 1007 162 urrann.
1026 111 1074 162 an
1091 111 1169 164 con.
1189 112 1264 164 sace.
1405 95 1472 166 407

268 287 302 338 4.
315 287 371 338 lloc
383 283 558 348 coenobium,
580 282 615 337 de
627 295 681 349 ouo
694 281 842 350 loquimur,
855 283 884 334 in
897 283 975 345 initio
988 297 1054 337 suae
1072 283 1243 339 llmdationis
1254 285 1393 353 aliquanto
1406 291 1470 339 tem·

237 385 312 452 poris
323 385 353 437 in
365 383 485 437 maxima
496 386 615 452 egestate
636 368 662 436 e't
681 383 796 449 penuria
815 383 929 452 exstitit,
940 391 972 437 ut
993 396 1110 436 monens
1130 397 1177 438 eos
1189 385 1317 451 probaret
1340 385 1470 440 Dominus

236 491 262 540 et
275 483 416 552 probando
429 484 591 551 impleretur
603 484 632 536 in
644 484 684 537 eis
697 483 764 535 illud
778 483 828 536 viri
842 484 972 551 sapientis
987 498 993 535 :
1011 485 1105 538 Omne
1116 485 1197 552 quod
1209 485 1396 553 applicitum
1415 485 1473 539 tibi

236 583 346 654 facerit,
359 583 419 653 fili,
433 583 547 652 accipe,
561 585 592 637 et
608 583 643 636 in
654 584 761 637 dolom
780 583 909 652 sustine,
923 586 954 638 et
973 584 1008 637 in
1028 584 1207 639 bumilitate
1216 588 1272 639 tua
1280 586 1470 653 patientiam

210 682 324 751 tbabe,
337 682 485 752 quantam
497 683 532 735 in
544 683 615 750 ipae
629 682 785 750 probatur
805 697 923 737 aurum
943 687 974 738 ct
992 687 1167 753 arpentum,
1183 684 1321 740 aomina
1334 698 1405 740 vcro
1420 699 1471 740 re·

236 782 403 852 ceptabiles
425 783 460 835 in
479 783 603 837 camino
623 781 871 856 bumiliationis,·
884 797 932 838 seu
953 772 1078 838 certent
1098 784 1256 839 hominibus
1279 785 1470 840 ostenderetur

237 882 313 953 quod
326 883 372 936 illa
385 881 509 937 fundatio
521 895 576 936 non
589 886 648 936 erat
659 896 691 936 ex
704 883 825 950 homine,
840 883 888 936 sed
902 883 937 936 de
955 883 1002 937 illo
1015 888 1042 937 et
1054 884 1083 937 in
1094 884 1154 951 ipso
1166 883 1201 937 de
1213 897 1267 952 quo
1279 884 1346 938 dicit
1357 886 1470 952 Aposto-

237 984 281 1038 lus
294 1002 302 1037 ι
315 983 567 1037 Fundamentum
588 982 680 1036 aliud
698 985 899 1050 nctnopotcst
912 995 1030 1050 ponere
1036 985 1167 1050 praeter
1188 983 1222 1036 id
1242 983 1323 1051 quod
1330 985 1469 1052 positam

236 1086 292 1152 eet,
305 1083 386 1152 quod
406 1084 451 1136 eat
470 1081 557 1134 lesus
581 1081 731 1150 Christus,
745 1082 833 1135 noluit
853 1087 883 1135 ut
905 1096 955 1149 per
974 1096 1051 1150 reges
1073 1091 1100 1136 et
1115 1083 1252 1149 principes
1273 1084 1331 1150 ipsa
1343 1083 1468 1138 fundatio

191 1182 224 1235 to
236 1186 373 1246 ageretur,
386 1180 435 1233 sed
446 1193 496 1246 per
507 1193 537 1232 se
550 1181 650 1247 ipsum,
663 1180 691 1232 id
703 1185 745 1232 est
757 1193 806 1246 per
818 1179 950 1233 humilem
962 1185 990 1234 et
1002 1181 1144 1234 timentem
1161 1181 1244 1235 verba
1257 1195 1316 1248 sua,
1329 1183 1399 1236 sicut
1411 1183 1470 1249 ipse

236 1293 288 1347 per
299 1280 396 1333 lsaiam
417 1283 532 1332 testatur
551 1279 666 1332 dicens:
682 1279 730 1332 Aa
750 1292 840 1347 quern
856 1279 1035 1347 respiciam,
1053 1280 1118 1333 uiri
1138 1280 1181 1334 ad
1197 1282 1429 1348 pauperculum
1441 1284 1472 1335 et

235 1378 406 1434 emeritum
417 1377 534 1445 spiritu
546 1379 578 1431 ct
588 1380 769 1432 tranantem
780 1391 936 1432 sermones
947 1391 1029 1432 meos
1039 1377 1052 1430 l
1063 1381 1095 1432 Et
1106 1378 1136 1431 in
1148 1379 1310 1432 Ecclesiaste
1322 1379 1356 1432 de
1369 1380 1470 1434 talibus

236 1479 339 1547 legitur
351 1493 360 1532 ι
371 1476 506 1544 sparena
519 1477 694 1530 timentium
705 1477 831 1531 Domini
850 1478 1018 1545 quaeritur
1037 1479 1066 1532 et
1087 1480 1229 1546 respectu
1241 1478 1333 1532 illius
1350 1478 1469 1533 baledi-

235 1580 326 1633 cetur
336 1594 345 1645 ;
356 1588 426 1644 aper
438 1576 521 1630 enim
534 1576 665 1630 illorum
676 1576 711 1628 in
720 1578 897 1630 salvantem
910 1576 983 1630 illm
994 1579 1025 1630 et
1035 1577 1119 1631 oculi
1131 1577 1187 1630 Dei
1198 1577 1233 1630 iu
1244 1577 1408 1645 dilipcnter
1417 1590 1470 1645 ae,

187 1681 220 1734 tlt
233 1683 262 1732 et
273 1681 336 1746 post
347 1676 510 1745 paululum:
535 1676 682 1731 timentis
703 1677 871 1731 Dominum
889 1676 978 1731 beata
998 1679 1045 1731 est
1064 1677 1174 1732 anima
1191 1678 1266 1746 eius,
1281 1678 1365 1732 etad
1379 1691 1470 1746 quem

235 1776 365 1846 respicit
376 1779 407 1831 et
417 1776 486 1844 quir
501 1779 548 1830 cet
558 1774 712 1844 fortitudo
724 1776 814 1842 ejusd
828 1777 917 1831 oeud
934 1777 1058 1830 Domini
1073 1789 1169 1844 super
1190 1777 1330 1832 timenter
1342 1791 1422 1832 eum.
1436 1780 1470 1832 lt

234 1891 300 1932 cum
320 1877 388 1945 ipse,
408 1877 456 1944 qul
471 1881 521 1944 est,
534 1876 603 1930 sieut
623 1876 682 1944 ipse
700 1876 753 1930 alio
774 1877 835 1930 loco
855 1890 905 1944 per
926 1877 1012 1944 ipsam
1030 1878 1195 1944 Sapientiam
1216 1878 1291 1944 dicit,
1307 1867 1470 1946 protector

229 1977 399 2047 potentiae,
411 1967 645 2046 firmamentum
657 1975 792 2045 virtutis,
805 1977 943 2044 repimen
957 1977 1082 2031 ardoris
1093 1979 1123 2031 et
1141 1976 1359 2032 umbraculam
1377 1979 1467 2033 meri·

236 2078 338 2143 diani,
350 2078 526 2147 deprecatio
538 2077 719 2145 offersionis
730 2080 761 2132 et
771 2079 813 2132 ad
831 2078 997 2133 victoriam
1017 2090 1109 2133 carus
1120 2081 1268 2133 eraltans
1280 2079 1421 2133 oninium
1437 2083 1470 2134 et

187 2177 423 2242 adilluminari
443 2178 556 2245 oculor,
577 2177 657 2230 dares
678 2176 847 2230 sanitatem
863 2179 893 2230 et
911 2177 1008 2230 vitam
1029 2178 1058 2230 et
1078 2176 1328 2246 benedictionem,
1350 2177 1397 2231 ille
1415 2178 1463 2246 qui

236 2282 329 2331 tantus
340 2282 368 2331 et
378 2277 439 2332 talis
451 2283 491 2329 est
503 2277 545 2329 liis
557 2276 603 2344 qui
614 2276 712 2329 timent
723 2281 751 2330 et
762 2275 880 2344 diligunt
892 2289 955 2330 eum
968 2276 1131 2342 inveritate,
1144 2289 1201 2330 non
1216 2276 1263 2330 diu
1275 2277 1398 2343 permisit
1416 2291 1464 2332 eos

236 2378 267 2431 in
284 2377 335 2430 bac
353 2377 455 2431 vilitate
474 2379 502 2429 et
522 2381 639 2445 egestate
661 2389 832 2444 permanere,
844 2376 892 2430 sed
912 2377 1068 2431 consolatus
1085 2384 1126 2430 est
1146 2390 1202 2444 eos,
1217 2377 1357 2444 complens
1379 2378 1407 2430 in
1420 2379 1460 2432 eis

236 2477 304 2530 illud
316 2477 402 2530 lsaiae
415 2474 572 2529 vaticinium
593 2474 710 2528 dicentis
730 2475 797 2529 :Ad
813 2478 967 2544 punctum
985 2475 1021 2528 in
1040 2476 1158 2530 modico
1170 2475 1327 2543 dereliqui
1339 2479 1375 2544 te,
1389 2479 1420 2531 et
1429 2477 1465 2531 in

236 2554 489 2631 miserationibus
510 2574 634 2642 mapnis
653 2575 840 2644 conprepabo
858 2578 911 2642 te,·
933 2577 968 2629 in
985 2578 1137 2631 momento
1158 2575 1386 2644 indipnationis
1415 2577 1465 2631 ab·

187 2680 218 2732 lt>
235 2676 345 2732 romuli
355 2675 471 2745 faciem
482 2688 584 2728 meam
591 2687 766 2744 parumper
775 2689 795 2728 a
806 2676 922 2743 te,etin
930 2676 1149 2731 misericordia
1161 2677 1351 2743 sempiterna
1361 2678 1467 2732 mirer-

236 2779 286 2830 tue
297 2789 368 2829 eum
380 2775 437 2828 tui.
452 2775 524 2828 lecit
535 2775 609 2827 enim
622 2774 695 2842 quod
709 2776 879 2843 promiserat,
894 2782 921 2830 et
934 2777 1056 2844 respexit
1067 2777 1266 2844 paupercrdum
1278 2780 1306 2831 et
1317 2779 1464 2831 contritum

235 2877 332 2944 spiritu
343 2880 370 2930 et
384 2877 510 2928 misertus
522 2880 563 2928 est
575 2875 600 2928 ei
614 2875 727 2943 suisque
739 2876 880 2943 subjectis,
895 2882 1004 2931 mutans
1016 2877 1149 2930 vilitatem
1161 2879 1188 2929 et
1199 2877 1463 2943 paupertatem'illo-

235 2989 297 3028 rum
309 2976 338 3028 in
351 2988 478 3044 magnam
489 2975 605 3043 gloriam
617 2979 644 3028 et
655 2975 802 3028 maximam
820 2975 1025 3043 abundantiam,
1039 2978 1180 3042 praestans
1197 2974 1237 3028 eis
1255 2983 1283 3028 et
1299 2976 1464 3043 adjutorium

235 3075 376 3143 spirituale
388 3080 415 3129 et
434 3073 592 3128 alimoniam
613 3075 784 3142 corporalem
808 3074 1046 3130 sufficientissime.
1059 3076 1163 3142 Quippe
1185 3089 1247 3129 curn
1271 3075 1306 3128 de
1319 3075 1362 3128 liis
1381 3076 1465 3130 rebus

187 3180 216 3231 io
235 3175 408 3242 supradictus
418 3175 584 3229 venerabilis
596 3180 671 3242 pater
694 3174 841 3229 llerluinus
862 3174 1021 3229 multotiens
1038 3177 1124 3229 ileum
1136 3178 1287 3241 exorasset,
1300 3173 1392 3229 divina
1414 3176 1461 3228 mi·

235 3276 344 3342 seratio,
365 3274 513 3341 respiciens
534 3273 660 3327 lacrimas
680 3275 740 3340 ejus
761 3273 932 3341 gemitusque
954 3274 1027 3327 illius
1048 3274 1208 3341 exaudiens,
1229 3274 1413 3328 commodavit
1439 3275 1464 3327 ei

234 3374 373 3428 sufficiens
393 3374 524 3428 auxilinm
548 3374 582 3428 ad
603 3375 731 3428 universa
752 3386 823 3441 quae
843 3374 948 3442 agenda
968 3380 1070 3439 essent,
1084 3375 1196 3427 mittens
1208 3374 1232 3427 ei
1253 3373 1322 3428 tales
1333 3375 1415 3443 viros,
1428 3375 1464 3429 de

234 3475 336 3544 quibus
347 3479 374 3529 et
386 3488 434 3543 per
453 3488 533 3542 quos,
544 3475 630 3543 gratia
642 3475 688 3528 liei
702 3473 895 3541 praecedente,
909 3475 982 3528 intus
1001 3475 1095 3544 religio
1114 3479 1196 3542 atque
1210 3474 1327 3528 eruditio
1346 3475 1461 3529 multum

233 3588 409 3640 accrescere,
434 3575 553 3629 exterius
581 3587 673 3629 rerum
694 3552 818 3629 omnium
839 3576 1055 3628 necessariamm
1075 3575 1290 3629 subministratio
1314 3576 1403 3643 coepit
1428 3575 1463 3629 ad

187 3678 217 3731 td
235 3675 346 3743 plenum
359 3675 509 3741 abundare,
523 3674 590 3728 illud
612 3675 697 3729 lsaiae
717 3688 780 3729 vere
792 3675 821 3727 in
833 3688 863 3728 se
875 3681 1020 3729 cernentes
1042 3682 1069 3728 et
1080 3675 1257 3729 decantantes
1270 3690 1277 3727 ι
1290 3675 1465 3730 Miseratio·

233 3788 309 3829 num
321 3774 447 3829 Domini
465 3774 659 3843 recordabor,
676 3775 803 3829 laudem
819 3775 945 3829 Domini
963 3787 1059 3842 super
1072 3774 1213 3830 omnibus
1226 3788 1306 3842 quae
1325 3774 1465 3828 reddidit

232 3873 320 3928 nobis
332 3875 492 3941 mminus,
504 3876 536 3927 et
545 3887 641 3941 super
652 3874 887 3929 multitudinem
899 3874 1047 3929 bonoram
1058 3875 1167 3928 domm
1184 3873 1297 3943 Israel,
1311 3873 1386 3941 quia
1401 3875 1463 3928 lar·

231 3973 317 4041 pilus
328 3975 376 4027 est
384 3971 471 4027 nabis
484 3973 654 4026 seeundum
666 3972 895 4041 indulpentiam
906 3986 999 4026 suam
1010 3975 1039 4027 ct
1049 3973 1220 4027 secundum
1228 3971 1462 4026 multitudinem

232 4071 524 4126 misericordiarum
544 4084 687 4139 suarum,
701 4076 728 4124 et
748 4075 839 4124 cetera
858 4083 929 4138 quae
941 4077 1105 4139 sequuntur.
1119 4071 1168 4134 Qui
1181 4071 1249 4124 lracc
1270 4069 1378 4137 plenius
1392 4071 1463 4124 scire

187 4175 217 4227 lo
236 4172 319 4238 cupit,
339 4170 367 4223 in
391 4169 500 4236 scriptis
520 4182 591 4237 quae
611 4169 645 4223 de
658 4171 711 4224 vita
731 4176 759 4224 et
777 4169 883 4224 actibus
900 4168 1116 4236 supranominati
1133 4169 1213 4237 primi
1232 4169 1346 4235 pastoris
1364 4173 1391 4222 et
1403 4170 1462 4222 lirn-

232 4269 336 4325 daloris
348 4271 471 4338 ejusdem
483 4270 609 4323 coenobii
627 4276 692 4323 sunt
703 4275 813 4324 exarata
830 4270 954 4323 invenire
969 4270 1077 4337 poterit.
1090 4272 1143 4324 Nos
1159 4280 1224 4323 vero
1242 4268 1276 4322 ad
1289 4268 1460 4336 propositum

233 4370 407 4424 reflectamus
419 4370 557 4423 articulos.
