3316 5482
444 351 537 402 arei.
557 349 642 402 nar.
661 349 775 401 eante.
796 369 841 382 -
856 348 1012 400 sereno.
1033 348 1080 397 an
1096 347 1177 397 oon.
1196 344 1272 396 sarr.
1413 332 1480 398 455

236 524 305 591 quin
317 521 461 591 piissimae
482 520 664 575 confessionis
678 520 807 587 mysterio
828 518 962 584 munitus,
985 517 1164 571 eucharistiae
1185 522 1386 571 sacramentum
1410 519 1479 572 mira

238 623 333 678 cordis
345 623 492 676 sanctitate
504 622 679 689 percepisset.
693 620 746 674 Sed
761 621 827 673 baec
840 619 933 672 omnia
945 623 1082 672 extremae
1091 618 1161 671 vitae
1173 617 1231 670 dies
1240 617 1395 670 clarissime
1406 630 1477 670 com·

238 722 375 791 probavit.
390 724 490 775 omnes
502 719 624 788 denique
636 720 760 785 virtutes,
774 719 973 780 tortitudinem,
987 717 1178 783 constantiam,
1198 716 1401 783 liberalitatem,
1415 731 1478 784 pru·

240 822 385 888 dentiam,
407 821 587 887 pudicitiam,
610 819 837 886 moderationem,
858 816 1064 882 verecundiam,
1093 816 1319 883 sanctitatemque
1343 816 1475 883 possedit,

206 923 223 975 5
240 921 345 988 quibus
357 921 461 988 pariter
472 922 507 974 ab
519 921 634 973 ineunte
647 924 734 972 aetate
749 919 799 972 luit
810 918 1012 972 ornatissimus.
1027 916 1095 983 Quid
1108 918 1137 969 1ιι
1149 929 1246 970 omues
1260 916 1473 970 benivolentiam

241 1034 405 1090 prosequar,
418 1034 490 1089 quae
502 1021 563 1073 talis
575 1021 604 1072 in
614 1032 646 1072 eo
659 1033 690 1072 ao
702 1023 777 1072 tanta
790 1019 841 1071 luit
853 1022 883 1070 ut
896 1017 965 1070 nibil
978 1016 1042 1070 addi
1065 1017 1208 1084 minuique
1227 1016 1363 1084 possitlo
1384 1017 1476 1085 singu-

240 1122 328 1174 larem
341 1121 441 1186 rirum,
455 1133 472 1174 o
485 1121 567 1174 totius
578 1118 673 1172 mundi
684 1120 831 1172 marimum
843 1118 1029 1185 splendorem,
1042 1131 1059 1172 o
1071 1118 1242 1185 temporibus
1255 1119 1361 1172 cunctis
1374 1130 1475 1172 memo·

240 1220 362 1275 randum
373 1225 402 1274 et
412 1221 487 1275 nulla
497 1219 639 1274 bominum
650 1220 782 1273 memoria
793 1217 1006 1272 obliterandum.
1020 1218 1079 1270 Tibi
1089 1218 1211 1285 proiecto
1223 1219 1259 1271 sit
1267 1217 1340 1285 apud
1350 1218 1476 1272 homines

240 1321 313 1387 laus,
326 1320 399 1387 apud
412 1319 593 1373 immortalem
616 1322 701 1372 beum
713 1319 810 1387 gloria,
833 1324 895 1371 tuae
912 1318 1006 1371 virtuti
1026 1318 1135 1384 tuisque
1156 1318 1295 1373 laboribus
1318 1319 1428 1386 requies
1445 1333 1476 1372 ao

188 1422 220 1473 10
239 1421 441 1487 sempiternum
453 1419 593 1489 gaudium.
608 1418 660 1472 sed
674 1419 744 1471 banc
754 1417 880 1472 ultimam
893 1422 920 1471 et
939 1431 1001 1471 eam
1013 1417 1124 1484 quidem
1146 1418 1342 1484 amplissimam
1357 1418 1472 1488 dignita·

240 1527 308 1588 tem,
322 1532 376 1587 qua
389 1519 464 1573 nulla
477 1520 573 1586 major,
587 1518 663 1572 nulla
675 1518 820 1572 sublimior
832 1518 861 1570 in
882 1518 934 1571 bac
957 1521 1118 1584 tempestate
1139 1518 1223 1571 tribui
1244 1523 1342 1585 potest,
1365 1520 1475 1575 silentio

240 1619 395 1687 praeterire
406 1631 526 1686 nequeo,
540 1619 568 1671 in
582 1630 635 1685 qua
646 1616 759 1684 quidem
772 1629 827 1669 non
840 1617 921 1682 mori,
934 1616 981 1669 sed
997 1617 1087 1684 potius
1108 1629 1123 1669 a
1145 1618 1224 1671 uobis
1245 1618 1386 1672 discedere
1399 1619 1474 1673 visus

239 1722 283 1772 est
295 1721 322 1771 et
334 1717 407 1783 apud
419 1718 520 1770 electos
540 1719 682 1784 licumque
701 1716 791 1782 ipsum
813 1714 995 1769 immortalem
1015 1715 1141 1769 ellectum
1163 1721 1276 1770 constat.
1297 1720 1365 1770 llam
1385 1719 1474 1771 omni·

238 1824 338 1886 potens
350 1822 378 1870 et
389 1817 545 1870 misericors
557 1819 628 1870 lleos
638 1816 712 1869 bunc
725 1815 929 1869 sanctissimum
941 1817 1030 1869 virum
1051 1815 1085 1869 ad
1106 1821 1160 1869 lam
1181 1817 1319 1870 excelsum
1333 1817 1471 1886 dignitatis

188 1921 222 1975 15
239 1917 357 1986 gradum
370 1916 466 1979 erexit,
478 1921 509 1969 ut
521 1915 595 1969 illius
608 1916 730 1968 animum
741 1915 896 1981 sublimem,
909 1916 993 1969 altum
1007 1929 1039 1968 ac
1052 1915 1104 1968 sibi
1117 1916 1300 1984 propinquum
1318 1917 1424 1970 facilius
1438 1919 1473 1972 ad

238 2029 268 2071 se
281 2021 399 2069 vocaret.
412 2017 485 2080 Quae
497 2014 609 2082 quidem
622 2028 666 2067 res
678 2013 840 2068 facillimum
855 2027 920 2068 suae
941 2015 1065 2082 religioni
1087 2015 1175 2069 laudis
1196 2021 1223 2069 et
1245 2016 1347 2084 gloriae
1366 2018 1472 2084 paravit

238 2116 354 2180 aditum,
368 2120 462 2168 nostro
471 2114 630 2168 felicissimo
642 2115 744 2173 ordini,
757 2113 822 2168 dum
835 2115 886 2167 sub
897 2128 947 2168 suo
959 2116 1114 2169 versabitur
1124 2117 1248 2183 imperio,
1256 2129 1358 2170 nomen
1368 2117 1472 2184 ubique

238 2214 381 2268 ineluibile
393 2215 508 2280 peperit.
521 2214 683 2268 visetenim
696 2227 806 2280 semper
819 2214 891 2267 illius
904 2215 985 2279 lama,
997 2214 1102 2280 ibitque
1115 2227 1164 2281 per
1185 2214 1321 2284 civitates,
1344 2216 1472 2271 lustrabit

239 2314 404 2381 provincias,
417 2315 609 2383 pervagabitur
620 2315 757 2382 regiones,
771 2314 859 2368 donec
872 2319 1008 2367 terrarum
1020 2315 1115 2368 orbem
1128 2328 1178 2368 suo
1200 2314 1347 2382 splendore
1359 2330 1391 2370 ac
1410 2330 1470 2370 san·

189 2419 223 2471 20
240 2415 334 2471 etitate
345 2416 534 2482 compleverit.

276 2514 330 2568 31.
343 2515 376 2568 at
387 2518 458 2569 bens
470 2515 631 2569 immortalis
643 2522 670 2569 et
681 2522 812 2570 aeternus
825 2530 881 2570 non
896 2516 977 2570 modo
989 2518 1049 2584 ejus
1062 2518 1235 2571 sanctitatem
1257 2519 1285 2570 in
1305 2518 1359 2572 vita
1381 2524 1471 2573 osten·

243 2612 319 2680 dere,
332 2626 426 2667 verum
439 2617 628 2680 postmortem
641 2615 733 2669 multis
745 2621 826 2682 atque
839 2616 987 2682 praeclaris
1005 2617 1144 2669 miraculis
1155 2618 1285 2672 omnibus
1302 2618 1395 2686 palam
1411 2632 1472 2672 esse

241 2712 335 2767 voluit.
350 2713 486 2781 Principio
499 2716 590 2782 itaque
602 2714 737 2783 quaedam
750 2721 810 2769 erat
823 2715 930 2781 mulier,
944 2730 1014 2784 quae
1026 2719 1084 2770 toto
1093 2730 1161 2771 suae
1172 2718 1243 2772 vitae
1252 2720 1341 2786 spatio
1354 2720 1388 2773 ab
1398 2719 1472 2772 intir-

242 2813 336 2866 mitate
348 2813 469 2880 quadam
481 2815 697 2882 inexstinguibili
711 2817 870 2885 angebatur.
884 2819 916 2868 at
928 2831 990 2870 eum
1003 2816 1131 2872 allluibus
1143 2832 1173 2872 se
1195 2819 1228 2872 ad
1250 2820 1359 2874 beatum
1372 2821 1472 2888 Pbilip·

187 2913 222 2964 25
240 2923 303 2976 pum
317 2910 458 2964 ferendam
470 2913 583 2979 diceret,
597 2920 686 2967 aetum
705 2920 746 2968 est
765 2923 795 2968 ut
814 2917 921 2984 cognati
940 2916 975 2968 acl
996 2916 1069 2969 beati
1091 2917 1207 2985 Philippi
1230 2918 1388 2985 sepulcrum
1406 2934 1467 2974 eam

241 3007 419 3062 deducerent.
441 3012 523 3077 Cujus
536 3013 640 3065 meritis
660 3027 691 3066 ac
712 3014 839 3080 precibus
858 3015 990 3068 continuo
1011 3015 1158 3069 sanitatem
1182 3018 1328 3085 recipiens,
1353 3021 1470 3087 propriis

241 3107 359 3174 pedibus
370 3109 482 3163 domurn
496 3115 635 3166 remeavit.

276 3209 332 3262 82.
346 3212 408 3263 Erat
422 3212 534 3279 insuper
546 3215 664 3268 rusticus
677 3214 789 3283 quidam
801 3229 912 3269 caecum
926 3218 1031 3271 babens
1046 3223 1150 3271 natum.
1164 3219 1213 3282 Qui
1231 3219 1278 3273 ubi
1297 3220 1347 3272 viri
1368 3221 1470 3275 lamam

240 3321 272 3362 ac
285 3310 457 3364 sanctitatem
469 3314 582 3381 accepit,
596 3315 631 3367 ad
643 3316 702 3382 ejus
724 3317 859 3369 tumulum
878 3330 941 3370 cum
962 3315 1018 3371 lilio
1040 3319 1173 3384 pervenit,
1196 3326 1253 3372 erat
1274 3320 1347 3373 enim
1371 3322 1470 3376 unicus

186 3412 223 3462 ὅθ
241 3409 422 3476 parentibus;
437 3425 528 3479 neque
540 3414 663 3467 absoluta
675 3416 807 3484 oratione,
820 3398 907 3470 visum
921 3418 1075 3485 resumpsit.

274 3507 329 3560 38.
342 3509 453 3563 accedit
464 3511 498 3564 ad
511 3513 564 3566 boc
576 3512 647 3568 illius
661 3515 773 3582 quidam
786 3518 946 3584 parentibus
958 3519 1113 3586 singularis,
1135 3533 1216 3586 quem
1238 3533 1301 3574 cum
1321 3523 1355 3576 ad
1368 3521 1469 3578 londos

239 3619 303 3660 suos
315 3607 464 3674 mitterent,
478 3611 508 3662 in
521 3611 616 3678 lupum
628 3613 733 3680 incidit,
751 3620 779 3668 et
789 3616 824 3668 ab
837 3629 870 3670 eo
878 3617 1018 3684 jugulatus
1031 3623 1079 3671 est.
1094 3598 1190 3673 Evenit
1212 3626 1242 3674 ut
1261 3621 1373 3688 quidam
1393 3623 1465 3677 eolo·

239 3719 302 3773 nus,
314 3720 393 3761 secus
405 3709 475 3763 viam
488 3712 636 3779 transiens,
648 3713 743 3780 lupum
755 3729 872 3782 puerum
884 3717 988 3770 videret
996 3718 1178 3786 jugulantem,
1193 3732 1308 3787 moxque
1325 3721 1468 3776 clamitans

238 3804 268 3858 in
288 3818 384 3860 vocem
397 3810 530 3876 prorupit.
542 3813 634 3877 Lupus
647 3824 711 3866 vero
731 3814 778 3866 ubi
801 3814 941 3868 bominem
953 3819 1007 3868 tam
1020 3818 1148 3872 atrociter
1168 3823 1278 3886 tamque
1295 3833 1374 3875 saeve
1390 3821 1466 3875 auxi·

186 3906 220 3958 15
238 3903 307 3957 11ιιιιι
323 3905 391 3959 vidit
408 3909 602 3976 postulantem,
625 3911 714 3980 lugam
743 3914 867 3980 arripere
888 3929 1060 3982 puerumque
1081 3918 1234 3971 exanimem
1253 3919 1411 3974 destituere.
1442 3924 1466 3974 ls

237 4010 381 4071 postquam
392 4019 455 4060 eum
468 4022 517 4074 pro
529 4009 668 4077 explorato
682 4013 842 4066 delimatum
859 4014 963 4079 babuit,
984 4015 1074 4080 ipsum
1097 4018 1258 4082 parentibus
1279 4023 1362 4086 quam
1383 4019 1464 4074 citius

238 4104 322 4157 valuit
334 4107 435 4160 retulit.
450 4108 586 4177 Redigens
598 4110 689 4178 ltaque
701 4113 816 4166 colonus
833 4113 867 4166 ab
879 4112 957 4166 initio
970 4114 1009 4167 rei
1031 4115 1128 4168 seriem
1152 4118 1311 4182 parentibus
1322 4119 1351 4172 in
1365 4134 1465 4175 memo-

237 4201 316 4269 riam,
330 4209 417 4257 mater
428 4219 535 4259 summo
548 4207 668 4262 clamore
681 4210 804 4263 funditus
817 4211 943 4264 lacrimas
956 4213 1091 4279 emittens,
1105 4214 1138 4267 ad
1151 4215 1306 4282 Philippum
1320 4219 1463 4286 proripuit.

236 4303 269 4354 ttt
279 4316 341 4355 cum
354 4306 499 4358 maximam
512 4306 567 4358 vim
579 4307 753 4362 lacrimarum
767 4309 929 4375 effunderet,
941 4313 1070 4366 universo
1083 4315 1184 4382 populo
1194 4315 1343 4371 'tudertino
1357 4322 1464 4387 conspi-

185 4402 216 4453 lo
234 4399 325 4452 ciente
338 4402 442 4468 revixit,
455 4407 569 4456 cantans
581 4417 612 4457 ac
624 4406 792 4460 benedicens
804 4411 898 4474 ileum,
913 4393 960 4476 qul
973 4411 1036 4462 talia
1050 4410 1208 4465 bominibus
1219 4413 1304 4466 dedit.

264 4498 323 4552 34.
337 4501 474 4564 Quaedam
488 4508 628 4569 praeterea
647 4506 744 4558 mulier
764 4508 820 4572 jam
842 4508 949 4574 pridem
970 4522 985 4561 a
1005 4509 1141 4564 daemone
1160 4513 1318 4567 vexabatur.
1340 4517 1463 4571 Manibus

232 4599 402 4668 pedibusque
411 4601 497 4667 arida,
510 4601 543 4653 ad
557 4602 667 4656 boatum
680 4604 832 4671 Philippum
847 4606 910 4670 lata,
923 4621 938 4658 a
952 4606 996 4660 tali
1011 4609 1107 4662 morbo
1120 4610 1212 4663 statim
1225 4613 1320 4665 evasit.
