3316 5482
212 339 280 405 232
553 355 679 407 curm.
698 353 800 408 copo.
820 352 995 406 nsoroon.
1014 355 1095 407 bur.

207 523 502 593 prohibicionem
522 526 716 593 commisisti,
741 526 893 594 quatinus
913 525 1007 579 illum
1031 527 1061 578 te
1080 525 1236 593 turpionis
1251 519 1470 583 ceratitim?

208 627 341 693 proprio
360 638 414 681 ore
432 627 581 695 funderet
605 627 702 695 homi,
725 628 817 681 saiva
837 638 894 681 nos
912 625 951 680 ob
972 626 1106 680 incursu
1124 624 1242 693 hostili,
1266 627 1313 682 sis
1341 621 1481 684 noetf⁰

213 738 312 780 consec
321 726 440 780 itineri.
455 728 510 780 lloc
522 733 615 780 autem
628 726 749 792 explete,
764 726 875 791 eopiosa
888 724 1001 791 quidem
1021 724 1125 777 familia
1137 728 1232 778 coacte
1245 738 1261 778 a
1274 727 1364 793 patria
1376 711 1491 797 cogi·

215 832 261 879 tur
272 826 402 880 recedere
413 845 420 892 3
431 828 479 880 sed
492 839 612 880 amorem
626 839 706 879 carae
720 826 824 892 patriae
845 824 1021 878 dominorum
1040 824 1125 877 uincit
1146 828 1244 890 potens
1260 826 1363 892 jussio.
1382 818 1468 881 luti
1486 822 1492 861 ⁸

215 931 318 991 autern,
331 931 411 991 prout
432 927 549 993 quisquc
570 928 668 991 polest,
688 939 737 978 sua
756 938 850 978 secum
869 923 949 977 tollit.
970 923 1096 989 lleeeptis
1117 923 1181 977 inde
1201 923 1492 991 suppellectiubuae

216 1024 317 1090 stipant
328 1024 475 1090 cassionis,
489 1025 633 1078 thesauros
642 1036 674 1076 ae
693 1024 834 1077 facultates
856 1022 998 1088 eeclesiae,
1019 1035 1126 1085 aurum,
1148 1027 1305 1090 argentum,
1327 1025 1434 1079 turihul

216 1125 308 1190 operis
321 1125 444 1190 pretiosi,
457 1124 557 1177 calices
569 1136 669 1177 aureos
682 1129 882 1191 argenteasque
893 1133 1000 1188 eapsaS,
1013 1134 1110 1175 cruces
1122 1120 1221 1176 eodem
1233 1123 1349 1178 metallo
1359 1130 1387 1179 et
1395 1128 1492 1180 ποί

216 1225 337 1277 minimis
351 1224 486 1291 lapidibus
499 1226 628 1289 insertas,
642 1223 845 1291 evangeliorum
860 1228 950 1275 textos
971 1235 1054 1288 quam
1077 1222 1210 1288 plurimos
1234 1222 1347 1279 mirillci
1367 1212 1492 1281 studff

215 1326 325 1393 politos,
340 1326 425 1379 libros
437 1327 518 1380 etiam
532 1325 687 1392 perplures,
700 1325 807 1378 cloccas
826 1337 938 1391 quoque
958 1324 1045 1376 mirae
1060 1324 1220 1377 sonoritatis
1237 1324 1339 1392 claras,
1362 1338 1492 1381 neco*

217 1433 319 1491 restes,
339 1427 470 1481 videlieet
490 1439 589 1493 cappas
609 1426 701 1478 aureis
722 1425 816 1478 limbis
836 1429 918 1491 atque
940 1424 1020 1477 nodis
1044 1429 1164 1490 ornatas,
1184 1424 1347 1481 dalmaticas
1369 1429 1493 1482 otico

218 1528 330 1592 sericas,
351 1539 383 1579 ae
411 1527 505 1592 plures
525 1526 629 1592 speeies
647 1524 764 1578 restium
786 1524 890 1577 seilicet
910 1522 1033 1576 inlinilae
1059 1523 1252 1593 multitudinis,
1272 1539 1331 1580 una
1356 1530 1493 1581 meust!

219 1626 320 1681 deterri
330 1625 438 1692 iubent.

252 1727 284 1780 7.
297 1727 341 1779 Sic
354 1724 465 1791 deinde,
478 1723 595 1778 suliosso
608 1737 723 1790 corpore
744 1724 816 1777 beati
837 1723 977 1777 Philiberti
999 1722 1109 1791 gloriosi
1131 1724 1239 1777 abbatis
1256 1724 1421 1794 sublatoque
1435 1726 1493 1781 a!

219 1834 400 1888 tumulorum
414 1846 510 1900 magna
523 1831 665 1898 diligentia
677 1844 710 1885 ao
719 1830 865 1885 timiditate
877 1832 1008 1896 humana,
1030 1835 1145 1884 ornatur
1164 1831 1257 1898 palliis
1276 1845 1309 1885 ao
1329 1834 1450 1889 restibus
1466 1835 1493 1875 ²

220 1934 311 2000 lineis,
325 1937 352 1985 et
374 1933 413 1985 sic
435 1935 528 1984 sancta
549 1931 673 1983 membra
685 1931 811 1984 locantur
831 1930 859 1982 in
881 1929 964 1995 polito
986 1930 1098 1983 scrinio.
1121 1931 1305 1998 lleoeptisque
1325 1932 1449 1987 similiter

222 2032 427 2101 pretiosissimis
436 2030 570 2096 valdeque
579 2030 727 2083 carissimis
737 2027 861 2096 reliquiis
871 2029 1019 2082 heataellei
1030 2029 1171 2095 genitricis
1180 2028 1452 2087 llarimabuelonoo

221 2133 410 2201 quodarnrico
423 2130 545 2198 eiusdem
566 2130 694 2184 coenobii
715 2130 801 2182 sancti
820 2128 972 2193 Philiberti‚
995 2142 1065 2195 quae
1090 2128 1183 2182 multis
1203 2130 1352 2185 uirtutibus
1371 2138 1453 2199 atque

222 2231 362 2285 miraculis
373 2231 492 2284 illustres
504 2230 669 2297 claruerant,
684 2243 747 2282 eum
759 2235 851 2282 saneta
864 2229 998 2297 religione
1011 2242 1043 2282 ao
1055 2229 1162 2283 devotis
1174 2231 1313 2296 precibus,
1327 2232 1450 2287 modeste

223 2346 255 2386 ae
264 2331 396 2385 decenter
407 2330 524 2396 scapulis
533 2334 661 2396 quattuor
670 2329 842 2383 sacerdotum
852 2328 1453 2395 sandapilarererenteralbisindusiatoruur

222 2430 353 2496 vestibus,
366 2429 467 2483 deterri
480 2428 696 2495 praecipiuntur.
709 2428 854 2495 speciosus
867 2432 978 2481 sanctae
990 2429 1209 2497 congregationis
1221 2430 1324 2484 chorus
1343 2435 1451 2485 antece·
1465 2434 1493 2483 Ξ

225 2532 294 2584 dens
305 2530 422 2597 psalmos
433 2541 465 2582 ao
478 2528 593 2596 hymnos
606 2529 681 2582 suavi
699 2527 848 2581 decantant
867 2540 950 2593 voee3
971 2527 1023 2580 viri
1044 2540 1154 2594 quoque
1176 2528 1295 2598 religiosi
1313 2538 1455 2585 accelera

225 2629 344 2698 plurima
355 2629 434 2681 turba
446 2640 478 2681 ao
490 2627 592 2681 familia
605 2627 687 2679 nimis
699 2627 809 2692 eopiosa
829 2630 983 2693 sequuntur
1001 2632 1062 2692 post
1082 2640 1191 2688 arcam;
1214 2614 1385 2694 plebs'etiam
1396 2629 1456 2684 vul·

226 2742 332 2800 gusque
349 2742 432 2783 sexus
448 2728 602 2794 utriusque,
620 2725 744 2795 gaudens
766 2727 862 2779 saltem
881 2727 939 2780 visu
961 2738 1041 2793 posse
1059 2725 1152 2779 videre
1170 2726 1213 2781 vel
1231 2740 1315 2781 manu
1334 2726 1457 2782 fimbrias

86 2833 96 2853 '
167 2868 173 2881 .
230 2836 342 2897 tangere
353 2829 395 2881 uel
407 2829 458 2881 sub
472 2829 571 2881 ieretro
584 2828 700 2880 transire
713 2826 806 2880 licere.
821 2827 924 2880 lleinde
936 2829 1046 2881 tandem
1059 2829 1068 2847 ·
1079 2828 1246 2894 perveniunt
1254 2829 1289 2883 ad
1299 2829 1458 2884 Pietarenso

171 2933 178 2948 ·
230 2927 409 2994 territorium,
433 2928 526 2995 ibique
549 2927 721 2994 aliquatenus
744 2941 849 2980 morani
870 2927 1003 2994 iecerunt,
1025 2928 1156 2995 quoniam
1180 2928 1295 2982 cellulae
1322 2935 1352 2983 et
1377 2926 1494 2983 nundi!

227 3031 300 3083 beati
314 3029 451 3081 philiberti
465 3028 551 3081 inoliti
563 3027 679 3090 abbatis
692 3029 760 3094 [quil
774 3027 926 3080 seeundum
941 3028 1042 3081 saeculi
1055 3029 1215 3096 dignitatem
1234 3028 1392 3097 [gloriosus]
1410 3027 1458 3082 sed

228 3129 282 3183 tide
298 3135 327 3182 et
338 3143 421 3196 opere
433 3129 578 3197 gloriosior
590 3128 687 3194 extitit,
701 3128 796 3180 inillis
814 3127 968 3182 confinibus
978 3129 1085 3195 aliquae
1098 3133 1187 3181 erant.
1207 3129 1264 3182 lllic
1285 3142 1353 3183 vcro
1365 3128 1457 3197 largis

227 3231 310 3282 simas
328 3236 409 3296 atque
420 3229 525 3295 amplas
537 3229 655 3295 propriis
666 3228 855 3294 possessiones
868 3234 994 3280 emerunt
1012 3228 1159 3293 thesauris,
1177 3240 1208 3280 ac
1226 3228 1300 3281 dono
1318 3228 1457 3282 bonorum

228 3336 255 3382 et
267 3335 409 3396 potentum
423 3329 576 3393 hominum,
591 3332 644 3381 heo
654 3330 777 3394 jurante,
792 3328 876 3381 mulla
897 3332 979 3392 alque
999 3327 1104 3380 infinita
1126 3327 1249 3394 recipere
1265 3340 1329 3381 arva
1351 3340 1459 3381 meroe

227 3435 301 3493 runt,
314 3443 385 3497 quae
397 3429 524 3495 equidem
537 3430 586 3495 ipsi
602 3433 694 3494 postea
707 3428 831 3480 seniores
849 3427 1098 3480 corroboraverunt
1119 3438 1166 3492 per
1184 3439 1277 3495 regum
1296 3433 1452 3494 praecepta,
1470 3428 1495 3479 tl

230 3531 360 3596 quatinus
373 3542 432 3581 esse
447 3533 559 3594 possent
572 3528 621 3579 tuti
634 3526 684 3578 suh
697 3526 848 3591 patrocinio
863 3540 894 3577 ac
907 3525 991 3578 tutela
1003 3526 1122 3578 illorum.

258 3627 290 3681 8.
305 3630 372 3680 llcee
385 3627 483 3677 iterum
503 3626 656 3691 persecutio
675 3638 843 3691 paganorum
865 3625 1012 3677 imminens
1031 3636 1078 3677 eos
1100 3623 1164 3677 inde
1177 3624 1282 3690 expulit
1300 3630 1384 3693 alque
1398 3628 1455 3694 iarn

229 3741 292 3781 earn
303 3729 374 3794 cogit
386 3726 544 3792 relinquere
557 3725 625 3779 loco.
638 3724 741 3777 Deinde
753 3731 851 3778 euntes
864 3723 967 3776 radunt
978 3737 1032 3790 quo
1046 3723 1096 3790 ipsi
1111 3724 1248 3777 nesciunt.
1267 3725 1352 3778 Porro
1362 3724 1461 3779 leniter

233 3833 314 3895 atque
327 3827 458 3880 iacientes
472 3838 573 3878 moram
587 3824 749 3891 gradiuntur
761 3837 810 3891 per
821 3824 901 3889 riam,
917 3828 1008 3889 utpote
1019 3822 1140 3888 impediti
1152 3828 1235 3889 utque
1254 3822 1360 3877 detenti
1372 3823 1461 3893 largis·

233 3928 308 3981 simis
320 3927 405 3991 copiis
428 3931 506 3978 erunt
524 3924 693 3977 diversorum
713 3937 815 3987 rerum,
834 3923 961 3975 videlicet
981 3935 1125 3987 equorum,
1143 3922 1293 3988 mulorum,
1312 3923 1495 3977 terentiumtl

233 4032 363 4094 carpenta
386 4025 514 4094 grauibus
539 4023 708 4091 ponderibus
730 4024 883 4085 stridentia,
905 4023 1056 4075 hestlarurn
1076 4036 1188 4090 quoque
1213 4023 1340 4077 diuersae
1361 4023 1458 4091 speciei

233 4139 316 4181 onera
329 4125 495 4192 portantium
509 4124 676 4191 gravissima.
696 4126 734 4175 lix
752 4123 836 4174 sancti
855 4122 937 4175 etiam
955 4123 1080 4177 coenobii
1098 4123 1298 4176 consuetudine
1320 4123 1458 4177 silentium

233 4227 333 4282 decore
346 4223 479 4292 usquead
502 4225 596 4277 horam
620 4223 654 4276 ab
674 4222 793 4288 antiquis
805 4223 929 4289 patribus
949 4224 1122 4275 constitutam
1143 4222 1172 4274 in
1193 4222 1315 4275 extensis
1337 4223 1458 4277 tentoriis

234 4339 342 4380 seruare
355 4326 488 4378 nituntur.
503 4324 641 4390 papilione
654 4328 745 4375 autern
757 4322 816 4374 loeo
836 4322 889 4374 ireti
912 4323 1047 4375 refectorii
1067 4322 1222 4388 iungentes,
1245 4322 1362 4387 spiritali
1381 4330 1460 4391 atque

234 4429 295 4482 cibo
306 4425 441 4492 corporali
456 4424 570 4478 honeste
583 4424 664 4475 vitam
678 4422 792 4475 ducunt.
806 4424 876 4475 Loco
887 4422 1014 4487 equidem
1027 4421 1181 4473 simulantis
1201 4421 1334 4475 ecelesiae
1352 4421 1456 4477 niveam
1468 4415 1496 4468 fl

234 4528 336 4594 eligunt
350 4527 492 4592 capellam,
506 4530 728 4592 quesanctorum
743 4523 856 4588 pignore
872 4527 1068 4575 venerarentur
1081 4535 1167 4575 sacra.
1181 4522 1298 4589 insuper
1307 4523 1393 4576 etiarn
1402 4524 1458 4576 dor·

235 4629 382 4693 olitorium,
396 4624 554 4692 capitulum,
568 4624 713 4690 coquinam
737 4635 841 4687 secum,
864 4622 949 4674 relicti
964 4621 1117 4675 reverentia
1137 4621 1296 4677 monasterii
1314 4634 1347 4676 ac
1365 4634 1463 4679 eorum
