3316 5482
319 113 413 167 arno.
431 72 521 166 nau.
536 112 655 164 rarus
674 133 719 144 -
735 112 889 163 apruno.
909 112 957 162 an
974 110 1052 163 ooo.
1072 107 1149 162 sace.
1273 80 1340 160 405

438 334 647 448 Appendlx
670 334 720 423 od
746 335 829 425 cod.
849 332 973 425 5368.

272 554 480 621 Miaccunuu
504 550 539 618 S.
558 548 699 618 Nrooulr
724 546 805 637 (Cir.
825 567 936 634 supra,
956 568 990 634 p.
1010 547 1089 627 404,
1109 549 1170 634 4⁰).

136 756 256 826 contigit
266 768 341 810 anno
353 754 487 809 incarnati
497 754 576 807 verbi
589 753 735 807 millesimo
747 750 897 805 centesimo
906 750 1045 804 tricesimo
1055 753 1142 817 serto,
1150 753 1244 804 uttres
1255 764 1338 806 nares

103 858 312 926 peregrinorum
335 857 550 924 Hierosolymam
571 855 722 922 petentium
740 856 822 906 vento
834 834 968 905 'validiori
989 857 1066 906 actae
1086 857 1158 906 retro
1175 853 1340 921 repelleren-

103 960 158 1023 tur,
182 957 212 1009 in
224 956 348 1023 marique
365 953 525 1023 praenimia
544 957 705 1020 tempestate
719 953 947 1020 periclitarentur.
965 955 1083 1018 Quarum
1103 952 1212 1007 duabus
1232 954 1339 1022 mersis,

73 1057 88 1109 b
103 1056 243 1124 peregrini
255 1055 352 1109 tertiae
364 1055 451 1122 naris,
464 1057 589 1108 sanctum
601 1053 761 1106 invocantes
774 1053 943 1118 Nicbolaum,
957 1057 1092 1108 voverunt
1102 1067 1132 1107 se
1144 1054 1230 1121 ipsius
1243 1068 1338 1108 seruos

103 1155 224 1221 tuturos,
237 1158 367 1222 quattuor
380 1151 523 1207 reddendo
543 1151 683 1216 denarios,
696 1151 719 1203 si
737 1152 772 1205 ab
791 1151 946 1205 imminenti
959 1152 1042 1205 exitio
1055 1165 1103 1206 eos
1122 1153 1260 1209 liberaret.
1273 1154 1339 1210 llico

104 1255 292 1309 nariseorum
312 1253 443 1307 citissimo
463 1266 495 1306 ac
516 1264 648 1319 prospero
669 1263 751 1304 cursu
772 1249 885 1317 appulsa
905 1255 947 1304 cst
959 1250 993 1304 ad
1006 1255 1114 1318 portum
1132 1253 1247 1307 omnino
1259 1257 1340 1308 antea

104 1354 275 1422 incognitum
285 1358 349 1407 ante
360 1352 496 1406 civitatem
508 1351 578 1405 itari.
592 1352 625 1404 llt
635 1362 700 1404 ecce
717 1346 896 1402 daemoniaca
913 1349 1046 1416 quaedam
1065 1350 1238 1405 velocissimo
1256 1365 1339 1407 cursu

104 1453 139 1507 ad
152 1453 297 1508 ecclesiam
309 1453 474 1506 sanctissimi
486 1451 621 1519 praesulis
633 1448 765 1513 llicholai,
778 1447 807 1500 in
817 1461 871 1515 qua
886 1449 1101 1503 sacratissimum
1112 1451 1171 1516 ejus
1190 1451 1339 1519 requiescit

55 1553 87 1606 ld
102 1565 212 1619 corpus,
225 1551 356 1617 cucurrit,
368 1558 396 1604 et
408 1563 457 1617 per
463 1563 495 1603 os
506 1551 566 1617 ejus
586 1548 762 1603 daemonium
772 1546 892 1602 clamare
904 1549 992 1615 coepit
1006 1564 1013 1600 ι
1031 1549 1053 1602 0
1068 1549 1228 1619 Nicbolce,
1242 1565 1340 1619 qttcm

104 1650 273 1718 mirabilia,
286 1662 382 1717 quam
391 1647 496 1718 fortis,
508 1650 720 1717 quantumque
730 1645 818 1702 uobis
831 1646 967 1715 infestae
978 1660 1045 1702 esee
1055 1647 1275 1718 comprobaris,
1286 1649 1341 1718 qui

105 1753 197 1806 touta
216 1748 304 1803 nobis
321 1748 354 1802 ci
373 1747 535 1802 abstulisti
552 1746 804 1815 monoculum
824 1747 924 1815 navia,
939 1760 1033 1814 quum
1056 1759 1109 1815 epo
1130 1750 1160 1802 et
1172 1747 1267 1801 multi
1278 1747 1340 1803 clii

104 1851 272 1904 daemones
287 1848 483 1915 mecumjam
489 1859 594 1915 poene
613 1856 829 1915 merueramus,
842 1846 1034 1913 caedereque
1048 1859 1159 1901 ccccm
1172 1848 1236 1900 tota
1250 1850 1338 1902 nocte
1422 1846 1425 1851 ’

104 1948 295 2017 pubetutans,
305 1958 442 2015 propere
459 1946 503 2000 ad
514 1947 656 2014 optatum
662 1945 793 2012 portum
810 1943 986 1998 addcmieti.
1000 1945 1110 1998 Dicebat
1131 1945 1212 1999 etiam
1228 1945 1336 2000 clericis

55 2051 91 2104 lb
106 2046 230 2116 ejusdem
243 2045 387 2113 ecclesiae,
400 2045 493 2098 multis
506 2044 568 2098 aliis
579 2044 756 2099 audientibus
771 2046 846 2115 :Itc,
860 2046 912 2112 ite,
931 2045 1031 2101 videte
1040 2060 1162 2115 nauem,
1182 2059 1276 2116 qttcm
1291 2059 1339 2102 ue·

109 2149 175 2202 ater
185 2128 359 2201 Niebotcco
370 2146 433 2199 tote
443 2143 623 2213 cccccccccc
635 2147 732 2212 uncte,
745 2158 816 2200 cum
829 2145 959 2201 melleet
970 2159 1004 2201 eo
1015 2147 1155 2215 amplius
1161 2147 1341 2215 perecrini-r
1377 2162 1381 2168 ·

109 2245 196 2300 uobis
207 2243 334 2314 eripuit,
344 2256 473 2312 eamque
483 2244 513 2297 et
520 2243 704 2311 pereminet
717 2245 887 2300 incolumes
896 2247 1075 2314 autpertum
1084 2245 1230 2301 adducit.
1241 2245 1338 2299 liiran·

110 2345 184 2398 tibus
194 2349 286 2398 autem
299 2342 407 2397 clericis
418 2347 447 2395 et
458 2343 636 2411 pergentibus
648 2343 683 2397 ad
695 2357 770 2398 mare
782 2348 813 2397 ut
824 2345 926 2398 scirent
937 2358 973 2398 an
985 2358 1079 2399 verum
1090 2344 1203 2411 diceret,
1216 2343 1341 2399 obviave-

111 2443 227 2497 runteis
238 2441 385 2511 peregrini,
398 2441 446 2508 qui
456 2442 513 2508 jam
533 2440 569 2495 de
590 2442 655 2495 navi
674 2441 721 2495 illa
733 2442 857 2497 exierant
877 2449 905 2496 et
926 2443 1002 2496 ibant
1021 2443 1055 2497 ad
1073 2444 1227 2508 ecclesiam,
1241 2446 1297 2498 beo
1314 2449 1342 2498 et

55 2546 93 2599 20
111 2548 206 2596 sancto
217 2541 346 2595 diobolae
358 2552 407 2608 pro
428 2539 591 2594 liberatione
603 2552 652 2593 sua
671 2541 772 2608 gratias
784 2541 917 2596 reddituri
928 2559 936 2609 ;
949 2542 1049 2610 quibus
1062 2543 1246 2597 referentibus
1258 2556 1345 2613 agno·

112 2645 212 2696 rerunt
221 2653 287 2695 rera
299 2653 359 2694 esse
370 2653 441 2707 quae
450 2639 629 2694 daemoniaca
639 2639 758 2694 dixerat.
771 2644 845 2704 Quae
856 2641 952 2695 videns
965 2641 1038 2708 ipsos
1059 2636 1227 2710 peregrinos,
1240 2643 1341 2718 mirum

112 2741 197 2808 dictu,
210 2754 280 2809 quos
291 2753 442 2808 numquam
453 2744 534 2794 antea
546 2738 662 2804 viderat,
675 2740 735 2793 sine
747 2740 867 2793 humano
885 2740 975 2794 indice
992 2743 1184 2810 cognoscebat,
1197 2746 1225 2796 et
1236 2742 1341 2796 unicui-

112 2855 166 2910 que
177 2842 306 2895 dicebat:
325 2841 369 2895 ite
380 2852 412 2893 ea
429 2841 512 2894 certe
522 2840 561 2893 de
571 2852 702 2895 numero
719 2852 827 2894 comm
838 2852 914 2906 quos
925 2840 1044 2908 enpuu
1054 2840 1142 2896 nobie
1158 2842 1340 2897 Nicbolcuc.

112 2944 184 2995 llaec
195 2941 319 2995 ridentes
331 2944 359 2993 et
370 2937 514 2993 audientes
533 2939 625 2993 clerici
647 2952 709 2993 cum
728 2939 829 3006 populo
850 2939 1030 3006 mirabantur,
1044 2943 1184 3009 boumque
1199 2943 1228 2994 in
1246 2947 1340 2996 sancto

55 3043 93 3096 2⁵
112 3039 240 3094 llicbolao
252 3038 394 3093 laudantes
407 3035 604 3105 glorificabant.
617 3038 657 3091 nd
669 3039 747 3105 cujus
756 3038 899 3105 honorem,
912 3038 1031 3106 laudem,
1042 3039 1178 3108 simulque
1190 3045 1217 3094 et
1227 3040 1340 3110 gloriam

77 3193 79 3197 ,
111 3137 177 3193 almi
190 3138 323 3205 praesulis
344 3137 503 3203 nicholaia
523 3136 643 3204 quodam
665 3138 785 3204 ipsorum
798 3137 1015 3207 peregrinorum,
1026 3141 1082 3205 jam
1104 3141 1238 3195 monacho
1259 3141 1340 3210 iacto,

112 3240 179 3292 llaec
191 3238 288 3302 relata,
300 3237 449 3291 memoriae
461 3240 489 3290 et
501 3234 684 3291 aedificationi
694 3241 749 3290 tarn
763 3237 918 3292 futurorum
930 3251 1014 3306 quam
1035 3238 1222 3305 praesentium
1234 3241 1337 3308 scripto

112 3338 211 3393 tradita
223 3342 297 3392 sunt.

202 3505 383 3572 Mraacuua
407 3498 444 3571 S.
463 3503 605 3571 Niconar
629 3521 835 3570 consererem
849 3521 872 3568 a
894 3523 1051 3571 uouuouo
1076 3507 1241 3573 Buccuusr

55 3626 92 3678 oo
498 3606 579 3696 (Cir.
598 3629 709 3696 supra,
728 3629 760 3695 p.
787 3609 868 3690 404,
892 3608 955 3698 5⁰).

134 3801 312 3875 Incipiunt
331 3801 510 3863 miracula
531 3801 648 3863 sancti
667 3800 832 3862 Nlcbclud
853 3802 1009 3876 episcopi
1030 3805 1067 3865 et
1088 3803 1313 3867 wnreeeorls.

147 3983 174 4035 1.
183 3980 258 4034 Sicut
270 3993 334 4034 reus
346 3991 436 4034 coram
450 3980 504 4032 beo
516 3976 662 4045 deputator
673 3978 790 4046 quisque
799 3979 955 4048 evangelico
967 3981 1134 4049 testimonio,
1149 3983 1195 4049 qui
1208 3983 1341 4036 talentum

112 4079 299 4149 patrifamilias
311 4083 452 4145 acceptum
465 4090 521 4132 non
539 4076 630 4130 studet
641 4090 754 4146 erogare
766 4076 813 4131 sed
826 4078 1005 4147 abscondere,
1019 4079 1056 4132 ita
1064 4079 1125 4134 sine
1136 4078 1220 4134 dubio
1230 4088 1272 4133 est
1284 4093 1341 4135 cre·

113 4179 234 4234 dendum
255 4176 330 4248 quod
350 4178 397 4232 illc
419 4178 533 4244 accipiet
545 4177 710 4243 mercedem,
728 4182 874 4230 attestante
887 4177 945 4244 ipsa
963 4178 1091 4246 veritate,
1105 4178 1151 4245 qui
1165 4179 1339 4246 quantulam-

58 4287 96 4340 35
113 4293 231 4348 cumque
242 4278 373 4333 creditam
386 4279 566 4346 quantitatem
580 4278 675 4331 talenti
694 4289 750 4331 non
768 4277 876 4345 ligatam
893 4278 1014 4344 sudario,
1027 4279 1075 4332 sed
1092 4285 1123 4332 ut
1140 4279 1230 4332 tidelis
1248 4293 1343 4334 servus

116 4379 225 4446 copiose
237 4376 331 4444 augeri
344 4375 486 4429 studuerit.
501 4377 680 4441 Quapropter,
695 4375 717 4427 si
730 4374 838 4430 adesset
849 4378 914 4429 milli
928 4391 1043 4431 serenae
1060 4379 1161 4432 mentis
1173 4379 1300 4434 facundia
1316 4385 1344 4434 et
