3316 5482
404 376 496 427 nmo.
516 377 600 427 nar.
620 376 736 427 alnis.
756 397 802 407 -
817 376 970 427 manno.
991 377 1038 427 nn
1055 377 1133 428 con.
1156 375 1232 428 sace.
1362 365 1430 432 213

205 547 340 604 dominum
353 546 490 600 Christum
511 559 572 600 esse
585 544 735 612 respondit.
750 544 789 599 nd
808 547 875 599 hacc
889 546 1001 612 profana
1020 546 1166 601 multitudo
1185 548 1241 602 suis
1253 548 1392 603 sacrificiis
1403 558 1436 606 ut

204 647 386 714 adquiesceret
397 645 563 700 belsarium
575 648 776 709 temptaverunt
789 643 991 709 imperandum.
1004 645 1119 698 Sanctus
1131 657 1195 700 vero
1208 640 1357 714 Bandrilius,
1370 661 1435 703 vera

204 746 329 814 religione
341 746 489 810 animatus,
503 758 560 797 non
581 744 670 796 solum
684 756 782 797 senon
803 754 1002 796 consensurum
1019 744 1170 811 respondit,
1184 760 1280 800 verum
1301 747 1382 801 eliam
1399 748 1435 802 ad

202 846 337 900 meliorem
360 844 431 898 uitae
452 843 573 912 regulam
594 842 749 896 salutiferae
767 840 931 909 divinaeque
952 841 1020 910 legis
1041 840 1222 911 secta[ndam]
1239 856 1287 897 eos
1319 844 1436 899 credidit

202 943 374 1011 instigandos.

230 1043 261 1099 8.
273 1047 350 1097 Tunc
362 1056 468 1108 omnes,
481 1042 622 1096 iracundia
635 1042 774 1106 commoti,
782 1041 810 1093 in
823 1054 922 1107 corpus
934 1040 1021 1093 sancti
1032 1040 1146 1094 baudilii
1157 1043 1283 1110 martyris
1295 1045 1433 1099 excrucia·

201 1144 270 1197 done
282 1146 471 1212 consurgunt;
487 1156 569 1210 quem
582 1142 657 1196 omni
670 1142 837 1194 laceratione
849 1139 1068 1194 consumendum
1080 1141 1163 1194 totius
1174 1142 1359 1197 multitudinis
1370 1158 1433 1213 pro·

201 1243 260 1297 fana
271 1243 412 1297 consensit
424 1242 567 1295 acerbitas.
582 1245 647 1295 llam
661 1241 791 1308 quicquid
804 1239 899 1293 rabida
916 1240 957 1292 ira
970 1240 1122 1292 saevientes
1135 1239 1287 1308 admonuit,
1301 1244 1433 1312 quicquid

202 1341 310 1395 insanus
331 1342 409 1395 furor
428 1341 624 1408 sacrilegorum
644 1340 743 1392 animis
765 1339 937 1405 ministravit,
951 1339 980 1392 in
1001 1339 1089 1405 fragili
1112 1340 1274 1407 corpusculo
1296 1343 1366 1396 servi
1385 1343 1432 1397 bel

200 1439 306 1494 allatum
319 1446 369 1494 est.
383 1441 467 1507 cujus
479 1439 627 1491 obstinatio
638 1437 756 1506 gloriosa
768 1451 832 1491 cum
853 1449 908 1490 non
928 1443 1019 1504 posset
1036 1437 1210 1491 diuersorum
1228 1444 1427 1496 tormentorum

198 1550 295 1605 genere
308 1538 442 1604 superari,
458 1537 590 1603 sacrilega
602 1536 745 1605 gentilium
757 1535 837 1589 turba
849 1536 937 1602 capite
956 1535 1101 1602 plectendo
1113 1536 1211 1590 ultimo
1224 1534 1431 1594 deliberationis

201 1649 261 1691 suae
273 1637 417 1692 consensit
431 1636 546 1704 judicio.

228 1739 259 1791 4.
273 1738 337 1790 Post
349 1738 428 1803 cujus
449 1737 554 1789 cruoris
574 1735 761 1802 profusionem
781 1735 938 1803 gloriosam,
953 1735 1097 1789 laudabilis
1121 1742 1231 1804 martyr,
1245 1739 1292 1805 qui
1313 1739 1342 1792 in
1362 1739 1431 1794 urbe

198 1836 420 1889 Nemausensium
432 1835 521 1889 fuerat
539 1835 637 1901 bospes
649 1838 803 1900 susceptus,
817 1832 903 1888 factus
915 1839 957 1888 est
968 1835 1058 1889 incola
1070 1836 1195 1902 ejusdem
1207 1837 1323 1890 civitatis
1335 1836 1430 1892 defen·

191 1949 292 2004 sorque
309 1938 443 2001 locorum,
465 1936 535 1988 sicut
555 1935 762 1988 intercessionis
783 1947 850 1988 suae
871 1934 993 1988 remedia
1014 1935 1139 2002 pluribus
1164 1937 1262 1992 collata
1280 1941 1424 2008 testantur,

203 2039 336 2088 annuente
348 2036 404 2087 beo
423 2039 448 2087 et
460 2033 574 2087 nomino
587 2038 681 2085 nostro
693 2035 759 2085 lesu
776 2032 893 2097 Christo,
908 2032 951 2086 cul
970 2037 1011 2086 est
1032 2035 1121 2088 bonor
1142 2041 1170 2089 et
1187 2040 1317 2103 potestas,
1330 2036 1390 2091 laus
1403 2041 1431 2092 et

204 2133 282 2200 gloria
295 2133 444 2187 insaecula
456 2131 637 2186 saeculorum.
651 2134 747 2184 Amen.

734 2233 901 2307 nxpnelt.
960 2283 963 2294 .

264 2443 442 2508 Pnouoous
466 2460 500 2507 nr
520 2441 632 2507 V1ruu
657 2440 691 2507 S.
713 2441 888 2508 Muxcnun
910 2437 974 2529 (Oi.
994 2459 1105 2525 supra,
1125 2460 1156 2526 p.
1176 2441 1255 2520 210,
1274 2438 1358 2528 390).

248 2635 377 2710 Inclplt
401 2637 573 2709 prologus
596 2635 635 2696 ln
658 2636 738 2697 vita
764 2635 882 2697 senoil
904 2635 1092 2708 Maxentll,
1117 2635 1160 2705 ‚vl
1184 2637 1259 2697 kal.
1279 2635 1375 2710 juill.

229 2841 296 2893 cum
307 2839 394 2893 sancti
407 2851 438 2892 ac
454 2838 603 2892 beatissimi
622 2838 749 2891 Maxentii
762 2837 816 2890 vita
832 2837 889 2903 jam
907 2835 1012 2890 dudum
1033 2837 1181 2890 haberetur
1202 2836 1349 2905 descripta,
1368 2850 1430 2892 eam

187 2939 352 3005 jubentibus
365 2938 494 2991 fratribus
506 2951 542 2990 ex
555 2937 667 3004 praefati
680 2938 765 2990 sancti
788 2937 963 3002 monasterio,
977 2949 1010 2989 eo
1023 2937 1097 3004 quod
1112 2942 1166 2990 tam
1179 2937 1340 3003 scriptorum
1364 2937 1428 2991 vitio

193 3050 279 3105 quarn
291 3043 318 3091 et
329 3038 410 3105 primi
432 3037 530 3090 inertia
549 3036 618 3090 foret
635 3035 782 3102 deprauata
801 3036 965 3101 tractatoris,
978 3034 1181 3089 emendandam
1200 3036 1319 3102 suscepi.
1332 3038 1427 3103 Neque

197 3139 273 3190 enim
282 3144 312 3191 ut
324 3139 353 3190 in
366 3151 398 3190 ea
408 3136 511 3203 aliquid
521 3136 693 3202 inopinatum
703 3136 807 3189 referre
816 3139 862 3188 aul
871 3135 945 3188 aliud
956 3136 1178 3203 quiddam,quod
1188 3137 1280 3190 nonin
1291 3136 1428 3202 prioribus

187 3233 342 3290 baberetur
352 3235 562 3301 exemplaribus,
576 3247 674 3301 augere
684 3235 726 3287 vel
738 3235 863 3288 minuero
875 3239 1083 3299 contrectarem,
1098 3233 1146 3287 sed
1162 3235 1252 3301 potius
1263 3248 1297 3287 eo
1316 3234 1391 3301 quod
1409 3248 1425 3287 a

194 3336 321 3402 plurimis
333 3349 382 3402 pro
395 3336 559 3388 confusione
570 3335 716 3388 verborum
730 3335 867 3387 inutilium
880 3335 1002 3402 intellegi
1014 3348 1071 3387 non
1085 3334 1195 3401 valeret,
1207 3348 1278 3402 earn,
1301 3335 1329 3387 in
1342 3348 1428 3402 quan·

187 3444 251 3489 tum
274 3437 341 3488 mibi
361 3435 452 3488 diuina
476 3436 566 3503 largiri
588 3435 746 3503 dignaretur
766 3434 921 3500 clementia,
935 3435 1083 3487 emendare
1101 3447 1132 3488 ac
1154 3434 1272 3487 lucidius
1285 3435 1428 3501 propalare

187 3550 330 3590 curarem.
345 3536 462 3602 Ideoque
474 3536 643 3602 quicumque
655 3548 715 3588 earn
730 3548 814 3586 manu
826 3534 969 3601 legendam
980 3535 1108 3601 attigerit,
1123 3548 1179 3587 non
1192 3548 1236 3586 me
1253 3535 1429 3588 temerarium

188 3638 222 3690 in
236 3639 287 3691 boc
300 3637 433 3703 opusculo
446 3636 582 3702 autquasi
604 3648 695 3687 meum
717 3635 820 3701 aliquid
842 3636 869 3686 in
891 3647 923 3687 eo
936 3635 1129 3687 defendentem
1149 3634 1263 3702 judicet,
1276 3635 1324 3688 sed
1342 3637 1427 3704 magis

189 3738 336 3790 seniorum
349 3749 381 3789 ac
394 3742 550 3788 sanctorum
562 3736 683 3788 virorum
697 3742 838 3800 parentem
859 3736 991 3801 imperiis,
1004 3735 1087 3787 veluti
1105 3735 1152 3801 qui
1171 3748 1226 3788 non
1245 3736 1365 3802 propria,
1379 3735 1427 3788 sed

189 3836 318 3901 alterius,
340 3849 504 3903 quamquain
526 3835 622 3888 vitiose
643 3835 759 3900 prolata,
782 3835 950 3901 susceperim
969 3833 1153 3899 emendanda,
1164 3835 1312 3901 intellegat.
1335 3839 1428 3901 Neque

187 3936 268 3990 enirn
283 3935 312 3986 in
324 3948 357 3987 co
367 3935 454 3987 lector
472 3934 603 3986 miraculo
617 3933 778 3986 scandalum
790 3937 890 3998 sumat,
904 3933 977 3999 quod
989 3932 1023 3985 de
1036 3933 1123 3998 prima
1136 3932 1223 3984 sancti
1236 3932 1285 3985 viri
1298 3933 1427 3999 propriae

190 4035 316 4103 regionis
333 4035 489 4101 egressione
510 4034 704 4101 nur1avi,cum
721 4033 749 4084 in
766 4033 827 4086 aliis
844 4046 900 4086 non
918 4034 1049 4086 habeatur
1066 4032 1278 4098 exemplaribus,
1291 4037 1319 4085 et
1336 4033 1427 4099 potius

187 4135 259 4202 quia
271 4134 330 4186 dini
342 4147 385 4186 me
398 4146 454 4186 non
466 4146 497 4186 ea
512 4134 613 4185 referre
626 4146 697 4199 quae
709 4137 755 4185 aut
767 4133 796 4184 in
808 4132 868 4185 aliis
881 4145 937 4185 non
951 4132 1118 4186 haberentur
1127 4132 1314 4185 voluminibus
1327 4131 1427 4198 scripta

187 4238 328 4286 autcerle
348 4232 441 4286 aviris
461 4232 652 4294 veracissimis,
665 4231 712 4297 qui
734 4245 766 4284 oa
784 4232 936 4283 certissime
957 4231 1091 4298 noverint,
1106 4243 1162 4285 non
1180 4230 1363 4296 probarentur
1380 4243 1426 4283 ex·

187 4338 280 4397 perta.
295 4331 365 4384 illud
387 4332 461 4383 enim
481 4344 513 4382 ex
534 4332 768 4396 consequentibus
790 4331 870 4392 nujus
889 4332 975 4383 sancti
997 4331 1047 4382 uiri
1069 4331 1139 4383 vitae
1161 4330 1250 4382 vorbis
1269 4330 1306 4381 ita
1326 4329 1427 4382 facturn

187 4434 351 4498 agnoscitur
363 4432 435 4483 sicut
447 4444 461 4481 a
475 4431 553 4483 nobis
565 4431 684 4496 positum
706 4429 854 4483 invenitur.
868 4430 944 4493 Quod
965 4431 986 4481 si
1005 4430 1103 4496 aliquis
1122 4431 1149 4482 in
1172 4443 1204 4481 ea
1216 4434 1263 4481 aut
1280 4430 1426 4495 reprehen-

187 4532 315 4585 dendum
328 4531 432 4598 aliquid
446 4538 493 4583 aut
506 4546 548 4583 inc
561 4533 638 4597 quasi
651 4532 717 4582 artis
730 4531 854 4598 ignarum
867 4530 1016 4595 dijudicare
1029 4531 1134 4591 nitilur,
1148 4544 1181 4583 oo
1197 4530 1270 4596 quod
1283 4531 1311 4581 in
1325 4543 1357 4582 ea
1370 4544 1426 4583 non

187 4641 243 4694 per
253 4635 345 4688 omnia
358 4633 427 4687 ordo
439 4638 611 4687 constructae
626 4632 769 4685 locutionis
783 4637 916 4698 servetur,
931 4633 992 4685 ideo
1006 4631 1072 4684 illud
1096 4633 1133 4684 ila
1145 4633 1249 4698 absque
1262 4631 1331 4685 facta
1344 4632 1425 4685 urba·
