3316 5482
216 324 280 390 110
562 340 690 392 caran.
709 340 810 391 coub.
829 340 1002 391 bromos.
1023 340 1098 390 nar.

208 524 282 565 rum
294 513 392 565 totum
403 513 558 565 mundum
574 512 613 567 ab
626 512 854 568 hoereticorum
863 515 952 580 peste
965 512 1073 580 potuit
1090 510 1257 578 mundare,
1278 508 1411 578 poterit

210 623 277 676 nor,
290 611 417 665 dicebant
429 612 477 681 illi,
491 613 606 666 eisdem
618 613 739 666 meritis
759 614 827 666 soie
838 607 998 667 onnuebtc
1015 611 1146 665 Domino
1168 610 1206 665 ab
1226 609 1276 665 bis
1287 605 1420 665 inceod

214 708 358 763 liberare.
380 712 437 775 Quo
457 711 567 764 caelesti
580 710 733 780 in[s]tinctu
747 714 848 778 pariter
869 712 1009 777 commoti,
1030 724 1093 763 cum
1105 711 1192 764 cereis
1220 715 1247 764 et
1258 706 1424 763 luminarii]

211 822 260 863 scu
272 809 332 862 aliis
343 810 527 864 oblationibus
539 812 605 877 suis,
617 819 760 878 parentum
769 813 811 866 vel
822 812 972 865 amicorum
985 824 1050 865 cura
1062 811 1097 864 ad
1109 811 1181 864 beati
1193 811 1289 863 liilaril
1301 809 1424 863 basilica

211 913 276 961 sunt
293 908 378 964 allati.
394 912 451 974 Quo
464 910 567 964 tamdiu
580 911 728 980 invigiliis,
744 913 773 964 in
791 912 913 979 iejuniis,
935 912 964 964 in
976 910 1147 964 orationibus
1168 915 1333 963 manserunt
1356 908 1424 962 don

210 1008 296 1074 ipsius
316 1009 403 1062 sancti
425 1011 530 1062 meritis
554 1010 669 1063 salutem
690 1023 772 1077 quam
794 1009 964 1078 poscebatnp
984 1008 1074 1075 adepti
1098 1015 1126 1062 et
1145 1009 1179 1062 ab
1200 1007 1300 1062 ardore
1312 1007 1362 1061 illo
1379 1013 1424 1061 su

210 1106 333 1160 extincti.
346 1109 416 1161 Sane
425 1109 503 1174 juxta
515 1107 630 1161 candem
644 1108 784 1161 basilicam
797 1110 884 1162 sancti
905 1109 999 1162 liilarii
1022 1108 1148 1175 religiosa
1172 1105 1308 1174 quaedam
1331 1106 1424 1160 mulie

209 1207 289 1258 annis
303 1210 417 1274 matura,
431 1208 478 1261 sed
490 1207 637 1262 devotione
650 1208 768 1274 fervens,
783 1208 920 1270 manebat,
933 1220 1004 1274 quae
1017 1220 1074 1260 non
1087 1205 1184 1259 diebus
1210 1218 1267 1259 non
1280 1205 1414 1258 noctibus

208 1305 352 1372 colloquiis
363 1305 463 1360 divinis
476 1307 504 1359 ln
517 1307 613 1360 eadem
625 1307 740 1360 ecclesia
753 1313 779 1360 et
791 1308 914 1360 oratione
928 1307 1063 1360 cessabat.
1077 1307 1145 1359 liuic
1158 1305 1253 1358 divino
1267 1310 1338 1359 nutu
1359 1313 1424 1358 met

209 1405 304 1458 incidit
315 1410 346 1458 ut
356 1407 391 1459 ob
403 1419 525 1459 amorem
538 1407 585 1460 bei
597 1412 624 1458 et
637 1408 817 1459 reverentiam
842 1407 913 1460 beati
937 1407 1039 1473 Hilarii,
1053 1408 1082 1459 in
1103 1406 1181 1472 quus
1202 1403 1263 1457 aula
1277 1417 1327 1471 spe
1346 1403 1424 1457 salut

208 1503 247 1555 illi
268 1503 397 1557 ardentes
416 1504 648 1572 decu[m]bebant,
672 1505 811 1571 piissimae
832 1506 928 1558 matris
938 1519 1015 1558 more
1026 1518 1136 1558 omnem
1156 1517 1249 1557 curam
1269 1504 1398 1568 ipsorum
1418 1518 1424 1553 r

209 1600 421 1656 sollicitudinem
433 1607 539 1671 gereret
551 1607 587 1666 et,
600 1602 673 1669 quod
686 1603 737 1670 ipsi
764 1609 892 1668 parentes
913 1616 995 1670 agere
1007 1602 1165 1668 horrebant,
1179 1601 1299 1667 propriis
1312 1600 1424 1655 manibv

207 1703 264 1755 suis
273 1702 365 1756 ulcera
376 1716 473 1756 eorum
485 1715 556 1769 aqua
570 1701 661 1768 tepida
674 1702 773 1756 cotidie
786 1703 918 1766 ablueret,
932 1702 1027 1755 leviter
1047 1707 1184 1767 tractaret,
1199 1699 1291 1753 herbis
1313 1705 1342 1753 ct
1354 1712 1424 1753 suav

207 1802 258 1855 bus
271 1803 358 1854 succis
377 1814 426 1854 seu
445 1802 506 1853 aliis
526 1801 653 1854 fomentis
673 1800 775 1853 blande
797 1802 971 1854 fomentaret.
994 1803 1049 1854 lloc
1068 1799 1103 1853 de
1123 1801 1167 1854 die
1190 1800 1219 1852 in
1244 1798 1319 1852 diem
1336 1805 1424 1852 cunct

210 1901 310 1969 quibus
323 1904 430 1967 poterat
450 1900 631 1965 urinistrabat,
654 1906 680 1954 et
702 1901 803 1968 quibus
825 1899 909 1954 bodie
931 1912 996 1967 prae
1020 1899 1196 1953 mullitudine
1216 1901 1342 1966 ipsorum
1366 1912 1424 1967 agel

212 1999 387 2071 nequiverat,
401 2000 430 2053 in
443 2000 561 2053 crastino
575 2003 621 2052 aut
634 2000 662 2051 in
675 1999 729 2052 alio
743 2000 788 2052 die
801 1999 954 2066 supplebat,
969 2012 1019 2052 nec
1031 2001 1066 2053 ab
1078 2001 1129 2053 boc
1150 1999 1257 2066 pietatis
1276 2010 1365 2065 opere
1378 1999 1424 2066 qui

210 2101 312 2162 scebat,
322 2098 410 2153 donec
420 2103 481 2151 cute
492 2104 519 2153 et
534 2098 620 2152 salute
633 2105 803 2164 recuperata,
814 2100 861 2166 qui
875 2099 1005 2167 lugubres
1017 2104 1153 2152 venerant
1165 2098 1269 2151 alacres
1282 2110 1424 2151 remearer

210 2203 281 2253 liaeo
294 2200 468 2265 impletisque
482 2199 610 2252 noctibus
621 2211 685 2251 cum
708 2199 865 2265 hujusmodi
888 2204 982 2252 sancto
996 2199 1090 2253 labore
1112 2213 1143 2252 ao
1162 2198 1220 2267 J'ugi
1237 2199 1365 2252 oratione
1378 2199 1424 2252 tes

210 2297 391 2364 obdormiret,
404 2297 471 2350 vidit
484 2297 594 2350 beatum
608 2296 739 2350 llilarium
752 2296 902 2363 pontificali
927 2302 1000 2351 veste
1013 2297 1149 2363 indutum,
1170 2298 1251 2350 mitra
1271 2301 1356 2364 caput
1369 2308 1424 2351 orn

210 2400 279 2463 turn,
293 2410 341 2463 per
354 2396 474 2450 medium
486 2395 618 2449 ecclesiae
631 2395 759 2461 pastorali
774 2395 881 2463 virgula
894 2409 923 2448 se
935 2401 1135 2449 sustentantem
1156 2394 1317 2463 procedere,
1330 2396 1424 2463 agmin

212 2496 420 2549 candidatorum
432 2509 462 2551 se
474 2502 616 2562 sequente,
630 2503 658 2549 et
670 2498 783 2550 cumeis
801 2496 974 2551 decantando
990 2511 1102 2551 versum
1124 2497 1278 2564 psalmistae
1293 2496 1424 2564 Aspero«

212 2608 270 2662 me,
282 2595 419 2661 Domine,
433 2594 557 2662 hysopo,
572 2601 598 2647 et
610 2604 710 2661 cetera,
724 2609 823 2662 aquam
836 2595 1007 2649 benedictam
1022 2610 1106 2663 super
1116 2597 1190 2662 ipsos
1201 2594 1333 2649 ardentes
1351 2607 1422 2662 aspe

214 2709 287 2764 gere.
301 2697 358 2760 Quo
371 2700 560 2762 evanescente,
574 2696 622 2749 illa
643 2708 705 2748 mox
720 2695 873 2764 evigilabat,
885 2701 912 2748 et
932 2697 1130 2762 pertransiens,
1142 2696 1286 2749 universos
1305 2694 1424 2748 ardente

212 2808 282 2862 quos
293 2796 322 2848 in
335 2795 438 2850 visione
451 2808 522 2862 aqua
533 2794 679 2848 benedicta
692 2808 802 2861 sparsos
814 2795 929 2861 viderat,
942 2794 1061 2848 extincto
1082 2796 1145 2863 igne
1163 2795 1301 2847 fumantes
1324 2794 1424 2847 inveni

213 2896 268 2948 bat.
284 2896 303 2947 0
316 2896 394 2949 beate
408 2896 501 2956 llilari,
514 2896 562 2960 qul
574 2908 636 2946 cum
649 2907 729 2960 opem
742 2894 935 2962 languentibus
946 2896 1039 2960 ferret,
1052 2907 1149 2961 parum
1161 2895 1185 2946 ei
1200 2894 1251 2946 boc
1272 2895 1332 2946 erat
1346 2892 1424 2946 nisis

215 2995 411 3048 removendum
424 3008 534 3048 omnem
547 2992 700 3046 infidelium
709 2967 892 3061 ambiguitatis
905 2994 1066 3059 scrupulum
1079 2992 1213 3060 religiosis
1224 2993 1353 3058 personis
1363 2993 1424 3045 etia

216 3107 245 3146 se
257 3107 306 3159 per
318 3094 450 3146 visionem
463 3094 514 3145 boc
527 3093 613 3158 egisse
628 3090 769 3144 revelaret.
782 3091 935 3145 Notandum
948 3098 1039 3145 autem
1051 3093 1146 3145 deboc
1156 3091 1215 3157 ipso
1226 3091 1359 3144 miraculo
1372 3103 1424 3156 quo

217 3193 303 3259 prima
315 3191 427 3259 quidem
439 3189 592 3243 ardentium
606 3191 713 3257 agmina
726 3191 772 3256 qui
785 3197 850 3243 tunc
862 3197 1004 3255 venerunt,
1014 3204 1064 3243 nec
1076 3191 1128 3243 nisi
1141 3190 1212 3242 infra
1221 3189 1366 3242 ecclesiam
1375 3190 1424 3242 bea

217 3291 310 3343 llilarii
322 3293 399 3358 prius
410 3291 530 3358 extingui
545 3297 713 3343 meruerunt.
727 3291 776 3354 Qui
789 3303 852 3343 vero
874 3291 995 3343 secundo
1015 3291 1123 3357 agmine
1143 3295 1207 3342 sunl
1224 3288 1320 3352 secuti,
1335 3289 1364 3340 in
1387 3289 1424 3354 ipe

217 3404 280 3444 mox
293 3392 380 3456 primo
391 3391 562 3443 venientium
574 3390 698 3456 ejusdem
720 3392 851 3443 ecclesiae
871 3392 931 3443 visu
954 3396 1018 3443 sunt
1038 3396 1099 3456 post
1119 3391 1240 3442 extincti.
1263 3391 1329 3441 liam
1344 3389 1424 3454 quie

217 3491 244 3543 in
258 3497 381 3557 tempore
393 3492 502 3544 tertium
513 3496 539 3543 et
548 3491 678 3555 deinceps
690 3503 788 3557 agmen
798 3490 1090 3556 tenuerunt,domibus
1103 3491 1159 3542 suis
1171 3490 1272 3557 egressi
1285 3488 1320 3540 ad
1335 3489 1425 3541 beatur

216 3590 359 3653 llilarlum,
372 3592 496 3656 protinus
508 3591 537 3642 in
558 3591 616 3657 ipso
637 3565 872 3643 itinere'salutem
886 3595 1077 3655 perceperunt.
1100 3591 1154 3641 Nee
1175 3590 1226 3642 boc
1249 3589 1312 3641 sine
1333 3589 1389 3640 lieo
1408 3600 1424 3639 s

215 3691 371 3744 ordinatum
384 3703 445 3743 esse
457 3690 624 3743 credendum
638 3695 678 3742 est
692 3705 698 3741 :
713 3690 759 3755 qui
772 3702 834 3743 cum
848 3691 950 3755 primos
962 3690 990 3740 in
1003 3690 1068 3754 ipsis
1081 3689 1184 3741 laribus
1205 3688 1262 3741 suis
1274 3700 1372 3740 sanare
1384 3699 1424 3753 po:

215 3795 266 3855 set,
276 3789 365 3843 donec
376 3789 405 3842 in
414 3788 530 3842 ecelesia
539 3790 610 3842 beati
624 3789 716 3841 llilarii
729 3789 843 3853 distulit,
856 3795 886 3841 ut
895 3802 943 3854 per
955 3802 1018 3843 eum
1030 3790 1080 3841 boc
1092 3787 1350 3853 luissedeclararet;
1362 3799 1424 3852 porr

213 3889 247 3941 de
259 3887 389 3942 secundis
401 3894 429 3941 et
441 3889 527 3940 tertiis
540 3888 582 3940 vel
600 3887 799 3954 reliquisillius
813 3888 947 3953 temporis
969 3887 1131 3940 ardentibus
1153 3893 1180 3939 el
1201 3893 1279 3938 extra
1300 3886 1424 3939 ecoleslar

210 3988 284 4039 illam
296 3993 387 4040 actum
399 3993 449 4054 est,
462 3993 557 4040 utnon
570 3988 675 4040 inclusa
688 3988 747 4040 loco
760 3987 847 4040 sancti
859 3988 954 4039 merita
966 3987 1133 4049 viderentur,
1152 3993 1284 4039 ettamen
1307 3986 1335 4037 ln
1364 3997 1424 4051 pere

212 4088 366 4154 grinatlone
378 4085 414 4139 ad
425 4087 515 4152 ipsum
527 4087 628 4138 lactum
642 4093 691 4146 est,
706 4091 735 4139 ut
751 4098 799 4151 per
811 4087 903 4150 ipsum
917 4085 1011 4138 salvati
1025 4083 1204 4137 crederentur
1216 4097 1232 4136 a
1246 4084 1361 4137 llomino
1380 4084 1424 4136 les

215 4188 329 4251 Cbristo,
343 4187 390 4252 qui
403 4187 468 4238 vivit
479 4190 507 4239 et
519 4191 613 4253 regnat
626 4187 654 4237 in
667 4185 777 4238 saecula
789 4184 972 4238 saeculorum.
