3316 5482
216 354 283 421 546
554 366 681 419 ouran.
701 367 804 418 cono.
823 366 997 418 anemos.
1016 366 1097 418 nav.

550 610 757 725 Appendix
788 610 838 699 ed
867 610 948 701 cod.
979 608 1103 700 5925.

259 877 388 951 Incipit
402 878 572 950 prologus
596 877 634 938 ln
647 874 761 950 gestis
784 889 878 948 quoe
893 877 1053 936 Karolus
1066 879 1231 949 Manus
1245 875 1370 951 gessit
1381 877 1418 937 ln

739 974 928 1046 mepanle.

250 1195 304 1248 lllsi
317 1208 411 1263 regum
424 1194 634 1247 christianorum
647 1191 773 1246 nonnulli
791 1192 892 1246 virtute
904 1204 986 1258 quam
1004 1191 1173 1257 temporibus
1185 1192 1248 1245 suis
1268 1194 1450 1249 exhibuerunt

217 1308 291 1348 nunc
310 1294 440 1360 temporis
452 1293 564 1346 virtuosi
585 1292 743 1357 recitentur,
757 1292 847 1360 magni
864 1297 956 1345 tamen
977 1290 1066 1344 llaroli
1087 1291 1174 1344 virtus
1194 1292 1301 1346 ceteris
1314 1301 1448 1360 praestan·

216 1394 278 1460 tior,
292 1407 344 1446 nec
356 1393 439 1445 laceri
453 1392 539 1459 potuit
551 1403 611 1456 nee,
624 1391 647 1442 si
657 1394 757 1457 posset,
769 1390 871 1444 debuit.
883 1392 969 1443 Tanta
981 1390 1083 1443 etenim
1096 1390 1156 1456 ejus
1164 1391 1271 1445 exstitit
1280 1392 1408 1448 valitudo
1421 1399 1448 1447 ul
1460 1394 1474 1446 l

215 1493 344 1558 dividui,
357 1492 416 1559 ipso
436 1491 599 1559 imperante,
621 1488 853 1558 obsecundarent,
874 1495 901 1544 et
927 1491 1024 1543 remoli
1046 1490 1136 1544 solum
1153 1489 1284 1556 ejusdem
1298 1498 1447 1547 memorato

216 1591 328 1647 nomine
339 1590 477 1658 perterriti
501 1593 640 1657 paverent.
666 1591 725 1655 lpse
745 1602 864 1656 namque
885 1588 935 1641 luit
953 1602 1000 1642 rex
1019 1588 1066 1642 ille
1086 1588 1341 1645 christianissimus
1369 1592 1448 1647 ellici

215 1691 330 1745 dilectus
342 1690 400 1757 qui,
411 1689 575 1743 revelatione
584 1689 676 1742 divina
685 1694 810 1757 urgente,
820 1693 912 1757 parles
924 1687 1162 1756 ierosolymitanae
1171 1689 1348 1758 ingrediens,
1362 1692 1447 1746 calbo

214 1792 284 1844 licae
296 1787 360 1842 ildei
372 1801 547 1855 perversores
557 1801 701 1857 aggressus
709 1789 837 1842 coniecit.
851 1790 888 1841 lla
906 1789 987 1841 etiam
1002 1801 1072 1855 quae
1084 1788 1178 1857 gentili
1191 1789 1345 1858 iniquitate
1354 1790 1445 1845 annul·

216 1890 271 1942 lata
282 1889 396 1955 invenit,
409 1900 458 1941 sua
469 1889 606 1954 aequitate
618 1888 665 1941 lici
685 1887 821 1954 adjutorio
842 1900 1053 1955 recompensare
1073 1888 1217 1942 laboravit.
1241 1888 1320 1943 ldem
1335 1890 1444 1944 llarolus
1457 1889 1482 1940 ll

218 1988 356 2055 proposito
369 1987 499 2054 exsequio
522 2000 537 2039 a
558 1986 721 2041 ierosolimis
740 2000 787 2054 per
808 1987 1071 2055 constantinopolim
1084 1987 1204 2054 rediens,
1225 1988 1261 2042 ab
1280 1987 1447 2056 imperatore

217 2085 342 2152 ejusdem
354 2086 470 2139 civitatis
483 2085 551 2138 mira
563 2089 590 2138 et
601 2086 746 2152 sophistica
757 2086 888 2153 petitione
898 2087 1057 2140 thesaurum
1067 2085 1205 2154 quoddam
1219 2087 1446 2155 pretiosissimum

216 2183 666 2263 etsanetuarlum·sanctissimum
690 2185 853 2250 impetravit.
879 2186 936 2250 Quo
962 2184 1117 2239 sanctuario
1140 2198 1156 2238 a
1181 2185 1303 2252 quodam
1322 2186 1444 2254 ejusdem

217 2282 306 2337 llaroli
319 2295 475 2336 successore
486 2281 602 2336 diversis
614 2283 643 2334 in
653 2280 721 2335 locis
730 2281 887 2346 distributo,
899 2282 1032 2349 quaedam
1041 2283 1189 2336 Galliamm
1201 2284 1340 2338 ecclesiae
1352 2286 1443 2339 eodem

216 2381 316 2435 dilatae
329 2382 419 2448 magni
432 2382 551 2434 nominis
570 2382 598 2433 in
620 2387 781 2448 perpetuum
794 2382 911 2436 existent
929 2386 957 2435 et
974 2382 1112 2448 lamosae3
1126 2383 1199 2436 inter
1210 2397 1282 2450 quas
1294 2384 1442 2438 beatissimi
1457 2384 1483 2434 ll

216 2480 341 2546 martyris
353 2480 473 2546 bionysii
485 2480 584 2546 regalis
601 2480 727 2545 ecclesia,
741 2481 879 2534 clavorum
895 2481 994 2535 christi
1008 2480 1161 2535 diademate
1172 2487 1317 2550 coronata,
1331 2482 1443 2550 praelati

214 2579 336 2632 thesauri
347 2578 422 2632 dives
432 2576 528 2632 edecta
541 2583 592 2632 est.
603 2578 706 2632 beinde
717 2593 779 2633 cum
791 2580 877 2633 multa
886 2583 913 2633 et
921 2579 1036 2633 mirifica
1045 2584 1212 2634 memoratus
1224 2582 1345 2635 liamlus
1356 2582 1443 2635 divim

215 2676 353 2731 mediante
364 2678 449 2746 gratia
459 2684 649 2745 perpetrasset,
660 2679 769 2732 militari
778 2679 908 2733 exercitio
918 2680 1045 2748 fatigatus
1055 2681 1180 2747 requiem
1191 2681 1322 2750 speravit,
1333 2682 1384 2736 sed
1393 2685 1442 2735 lico

215 2777 452 2844 nolentepausare
473 2790 529 2832 non
551 2779 634 2832 licuit.
656 2780 752 2832 liabita
769 2792 888 2846 namque
908 2778 944 2832 de
962 2779 1081 2833 hostium
1094 2779 1270 2834 mullitudine
1290 2780 1442 2836 victoriaci

215 2876 306 2943 regnis
323 2876 474 2930 eorundem
493 2876 591 2929 Christi
612 2877 792 2931 familiaribus
810 2877 981 2944 mancipatis,
1002 2878 1081 2931 sicuti
1096 2877 1234 2944 praesenti
1256 2882 1358 2946 pagina
1371 2878 1480 2934 mooli

213 2979 324 3041 stratur,
337 2974 410 3042 apud
423 2975 558 3041 llispanos
577 2989 606 3028 se
618 2975 766 3037 transtulit,
780 2980 807 3029 et
826 2976 864 3028 ibi
877 2975 1020 3043 magnifice
1032 2973 1125 3044 agens,
1139 2979 1243 3029 tanum
1258 2976 1371 3032 laudem
1385 2991 1441 3044 pro·

212 3074 311 3126 meruit
321 3073 395 3140 quod
409 3079 500 3140 gestus
513 3073 603 3126 llaroli
627 3072 716 3140 Magni
729 3078 756 3127 et
767 3074 912 3140 llispaniae
931 3075 1031 3127 relatus
1043 3087 1124 3127 aures
1142 3073 1316 3128 audientium
1340 3075 1440 3130 demul·

212 3176 272 3224 ceat
281 3175 308 3224 et
319 3171 410 3225 decies
417 3171 548 3237 repetitus
557 3171 625 3224 nulli
635 3171 773 3224 fastidium
786 3179 910 3240 generat,
921 3185 983 3225 curn
996 3178 1026 3225 et
1036 3175 1125 3225 cetera
1133 3176 1207 3240 gesta
1217 3173 1309 3226 ltaroli
1319 3174 1440 3228 miranda

211 3270 327 3324 lectores
339 3270 373 3323 ad
387 3269 533 3336 legendum
546 3270 678 3323 invitent:
697 3271 749 3323 isla
767 3272 840 3324 enim
853 3272 921 3324 mira
934 3279 961 3324 et
972 3272 1108 3324 mirabilia
1122 3284 1186 3324 suae
1199 3273 1343 3326 relationis
1355 3274 1440 3327 dulce

209 3368 314 3421 dinein
327 3369 445 3421 lectione
458 3369 587 3422 continua
606 3369 733 3422 invitatos
754 3370 896 3436 detinent,
918 3368 1048 3436 undeque
1069 3369 1131 3435 plus
1153 3370 1181 3420 in
1203 3369 1264 3422 istis
1287 3370 1478 3425 continetur&

210 3473 303 3534 gratae
317 3468 470 3533 voluptatis,
484 3481 515 3520 ea
528 3469 687 3521 memoriter
700 3470 787 3522 tenuit
797 3468 982 3522 curadevotae
992 3469 1166 3535 posteritatis.
1178 3469 1211 3519 Et
1220 3482 1255 3521 ne
1264 3472 1328 3536 quis
1339 3483 1436 3524 ammo·

210 3567 269 3619 nitu
283 3566 464 3631 suspectionis
485 3580 568 3632 super
584 3567 635 3619 hoc
653 3567 753 3621 dubius
771 3567 914 3632 habeatur,
928 3568 1085 3620 testimonio
1106 3567 1279 3621 auctenticae
1300 3570 1438 3622 vetustatis

210 3663 312 3718 suffulti
325 3664 474 3731 quemlibel
489 3664 609 3719 fidelium
621 3664 733 3719 credero
747 3679 890 3719 monemus
903 3668 969 3719 haec
981 3667 1072 3719 omnia
1082 3665 1221 3719 deservire
1231 3667 1348 3722 veritati.
1358 3669 1436 3730 Quae·

208 3776 327 3830 cumque
339 3764 412 3816 enim
427 3765 541 3832 paginae
553 3778 635 3831 quam
648 3778 715 3830 prae
727 3767 855 3818 manibus
865 3766 997 3819 habemus
1010 3767 1187 3819 continentur
1198 3767 1315 3833 gremio,
1327 3768 1361 3821 ab
1374 3767 1435 3820 anti·

208 3861 347 3927 quissimis
371 3863 506 3915 historicis
527 3863 604 3915 libris
629 3863 761 3916 eeclesiae
792 3865 864 3917 beati
892 3864 984 3917 iacobi
1014 3864 1049 3917 dc
1072 3863 1189 3916 Gallecia
1212 3865 1306 3918 habita
1328 3872 1389 3919 sunt
1403 3863 1466 3917 etit

208 3964 336 4013 extracta.
351 3960 468 4015 Proinde
491 3963 554 4015 huic
567 3963 698 4028 opusculo
712 3976 768 4016 uon
782 3969 822 4015 est
832 3962 899 4016 sides
911 3962 1081 4031 deneganda,
1093 3976 1155 4015 cum
1173 3968 1310 4017 eteorum
1321 3965 1431 4019 calamus

211 4060 291 4124 hujus
306 4061 433 4114 historiae
447 4062 583 4127 interpres
596 4063 699 4114 exstitit
710 4076 826 4129 quorum
845 4063 968 4128 partibus
986 4064 1099 4115 istamm
1112 4076 1206 4115 rerum
1227 4065 1340 4133 contigit
1357 4077 1427 4118 even·

209 4160 261 4210 tus.
275 4159 377 4223 Quibus
389 4160 546 4213 auctoribus
559 4161 689 4214 certiores
702 4161 800 4229 eflecti,
814 4162 956 4214 historiam
969 4162 1126 4228 diligentius
1140 4172 1339 4229 exsequamur.

677 4373 969 4386 -ῳ

675 4399 960 4415 m
