3316 5482
273 332 367 383 amu.
387 335 673 386 nar.1³ams.—
688 336 842 387 trenno.
862 337 910 386 xo
926 336 1005 388 coo.
1028 335 1104 388 5353.
1236 322 1299 388 321

65 502 155 556 currit
165 515 240 558 unus
252 516 286 557 ex
303 504 413 571 triginta
431 504 530 570 tribus,
550 506 663 559 nomine
683 507 843 560 camarinus
855 508 899 573 (i),
919 509 951 560 ad
971 508 1141 560 Antoninum
1160 507 1305 573 imperato-

65 614 136 669 rem,
154 601 253 656 dicens
275 617 282 655 :
304 605 375 668 Aac,
397 602 579 674 imperator,
600 605 634 657 in
656 608 819 660 aeternnm
840 607 918 660 aive.
939 606 1057 660 Audivi
1075 606 1152 673 qaia
1166 619 1304 659 anascn

64 700 223 756 ministris
244 703 309 756 tais
324 704 498 770 pers-tradet
517 704 605 759 nodis
627 705 759 774 tripinie
783 705 884 760 trimas
905 709 935 760 et
947 705 1035 774 pleat
1046 707 1117 761 deos
1131 709 1199 760 taos
1211 705 1303 759 dissi·

58 813 159 870 pare,
177 804 207 855 ei
229 814 335 857 omrtes
358 802 550 872 cracifiream
573 804 608 856 in
631 805 763 858 ecclesia
787 805 872 860 docet
895 806 1041 860 adorare.
1066 805 1187 859 Audiens
1210 811 1302 859 antem

24 903 46 952 5
62 900 225 954 Valerianus
237 906 398 968 persecutor
410 903 633 969 christianorum,
652 905 695 955 cui
715 908 773 957 erat
790 903 852 959 data
874 909 1002 971 potestas,
1017 906 1164 973 instigante
1176 904 1297 970 diabolo,

64 1001 221 1055 christianis
232 1003 392 1070 martyrium
407 1003 576 1070 imponendi,
587 1005 641 1056 ait:
658 1004 732 1069 onis
741 1018 781 1057 coc
791 1005 873 1059 vobis
882 1006 949 1059 est?
962 1006 1122 1059 camerinus
1135 1005 1277 1071 respondit
1290 1021 1297 1057 :

63 1101 151 1156 Puer
161 1102 342 1157 Flascellas.
358 1105 471 1156 Praeses
483 1103 642 1157 valerianus
651 1104 736 1157 dixit:
750 1105 968 1159 Incredibilem
977 1119 1043 1158 rent
1053 1105 1300 1159 dedilectissimo

62 1202 169 1256 aaran
182 1200 272 1256 dicis.
295 1201 457 1254 camerinus
479 1200 570 1254 dixit:
591 1202 777 1257 Rectissime
792 1202 963 1271 praefecte,
982 1204 1070 1257 mitte
1089 1203 1251 1258 ministros
1264 1204 1299 1257 in

62 1300 186 1355 atrium
198 1298 447 1356 christianorum
458 1303 489 1355 ei
500 1300 639 1355 invenies
656 1302 830 1370 veritatem,
849 1303 925 1369 qnia
942 1301 1136 1356 veliementer
1152 1302 1187 1356 in
1209 1302 1301 1358 eccle·

10 1402 47 1453 to
63 1400 150 1456 marn
161 1401 248 1456 docel
257 1401 401 1456 introire.

97 1501 129 1555 4
143 1503 201 1566 Quo
218 1499 322 1568 audito,
343 1501 482 1582 praecepit
503 1514 614 1568 praeses
635 1502 745 1555 beatum
767 1501 965 1568 comprehendi
983 1502 1146 1555 Flosceiium
1162 1520 1170 1569 3
1194 1505 1300 1555 etcum

61 1605 280 1671 comprehensus
300 1604 396 1658 fuisset
417 1608 444 1658 et
464 1604 499 1658 ad
516 1605 607 1658 iorum
625 1603 733 1669 ductus,
754 1604 836 1657 exivit
859 1617 972 1670 praeses
992 1604 1065 1656 toras
1081 1608 1108 1656 et
1126 1603 1302 1670 interrogavit

61 1717 128 1759 eum
141 1721 148 1757 :
161 1703 217 1758 Dic
229 1702 318 1773 milti,
332 1702 527 1757 detestabilis
535 1716 619 1771 puer
631 1704 791 1770 Fascelte,
810 1702 866 1770 pai
876 1702 963 1757 realis
983 1705 1049 1757 tarn
1061 1702 1195 1757 dilectas
1206 1701 1301 1769 fuisti

61 1802 169 1869 etjam
181 1814 236 1857 cor
247 1803 405 1856 mmatarn
419 1799 510 1856 nabes
522 1773 559 1853 in
569 1801 760 1869 cracifiaant
784 1800 950 1869 carisium,
970 1801 1046 1868 pald
1064 1801 1232 1855 adversam
1242 1813 1299 1854 nos

10 1904 43 1956 itt
58 1901 191 1969 capitas,
203 1903 281 1969 qnia
304 1903 471 1957 aniversae
494 1902 642 1957 ecclesiae
656 1902 851 1970 persuasisti
871 1904 901 1954 et
921 1901 1060 1955 visibiles
1082 1902 1153 1956 deos
1175 1903 1299 1954 nostros

63 2001 224 2068 dampere
235 2003 395 2056 contendis
406 2004 419 2056 t
432 2006 528 2056 Beatus
540 2002 690 2056 Floscellus
701 2003 768 2055 dixit
781 2018 787 2053 :
798 2001 1010 2067 lrpasiissime
1021 2002 1181 2055 maloram
1188 2012 1299 2068 perpe·

62 2102 169 2155 irater
178 2103 210 2154 et
222 2100 413 2155 inveteratae
424 2100 606 2168 iniqnitatis
618 2101 736 2165 doctor,
759 2100 838 2153 andi
851 2101 932 2168 qnod
945 2104 954 2121 ·
969 2100 1027 2153 tibi
1041 2102 1203 2154 mcataras
1214 2113 1294 2153 sam.

63 2200 98 2253 Si
107 2200 156 2253 ais
168 2200 301 2254 introire
314 2201 349 2253 in
360 2200 485 2255 domam
498 2201 563 2266 Dei,
577 2200 647 2252 vide
656 2213 696 2252 ne
706 2200 780 2253 Jesn
797 2199 913 2253 Christi
921 2213 982 2267 per
995 2202 1024 2253 te
1030 2201 1197 2266 potiuntur
1208 2200 1298 2254 eccle·

62 2300 126 2354 εἰα.
138 2303 252 2354 Praesss
262 2301 346 2354 dixit:
361 2299 480 2354 Paniri
490 2312 563 2367 erpo
576 2300 607 2353 si
620 2299 718 2366 times,
732 2313 773 2352 ne
784 2300 924 2353 introeas
937 2299 970 2352 in
987 2300 1151 2354 ecclesiam
1163 2299 1299 2354 adorare

10 2402 43 2454 to
60 2399 265 2468 crttciptnam,
287 2399 322 2452 in
342 2411 431 2466 quern
451 2399 553 2453 nostri
566 2398 682 2463 judaei
701 2412 815 2471 manas
838 2398 1020 2465 iniecerant,
1041 2401 1072 2452 ei
1086 2399 1116 2451 si
1127 2399 1175 2451 ais
1187 2401 1223 2451 at
1235 2411 1300 2452 non

61 2496 204 2565 afficiam
215 2500 245 2551 te
256 2498 419 2551 tormentis
432 2497 467 2549 in
479 2498 621 2564 exemplo
634 2495 835 2563 jadaeorum,
852 2509 915 2564 pro
932 2510 965 2551 eo
978 2497 1061 2563 qaod
1072 2495 1221 2565 nefandis
1232 2510 1300 2551 con·

61 2595 149 2650 siliis
163 2596 332 2651 waersam
350 2610 406 2652 nos
427 2596 583 2665 instipnre
604 2596 742 2650 tentasti.
765 2596 915 2649 Flosceilus
935 2596 1077 2662 respondit
1092 2613 1098 2648 :
1112 2596 1216 2649 Minas
1226 2599 1299 2650 taas

62 2697 333 2765 nortpertintesca
346 2699 559 2764 neqtceittpro
572 2698 625 2750 tao
647 2697 758 2750 datore
778 2696 940 2750 ecclesiam
962 2696 1018 2749 Dei
1037 2696 1299 2763 rneinpredipro·

61 2795 169 2850 ltt'dere
175 2798 283 2863 paim,-
295 2796 349 2850 sed
362 2797 459 2849 Deam
471 2795 563 2849 linteo
575 2809 614 2849 ac
633 2795 810 2862 Dominam,
832 2795 886 2862 qai
898 2807 951 2848 cor
964 2797 1053 2847 taam
1065 2792 1259 2862 confundere
1270 2796 1299 2847 et

10 2896 45 2949 rs
63 2893 122 2947 tibi
133 2893 293 2962 inspirare
311 2897 414 2962 potest
436 2896 473 2948 at
492 2893 530 2947 ab
551 2893 611 2948 lac
639 2894 777 2947 stultitia
797 2887 973 2961 resipiscas,
994 2895 1030 2945 at
1048 2905 1151 2947 servos
1171 2906 1244 2947 siras
1264 2893 1298 2944 in

62 2991 153 3047 domo
164 3005 225 3046 saa
237 2993 340 3059 ipstan
354 2993 449 3047 liceat
460 2992 608 3046 adorare.
621 2993 743 3045 Pidasos
763 2992 830 3044 dixit
854 3005 860 3042 :
883 2991 1031 3058 Mupnant
1049 2989 1190 3058 pitrorem
1203 2990 1283 3043 milti
1291 2994 1301 3010 ·
1318 2994 1367 3059 ·(i.
1381 2994 1429 3059 rn.)
1443 3007 1479 3046 m.

63 3092 164 3145 inesse
183 3091 375 3145 enistitnasti
386 3091 421 3144 in
437 3104 577 3159 persona
599 3090 787 3145 detestabili.
810 3091 899 3143 victor
921 3090 1068 3144 Floscellus
1081 3091 1169 3144 dixit:
1190 3091 1298 3143 Verum
1348 3061 1367 3113 f·
1380 3063 1406 3127 θ’
1419 3063 1443 3112 5.

62 3190 188 3257 dixisti,
201 3191 278 3259 qaia
298 3191 489 3245 detestabilis
504 3204 548 3256 es,
562 3191 617 3259 qai
634 3191 786 3258 relinquis
807 3190 967 3245 Christano
984 3193 1014 3244 ei
1025 3190 1188 3245 ecclesiam
1200 3192 1229 3243 et
1246 3189 1300 3242 im·

61 3290 164 3343 molas
179 3288 362 3344 dammiis.

10 3390 46 3442 50
100 3387 133 3441 5.
146 3390 222 3441 tunc
233 3401 345 3455 praeses
356 3389 442 3441 iratus
451 3389 534 3455 iussit
547 3390 656 3442 beatum
670 3389 831 3442 Floscellum
846 3390 874 3441 in
888 3389 1007 3455 equulco
1018 3389 1161 3455 suspendi.
1174 3388 1224 3452 Qui
1237 3400 1299 3440 cum

62 3500 204 3555 appensus
216 3487 227 3509 ⁶
238 3493 319 3555 esset,
332 3495 462 3556 exceptor
473 3487 555 3542 officii
568 3502 631 3542 eum
644 3501 700 3543 non
713 3489 802 3542 solum
820 3488 893 3541 illius
913 3489 1027 3542 civitatis
1040 3488 1088 3541 sed
1102 3491 1129 3540 et
1141 3487 1297 3555 provinciae
1314 3489 1486 3555 'appretien-

63 3586 148 3641 totius
160 3587 303 3641 dominum
315 3601 375 3642 esse
388 3589 561 3655 primumque
574 3587 733 3642 affirmabat.
745 3592 802 3652 Quo
815 3588 920 3654 audito,
926 3589 1007 3654 jussit
1020 3601 1084 3641 sum
1098 3588 1250 3653 praefectus
1263 3587 1297 3639 de
1355 3569 1401 3608 ⁵¹¹⁵
1413 3558 1438 3608 Ξ·

63 3686 184 3754 equuleo
197 3685 331 3753 submitti,
344 3693 372 3740 et
383 3687 451 3740 dixit
462 3688 487 3740 ei
504 3704 511 3739 ε
534 3687 590 3741 Dic
614 3687 702 3754 milti,
720 3687 878 3754 Floscelle,
898 3687 944 3741 ila
961 3689 1006 3740 est
1017 3689 1053 3739 at
1064 3688 1241 3755 sappestanr
1253 3688 1300 3739 est

63 3798 107 3841 etc
118 3784 218 3853 officio
227 3788 240 3840 t
248 3787 339 3840 victor
348 3786 497 3840 Flosceltus
506 3787 590 3841 dixit:
604 3787 690 3841 Meas
703 3786 838 3841 honoret
847 3786 1026 3853 irrpenaitas
1035 3789 1081 3839 esi
1092 3785 1127 3838 in
1139 3798 1228 3852 quern
1241 3796 1297 3837 rios

10 3887 46 3939 ³5
62 3883 230 3953 credimus,
245 3887 326 3940 Deras
338 3886 434 3939 Pater
455 3886 601 3941 videlicet
620 3889 716 3953 atptte
727 3885 878 3940 Donrinas
891 3886 980 3938 lesus
999 3884 1140 3938 Christus
1152 3897 1224 3937 crem
1235 3883 1299 3949 api·

62 3984 259 4053 riiasancto,
272 3985 400 4039 arcasin
424 3985 541 4039 deitate
557 3986 661 4038 trinae
680 3985 865 4051 rnaicstatis,
878 3997 939 4050 per
956 3997 1045 4052 paeni
1067 3984 1158 4036 liberi
1169 3985 1199 4036 et
1211 3981 1300 4037 nono

61 4083 131 4137 rati
141 4098 269 4150 samas‚·
280 4085 334 4139 sed
346 4087 450 4138 restra
456 4087 595 4153 potestas
615 4083 767 4151 iniquitas
787 4086 817 4137 et
829 4084 969 4150 perditio
985 4086 1031 4136 esi
1041 4082 1170 4136 saeculi.
1184 4085 1297 4134 Praeses

61 4183 152 4238 dixit:
166 4183 308 4238 Per-deos
328 4196 411 4238 meos
428 4184 603 4252 primarios
622 4187 653 4237 ei
667 4197 726 4251 per
747 4186 801 4238 tua
823 4183 1057 4248 tonrwntajnro
1076 4182 1151 4249 qaia
1164 4183 1182 4249 ²,
1195 4181 1225 4234 si
1235 4194 1298 4235 non
1343 4183 1411 4250 'qui
1424 4186 1448 4236 Ξ.
1510 4174 1513 4180 ’

60 4282 236 4337 credideris
248 4282 398 4351 Apollini,
407 4296 467 4350 per
478 4296 567 4351 paena
580 4285 703 4336 constat
712 4282 858 4348 miradas,
872 4281 1068 4337 ealonoralo
1087 4293 1184 4348 perires
1198 4283 1296 4333 tirreni.

10 4384 43 4435 to
61 4383 148 4447 Quem
160 4383 252 4436 statim
264 4380 361 4435 aflatus
373 4382 469 4435 heatus
483 4381 631 4436 Flosceilus
643 4380 733 4434 dixit:
753 4380 811 4434 Tai
827 4381 876 4433 dii
893 4380 969 4435 varri
992 4382 1076 4448 sani,
1090 4379 1184 4447 caeci,
1198 4378 1300 4441 sardi,

93 4580 130 4645 (i)
141 4581 198 4634 Gir.
212 4580 292 4645 inid,
307 4595 334 4646 p.
349 4581 391 4632 st.

96 4692 197 4735 CATAL.
215 4690 305 4733 roms·
325 4690 351 4731 t.
371 4688 400 4731 11.
