3316 5482
212 343 275 415 134
555 365 680 416 ouum.
700 364 802 415 cono.
822 363 996 415 usercae.
1014 364 1096 416 uua.

206 537 288 604 jussit
303 535 551 589 machariuslectos
575 537 674 602 parari,
698 541 729 588 ut
749 534 890 602 paululum
904 535 1121 611 requiescerent.
1135 538 1193 600 Quo
1205 535 1287 601 laeto,
1308 547 1324 588 a
1348 535 1438 602 primo

208 637 348 704 pullorum
361 641 443 689 cantu
456 636 661 703 expergefaetus
670 635 822 689 llaclrarius
831 647 907 688 more
917 648 966 688 suo
978 649 1104 703 surgens,
1116 635 1224 690 vocavit
1235 636 1306 689 duos
1317 635 1441 702 hospites

207 749 282 800 suos,
292 735 401 789 dicens:
410 734 543 802 Serpite,
552 734 680 802 fratres,
687 734 762 802 qaia
772 733 851 788 bora
859 736 914 802 esi,
921 736 966 802 at,
973 735 1055 788 sicat
1057 735 1203 802 promisi,
1211 735 1327 789 ducam
1336 749 1393 789 oos
1400 735 1444 789 ad

209 836 310 890 lacum
333 836 487 888 secretam
506 833 540 884 ia
551 845 612 900 qao
631 832 739 886 latitat
761 832 818 886 Dei
835 845 945 887 serum
963 836 993 886 et
1013 834 1158 888 sacerdos
1170 825 1277 888 noster'
1293 833 1444 888 dominus

206 934 406 988 Sabinianus.
419 932 458 986 lul
471 933 543 986 lianc
553 946 649 986 rocem
663 945 727 985 mox
740 937 894 1001 surgentes,
904 934 992 986 secuti
1005 940 1069 986 sunt
1082 946 1146 987 eum
1157 933 1290 1000 usquead
1303 932 1443 987 devexum
1459 935 1478 987 b

208 1033 309 1086 montis
321 1033 392 1086 latus
402 1046 484 1099 super
496 1032 583 1098 ripam
597 1031 718 1085 fluminis
735 1033 813 1097 cujus
833 1031 998 1085 vocabulum
1019 1036 1061 1085 est
1079 1034 1182 1085 llama.
1202 1032 1242 1085 lbi
1259 1033 1336 1085 enim
1359 1046 1444 1086 senex

208 1130 332 1185 latitabat
344 1130 457 1198 pervigil
470 1128 499 1182 in
512 1129 692 1195 orationibus,
706 1131 761 1183 beo
774 1129 896 1183 serviens
909 1129 937 1182 in
951 1129 1070 1197 quodam
1092 1135 1182 1196 antro,
1203 1132 1281 1197 eujus
1297 1131 1445 1185 introitum

209 1232 277 1299 lapis
289 1231 485 1296 claudensque
498 1230 561 1297 quis
574 1229 610 1282 ibi
622 1243 683 1283 esse
696 1235 847 1296 putaretur.
862 1230 929 1283 illuc
941 1243 1005 1297 erqo
1020 1243 1083 1283 cum
1103 1230 1252 1297 venissem,
1267 1229 1446 1285 diverterunt

208 1329 327 1397 lapidem
342 1331 597 1396 ;subrepentesque
608 1329 725 1396 genibus
738 1333 765 1381 et
776 1330 884 1392 cubilis,
899 1329 1112 1383 introduxerunt
1124 1343 1154 1383 se
1167 1329 1326 1398 inlquodam
1340 1331 1447 1399 angulo

208 1431 356 1496 speluncae
369 1442 469 1495 propre
482 1428 592 1481 ostium.
604 1430 670 1480 Nam
683 1433 747 1481 ante
768 1441 817 1480 eos
835 1429 892 1494 jam
913 1428 959 1481 alil
979 1433 1084 1495 septem
1103 1429 1153 1482 viri
1174 1428 1315 1482 christiani
1333 1429 1447 1484 occulte
1465 1433 1486 1484 lt

208 1527 305 1581 orandi
317 1526 402 1594 gralia
415 1526 517 1578 ibidem
530 1524 713 1588 advenerant,
727 1531 755 1577 et
766 1529 796 1577 ut
818 1538 834 1578 a
852 1530 946 1578 sancto
963 1538 1030 1578 sene
1052 1526 1166 1579 verbum
1188 1526 1283 1579 salutis
1302 1526 1446 1584 audirent.

208 1637 330 1701 Cumque
340 1634 377 1686 ibi
390 1633 588 1700 aliquantisper
601 1631 652 1684 sub
666 1632 776 1684 silentio
789 1638 963 1685 morarentur
981 1632 1206 1699 obscuritateque
1230 1633 1282 1687 loel
1300 1638 1448 1701 tamquam

209 1733 303 1786 brivae
318 1733 404 1786 noctis
424 1732 547 1785 tenebris
558 1736 726 1799 tegerentur,
739 1732 827 1797 coepit
836 1731 911 1798 loqui
924 1746 1007 1785 senex
1019 1733 1052 1785 lis
1066 1733 1112 1800 qui
1125 1746 1216 1786 coram
1229 1745 1259 1786 se
1279 1733 1397 1787 aderant
1418 1739 1450 1789 et

210 1825 413 1899 euangelizabet
425 1831 478 1882 illis
491 1831 628 1897 quomodo
641 1831 758 1884 verbum
771 1844 835 1884 caro
848 1832 949 1885 laetum
967 1837 1008 1885 est
1019 1837 1045 1885 et
1055 1832 1186 1885 habitavit
1195 1831 1226 1885 in
1236 1833 1325 1894 nobis,
1337 1839 1364 1887 el
1377 1847 1449 1900 quo·

209 1928 290 1983 modo
301 1929 374 1982 idem
387 1928 432 1981 bei
446 1929 529 1980 iilius
540 1941 555 1980 a
567 1930 692 1981 iohanne
705 1928 733 1981 in
753 1929 872 1982 iordane
892 1929 1043 1995 baptizatus
1055 1935 1105 1995 est,
1116 1936 1144 1983 et
1163 1930 1302 1997 quomodo
1321 1932 1445 1998 Spiritus
1467 1936 1486 1985 ll

211 2034 322 2081 sanctus
332 2028 360 2081 in
373 2028 518 2082 columbae
530 2028 622 2094 specie
633 2040 716 2094 super
727 2027 846 2082 eundem
859 2029 1024 2095 baptizatum
1034 2029 1186 2095 descendit,
1197 2029 1372 2097 etquomodo
1381 2044 1450 2098 qua·

208 2127 332 2195 draginta
349 2127 448 2180 diebus
460 2139 491 2180 ac
504 2129 631 2180 noctibus
641 2128 784 2194 jejunavit.
801 2129 887 2181 linita
899 2133 990 2181 autem
1003 2129 1154 2196 locutione,
1166 2129 1271 2182 dimisit
1283 2142 1331 2184 eos
1354 2142 1446 2185 senex

209 2241 277 2292 ase,
291 2227 425 2279 mandans
442 2226 482 2279 eis
503 2232 532 2279 ut
553 2231 633 2279 nocte
654 2228 778 2294 sequenti
802 2228 900 2281 lterum
922 2228 956 2280 ad
977 2228 1146 2282 audiendum
1166 2241 1230 2282 eum
1250 2229 1447 2284 convenirent.

210 2327 340 2379 Eriemnt
351 2339 415 2394 ergo
428 2326 617 2393 unusquisque
629 2339 678 2393 per
686 2326 857 2396 diverticula,
868 2327 1196 2381 neanimadverterentur
1206 2327 1242 2380 ibi
1256 2328 1345 2396 aliqua
1356 2329 1448 2384 ruisse

212 2424 354 2478 bominum
368 2425 487 2493 vestigia.
1466 2432 1486 2485 Ξ

247 2527 279 2578 4.
293 2527 422 2592 sequenti
435 2537 499 2578 vero
512 2530 591 2578 nocte
603 2539 685 2591 supra
698 2526 839 2579 memorati
858 2526 912 2579 duo
924 2526 985 2591 viri,
1008 2527 1035 2580 id
1056 2532 1096 2580 est
1116 2528 1278 2582 Lamamaclr
1299 2534 1328 2582 et
1339 2530 1447 2596 Zeplre·

215 2626 302 2694 quire,
314 2639 370 2678 una
382 2639 444 2678 eum
457 2625 563 2690 hospite
577 2639 627 2678 suo
639 2625 784 2690 {bachario
805 2625 948 2679 redierunt
967 2626 1000 2679 ad
1023 2628 1184 2693 speluncam
1206 2629 1234 2681 in
1257 2641 1309 2695 qua
1331 2635 1448 2684 sauctus

215 2736 298 2775 senex
311 2722 442 2789 latitabat,
455 2728 482 2775 et
496 2724 630 2777 intrantes
642 2723 791 2776 audierunt
802 2737 864 2777 eum
877 2723 911 2778 de
924 2726 1051 2790 passione
1075 2731 1103 2778 et
1123 2728 1285 2780 ascensione
1296 2727 1397 2780 Christi
1420 2733 1451 2782 et

215 2821 249 2875 de
261 2821 379 2876 adventu
391 2821 509 2887 Spiritus
521 2823 643 2888 paracliti
657 2835 740 2888 super
752 2822 902 2889 discipulos
915 2824 975 2890 eJ'us
986 2826 1080 2890 paucis
1093 2825 1183 2878 verbis
1206 2826 1399 2880 disserentem.
1413 2831 1450 2881 lit

213 2922 423 2974 cessaritautem
432 2921 517 2988 loqui,
526 2923 686 2975 Lamamaclr
695 2930 721 2974 et
733 2923 912 2989 zeplreguira‚
923 2924 1006 2977 corde
1016 2925 1182 2991 compuncti,
1193 2926 1450 2993 appropinquantes
1470 2931 1486 2982 i

213 3020 247 3072 ad
261 3034 334 3087 eum,
348 3025 555 3086 prostraverunt
568 3035 598 3073 se
611 3029 675 3074 ante
688 3022 770 3087 pedes
782 3024 842 3089 ejus
862 3027 890 3074 et
901 3023 1029 3075 dixerunt
1043 3040 1049 3074 :
1063 3025 1200 3089 Domine,
1222 3037 1397 3092 numquam
1415 3029 1449 3079 te

214 3120 360 3186 vidimus,
373 3120 428 3173 sed
440 3120 552 3173 credita
564 3120 643 3174 boma
656 3120 745 3188 sarna
757 3122 795 3175 dc
807 3125 844 3189 ie,
858 3122 1000 3176 venimus
1013 3136 1084 3177 cam
1097 3123 1221 3178 bomine
1244 3124 1303 3180 isto
1320 3123 1446 3192 bospite

214 3221 320 3273 aestro
334 3219 504 3287 Meclaria,
519 3220 574 3286 qai
585 3222 686 3273 maiia
699 3220 777 3274 boae
797 3223 909 3274 retulit
931 3221 1019 3276 aobis
1036 3223 1074 3277 de
1095 3224 1132 3290 te,
1155 3226 1190 3274 ut
1210 3223 1397 3276 audiremus
1418 3225 1451 3276 et

216 3319 392 3373 videremus
405 3322 441 3372 te.
456 3320 519 3373 Nos
540 3324 645 3373 autem
663 3334 835 3387 numquam
856 3323 938 3375 talia
958 3321 995 3376 ab
1016 3323 1123 3389 atiquo
1145 3323 1259 3390 qualia
1280 3336 1300 3377 a
1313 3325 1342 3376 te
1353 3323 1448 3377 modo

215 3417 406 3471 audivimas.
432 3418 513 3471 Unde
532 3418 562 3471 si
581 3432 656 3472 vera
675 3422 752 3472 seret
775 3432 852 3486 qaae
868 3422 1035 3489 proponis,
1060 3421 1168 3476 indica
1188 3421 1276 3476 mobis
1294 3421 1486 3489 quomodo&

216 3519 321 3570 vivere
332 3516 494 3570 debeamus
507 3520 540 3570 et
552 3519 635 3571 salvi
646 3532 711 3571 esse
717 3520 887 3585 pessimas.
902 3522 943 3572 lit
963 3534 1028 3589 ergo
1049 3535 1134 3574 senex
1146 3520 1181 3574 ad
1194 3521 1257 3574 illos
1270 3536 1277 3573 z
1295 3521 1369 3576 θιιιιι
1381 3520 1452 3574 dis·

217 3616 371 3670 cesseritis
390 3614 463 3669 binc
478 3616 682 3684 Parisiosque
699 3618 917 3685 pamerreritis,
942 3620 1108 3687 loquimini
1127 3620 1169 3674 ad
1186 3620 1346 3674 diaconem
1364 3619 1451 3674 Vale·

217 3717 302 3769 riam
313 3718 518 3784 Flaviumque
529 3719 730 3783 sacerdotem,
741 3732 815 3785 qaas
828 3719 941 3773 ibidem
954 3720 1127 3787 invenietis,
1137 3723 1229 3775 sedet
1242 3720 1452 3774 Adventimim

212 3815 318 3882 petite,
333 3815 490 3882 quiescam
502 3829 609 3869 errares
630 3816 717 3869 urbis
728 3817 879 3870 celiniam
903 3818 990 3872 babet
1012 3822 1041 3872 et
1060 3821 1094 3871 ia
1112 3819 1168 3872 Dei
1188 3818 1317 3873 servitio
1327 3818 1451 3886 jupiter

213 3914 470 3981 perseveratlsti
478 3914 887 3982 tres,piarimisvirtatibus
899 3917 1064 3985 susipeces,
1075 3919 1189 3972 mattos
1199 3918 1236 3990 de
1247 3917 1452 3986 errorefatsi·
1470 3922 1486 3972 ὅ

218 4012 294 4065 tatis
304 4012 522 4066 abstractosod
528 4013 613 4066 viem
623 4015 766 4067 ueritatis
773 4015 977 4069 redemerant.
988 4017 1101 4075 Quibus
1108 4017 1138 4070 si
1144 4016 1450 4086 crederemiueritis‚

218 4114 453 4178 etpeecalmmm
465 4114 639 4165 vestrorum
652 4112 916 4180 iactaelpeietiamet
926 4116 1024 4168 vitam
1033 4115 1207 4170 obtinebitis
1216 4115 1451 4182 sempiternam.

218 4212 264 4263 llis
276 4209 386 4275 auditis,
400 4210 517 4263 parisius
530 4216 706 4277 revertentes,
721 4213 835 4266 sollicite
848 4227 989 4268 servorum
999 4216 1046 4268 llei
1055 4215 1209 4268 habitacula
1222 4212 1421 4287 requisierunt.
1430 4217 1461 4282 ΑΛ

221 4310 320 4376 quibus
332 4310 413 4361 etiam
426 4309 551 4376 dogmate
560 4312 724 4365 christianae
737 4312 799 4365 lldei
822 4312 988 4366 sufficienter
1009 4315 1105 4367 imbuti
1127 4314 1256 4380 tuumque
1276 4313 1346 4366 sacri
1363 4313 1451 4381 bapti·

222 4409 314 4460 smatis
327 4409 356 4460 in
368 4409 479 4461 nomine
489 4415 600 4465 sauctae
612 4412 750 4464 Trinitatis
762 4412 856 4472 abluti,
871 4427 942 4465 unus
955 4427 1060 4476 eorum,
1075 4414 1178 4466 scilicet
1187 4413 1360 4479 Lamamaelr,
1383 4414 1452 4466 Feli·
1470 4417 1486 4468 l

222 4509 280 4561 cius
291 4513 402 4561 vocatus
416 4513 465 4574 est,
487 4510 555 4562 alter
567 4525 642 4575 vero,
657 4511 683 4563 id
696 4519 736 4564 est
749 4513 925 4580 Zeplreguira,
945 4515 1087 4566 llarcellus
1107 4520 1150 4567 est
1171 4513 1333 4580 appellatus.
1347 4515 1454 4578 Quibus

223 4622 333 4676 quoque
346 4616 450 4675 septem
462 4610 513 4664 viri
525 4611 560 4664 de
582 4613 769 4678 compatriotis
790 4613 856 4679 suis,
878 4601 948 4680 quos
968 4626 1062 4667 secum
1082 4614 1262 4681 adduxerant,
1284 4613 1456 4670 christianae
